2483 3616
237 179 345 235 720

711 162 771 219 P.
846 154 1263 218 OVIDII
1335 156 1866 214 NASONIS

543 278 809 334 Primitias
834 277 1049 346 frugum
1073 271 1232 333 dant,
1267 270 1441 343 spicea
1464 272 1626 338 serta,
1661 275 1897 329 suarum:

542 355 749 423 Perque
775 366 971 403 novem
995 343 1177 400 noeies
1209 342 1512 408 Venerem,
1551 346 1824 420 taetusque
1850 346 2028 401 viriles

396 443 498 496 435
534 424 591 480 In
615 423 791 477 vetitis
817 431 1111 475 numerant.
1153 415 1306 470 turba
1333 417 1628 472 Cenchreis
1655 419 1706 472 in
1733 422 1819 473 illa

539 496 709 567 Regis
738 493 879 547 abest
903 491 1122 563 conjux:
1163 506 1456 561 arcanaque
1480 489 1620 542 sacra
1645 489 1965 563 frequentat.

541 569 692 639 Ergo
717 567 953 639 legitima
976 580 1169 619 vacuus
1195 561 1327 614 dum
1353 559 1582 631 conjuge
1608 561 1773 617 leetus
1795 587 1809 625 ;

534 642 699 697 Nacta
728 657 943 710 gravem
968 639 1095 691 vino
1120 634 1377 706 Cinyram
1400 635 1535 686 male
1560 633 1738 686 sedula
1760 637 1971 699 nutrix,

541 714 776 768 Nomine
805 712 1064 772 mentito,
1102 724 1258 761 veros
1282 706 1504 778 exponit
1532 723 1766 761 amores:

399 806 502 861 440
542 786 612 840 Et
639 786 830 839 faciem
856 785 1048 838 laudat.
1090 778 1335 854 quaesitis
1367 779 1584 851 virginis
1608 779 1786 843 anniS,

542 859 644 913 Par
662 898 676 921 ,
718 859 820 919 ait,
862 857 936 909 est
959 855 1243 927 Myrrhae:
1286 870 1448 924 quam
1477 853 1755 926 postquam
1779 851 2052 909 adducere
2074 851 2203 924 jussa
2230 855 2335 922 est,

541 931 726 1002 thue
752 929 977 984 domum
1003 927 1193 989 rediit;
1233 924 1430 980 Gaude
1458 944 1605 990 mea,
1641 926 1808 993 dixit,
1848 927 2084 981 alumna:

543 1003 807 1060 Vicimus.
846 1002 1031 1056 infelix
1058 1019 1169 1055 non
1193 1014 1314 1053 toto
1341 1017 1571 1072 corpore
1595 999 1751 1053 sentit

538 1076 829 1132 Laetitiam
854 1075 1037 1146 virgo3
1077 1074 1430 1145 praesagaque
1455 1072 1670 1145 pefitora
1699 1086 1962 1129 moerent.

399 1170 499 1225 445
537 1150 643 1204 Sed
669 1164 850 1203 tamen
875 1148 927 1201 ἃ
958 1148 1170 1220 gaudet.
1212 1160 1355 1200 tanta
1380 1144 1455 1199 est
1484 1145 1749 1200 discordia
1776 1146 1985 1201 mentis,

540 1223 787 1297 Tempus
812 1235 923 1277 erat
940 1261 955 1287 ,
993 1239 1104 1296 quo
1131 1220 1323 1275 cuneta
1347 1218 1528 1283 silent;
1569 1219 1821 1293 interque
1849 1219 2089 1274 Triones

252 1429 351 1468 sacra
375 1427 517 1466 Cereris
538 1424 763 1476 appellantur
778 1454 788 1470 ,
824 1435 919 1475 quae
939 1422 1091 1473 quidem
1120 1430 1220 1461 tanta
1244 1433 1305 1461 ca-

253 1481 371 1518 stitate
393 1491 455 1528 per
476 1478 605 1516 decem
631 1477 706 1515 dies
733 1479 799 1521 (ut
822 1476 938 1514 scribit
961 1474 1180 1522 Diodorus)
1211 1473 1306 1511 cele-

255 1531 449 1568 brabantur
463 1558 472 1574 ‚
501 1538 637 1578 quanta
659 1528 802 1565 inventi
822 1526 999 1565 frumenti
1019 1526 1160 1563 donum
1185 1524 1308 1573 postu-

250 1582 358 1620 labat.
414 1581 517 1618 Sacra
536 1590 660 1618 autern
683 1579 826 1616 Cereris
846 1590 931 1615 cum
953 1576 1186 1625 Proserpinae
1205 1575 1308 1614 sacri·

251 1632 344 1670 ficiis
364 1629 568 1670 confudiffe
588 1632 733 1668 videtur
750 1632 873 1678 po'e'ta.
927 1629 1051 1664 Cereri
1074 1638 1236 1677 namque
1256 1626 1310 1665 sa-

255 1683 463 1720 crificabant
493 1681 619 1730 prisci,
648 1681 855 1728 decemque
887 1679 963 1717 dies
990 1678 1098 1716 festos
1128 1678 1306 1727 agebant,

254 1733 341 1771 cum
372 1733 496 1771 semen
530 1733 566 1770 in
598 1740 730 1769 terram
747 1731 971 1781 jaetabatur,
999 1729 1130 1778 quibus
1152 1728 1303 1779 quidem

258 1784 387 1822 diebus
406 1783 585 1822 conviciis
606 1783 768 1820 invicem
791 1782 843 1819 uti
858 1780 1107 1824 consuevere,
1134 1781 1184 1818 uti
1201 1780 1305 1818 Deae

255 1834 388 1878 dolor,
409 1847 452 1872 ex
472 1833 566 1871 filiae
587 1842 690 1882 raptu
715 1841 916 1880 conceptus
933 1831 1020 1873 ,risu
1037 1842 1079 1868 ac
1102 1831 1300 1868 verborum

256 1885 470 1924 scurrilitate
513 1884 753 1932 mitigaretur.
805 1883 1039 1930 Proserpinae
1068 1881 1159 1919 vero
1189 1882 1307 1920 meffis

257 1945 429 1985 tempore
451 1935 545 1973 sacra
566 1935 748 1973 faciebant
762 1962 772 1979 ‚
799 1945 876 1983 quo
895 1932 1047 1982 quidem
1061 1942 1231 1982 tempore
1244 1946 1308 1972 co-

256 1999 365 2025 ronas
404 1987 536 2035 spiceas
579 1998 624 2023 ex
658 1986 805 2034 frugum
858 1984 1026 2033 primitiis
1064 1984 1169 2022 Deae
1206 1984 1308 2022 dica-

258 2038 356 2076 bant.
387 2039 556 2074 Rmms.
593 2037 648 2074 Ex
669 2035 901 2086 sequentibus
930 2034 969 2072 fit
996 2035 1229 2073 manifestum
1262 2036 1308 2073 de

258 2088 591 2137 Thesmophoriis‚
620 2099 698 2124 non
719 2088 764 2124 de
790 2085 977 2124 Eleusiniis
998 2086 1089 2122 haec
1112 2084 1182 2123 effe
1203 2087 1311 2123 intel-

257 2138 425 2187 ligenda,
464 2150 559 2188 quae
588 2137 664 2175 duo
686 2138 772 2175 festa
792 2148 982 2185 perperam
1003 2137 1116 2185 vulgo
1150 2137 1310 2174 confun-

259 2190 418 2235 duntur,
447 2191 557 2227 etiam
587 2187 607 2225 a
635 2188 865 2237 scriptoribus
897 2188 1065 2236 antiquis.
1120 2186 1310 2225 Thesmo-

257 2241 388 2289 phoria
414 2240 595 2278 moeroris
618 2240 725 2288 plena
757 2237 776 2276 a
800 2238 881 2276 solis
905 2238 1095 2283 faeminis,
1126 2238 1309 2276 Eleusinia

258 2292 430 2330 hilaritati
448 2291 530 2329 data
548 2289 568 2327 a
590 2291 675 2328 viris
688 2289 982 2328 celebrabantur:
1010 2288 1069 2326 illa
1087 2289 1311 2339 Pyanepfio-

259 2353 309 2380 ne
329 2371 339 2387 ‚
368 2344 430 2391 qui
454 2341 722 2391 Septembris&
736 2341 910 2378 Octobris
932 2349 1072 2389 partem
1094 2340 1312 2389 occupabat,

260 2392 353 2431 haec
381 2393 661 2431 Bo'e'dromione
686 2420 697 2438 ,
733 2393 797 2441 qui
825 2390 1119 2441 Pyanepfionem
1140 2392 1312 2440 proxime

261 2445 510 2490 praecedebat.
522 2455 750 2493 quamquam
771 2442 1311 2480 nonnuiliMaemaeterionem

265 2495 360 2530 inter
381 2495 472 2532 duos
494 2495 574 2531 illos
597 2495 736 2532 menses
759 2494 927 2531 medium
950 2492 1188 2530 constituunt.
1237 2494 1313 2530 Ex-

267 2543 357 2580 stant
408 2546 611 2582 etiamnum
663 2542 1011 2591 Θεσμοφοριάζουσκι
1061 2544 1315 2593 Aristophanis

267 2594 477 2631 comoedia.
510 2595 720 2632 Heiusms.
749 2597 884 2645 Neque
897 2594 1222 2644 Thesmophoria,
1245 2606 1312 2632 ne-

267 2655 341 2690 que
361 2644 540 2682 Eleusinia
564 2646 622 2681 hic
643 2646 680 2681 in
709 2647 836 2683 animo
862 2644 1022 2683 habuiffe
1052 2647 1207 2683 Poe'tam
1234 2657 1311 2683 cre-

268 2694 319 2731 do
336 2722 345 2737 ,
373 2694 430 2731 scd
450 2694 578 2731 festum
593 2696 714 2732 Cereri
726 2695 862 2732 sacrum
879 2724 888 2739 ‚
902 2697 1004 2744 quod
1017 2698 1055 2734 in
1074 2697 1232 2734 Oriente
1251 2708 1309 2734 ce-

266 2744 463 2782 lebrabant.
490 2755 574 2780 narn
598 2745 635 2781 in
660 2744 966 2792 Thesmophoriis
985 2755 1054 2783 tres
1077 2747 1206 2785 noftes
1228 2759 1312 2784 mo-

269 2794 319 2833 do
341 2806 429 2844 pure
456 2795 491 2831 se
518 2795 698 2831 habebant
730 2805 939 2837 matronae,
969 2808 1091 2843 neque
1122 2798 1167 2835 de
1187 2798 1314 2845 primi·

267 2847 326 2884 tiis
356 2845 483 2883 oblatis
513 2844 713 2893 quidquam
743 2847 893 2892 repperi.
922 2846 1004 2882 vide
1028 2847 1179 2883 Meurfii
1209 2847 1315 2885 Lec‘l.

271 2898 353 2934 Att.
379 2896 441 2934 lib.
452 2907 487 2932 v.
509 2906 609 2932 c.21.
640 2896 677 2931 ἃ
707 2894 899 2931 Graeciam
923 2895 1101 2932 Feriatani
1124 2898 1160 2932 iii
1181 2901 1316 2939 Θεσμο-

271 2947 401 2995 Φόρια,
431 2946 491 2984 ubi
510 2944 688 2988 ostendit,
717 2945 774 2982 illa
792 2944 895 2992 saepe
915 2956 1000 2981 cum
1024 2945 1213 2982 Eleusiniis
1225 2958 1314 2983 con—

269 2998 400 3042 fundi,
426 2996 486 3034 sed
514 3007 719 3044 numquam
748 2996 838 3032 haec
864 2994 994 3032 Ovidii
1014 2995 1122 3031 verba
1143 2995 1316 3040 adduxit,

268 3060 392 3098 neque
432 3047 469 3084 in
506 3046 843 3094 Thesmophoriis‚
880 3057 1001 3094 neque
1031 3046 1068 3082 in
1100 3044 1315 3090 Eleufiiiiis5

271 3099 373 3151 quod
395 3096 538 3135 admisit
562 3097 793 3135 Castellanus.
818 3096 949 3134 Euam.

320 3162 405 3198 432.
433 3154 581 3197 Corpora
599 3147 724 3197 veste.]
753 3148 907 3184 Mallem
922 3158 1004 3184 cum
1022 3145 1232 3185 Genevensi
1254 3158 1319 3185 co-

271 3201 352 3240 dice
367 3228 377 3245 ‚
405 3208 555 3248 tempora
575 3198 696 3242 vittd;
716 3200 784 3236 hae
804 3199 902 3235 enim
925 3198 961 3234 in
985 3197 1113 3246 capite.
1168 3194 1171 3196 ’

271 3301 297 3341 b
323 3262 416 3338 431..1
435 3252 620 3301 labensque
641 3247 841 3300 virorum]
899 3248 1018 3289 viriles
1041 3260 1125 3289 cum
1155 3248 1320 3290 meliori·

300 3312 351 3341 us.
421 3311 524 3339 ems.

2215 1289 2257 1345 F
2260 1291 2402 1349 lexe-

1411 1432 1497 1471 435.
1525 1420 1644 1459 Turba
1674 1420 1833 1472 Cinyreis
1853 1421 1892 1459 in
1921 1419 1986 1458 illa
2007 1419 2102 1468 Regis
2122 1417 2214 1465 adest
2234 1419 2364 1469 conjux.
2383 1417 2403 1472 ]

1364 1473 1544 1518 Cencreis,
1573 1474 1631 1510 vel
1652 1473 1835 1510 Cenchreis
1855 1472 2088 1510 Florentinus
2108 1470 2140 1508 S.
2153 1471 2294 1513 Marci,
2321 1469 2406 1509 Ber-

1364 1536 1511 1573 negger.
1550 1524 1696 1573 Neapol
1739 1524 1947 1571 cantabrig.
1978 1523 2106 1559 Oxon.
2140 1522 2247 1569 prim.
2279 1523 2315 1559 &
2338 1521 2406 1560 sec.

1364 1576 1474 1613 Palat.
1495 1575 1628 1624 aliique
1652 1575 1870 1624 complures.
1899 1573 2010 1612 reete.
2036 1571 2114 1622 quo
2134 1572 2298 1610 alludunt
2313 1583 2408 1610 non-

1364 1626 1478 1671 nulli,
1515 1627 1551 1664 in
1585 1626 1716 1675 quibus
1737 1655 1747 1671 ‚
1777 1626 1944 1663 cenereis.
1997 1623 2142 1661 Auctor
2171 1631 2409 1672 argumento&

1363 1690 1443 1715 rum
1466 1678 1502 1714 in
1527 1677 1847 1726 Metamorphoses
1862 1705 1871 1720 ,
1901 1674 2091 1724 Myrrham
2105 1673 2408 1721 cinyraewcen-

1365 1728 1511 1765 clareidis
1530 1727 1650 1775 filiam
1681 1729 1778 1766 facit.
1831 1728 2006 1784 Hyginus
2024 1725 2107 1763 Fab.
2128 1737 2262 1762 [vni.
2290 1730 2410 1773 Smyr-

1363 1792 1410 1816 na
1439 1779 1590 1827 Cinyrae
1628 1778 1846 1827 Assyriorum
1875 1790 1958 1827 regts
1985 1788 2028 1817 (9¹
2068 1775 2288 1813 Cenchreidis
2317 1774 2408 1821 fiIIa.
2482 1769 2483 1777 ἵ

1362 1829 1617 1878 Apollodorus
1647 1831 1886 1868 Metharmen
1915 1827 2163 1878 Pygmalionis
2183 1826 2408 1876 Cypriorum
2482 1834 2483 1840 ¹

1363 1882 1455 1930 regis
1485 1879 1596 1918 filiam
1629 1882 1663 1918 ei
1694 1893 1850 1918 uxorem
1883 1879 2056 1928 assignat,
2085 1890 2129 1916 ex
2151 1889 2235 1937 xqua
2255 1876 2408 1915 Adonin

1362 1933 1557 1981 pluresque
1575 1931 1708 1970 liberos
1728 1932 1907 1980 genuerit.
1936 1931 2134 1968 Foeminas
2149 1940 2169 1965 a
2193 1927 2330 1966 maritis
2340 1939 2409 1965 no·
2482 1973 2483 1980 ἵ

1363 1995 1450 2020 men
1487 1989 1669 2020 mutuatas
1690 1983 1756 2020 rari
1779 1981 1939 2029 exempli
1964 1981 2012 2018 est
2027 2009 2036 2024 ,
2057 1980 2188 2018 liberos
2212 1977 2233 2016 a
2253 1978 2408 2028 parenti·¹

1363 2034 1443 2078 bus,
1457 2033 1627 2071 obvium.
1653 2033 1861 2070 emendain
1873 2031 2072 2070 transcursu
2106 2030 2251 2068 Festum
2273 2028 2410 2078 Avien.
2482 2034 2483 2070 J

1363 2085 1623 2132 Descriptione
1647 2083 1757 2121 Orbis
1778 2083 1833 2126 ybs.
1859 2094 1965 2120 1111.

1491 2135 1690 2183 Prorumpit
1710 2133 1894 2182 lacrymoso
1906 2132 2021 2182 stipite
2044 2129 2221 2180 Myrrha,

1416 2188 1572 2235 Adyrrha
1584 2188 1687 2233 furor
1709 2185 1886 2234 quondam
1907 2184 2102 2232 Cinyreius.

1364 2237 1437 2275 Pro
1456 2237 1547 2285 adest
1568 2237 1693 2274 malim
1708 2264 1717 2280 ,
1745 2235 1832 2282 abest
1855 2246 1940 2272 cum
1960 2236 2082 2283 primo
2093 2232 2411 2272 Palatino&Rot-'

1366 2288 1651 2335 tendorphiano.
1687 2288 1792 2335 prim.
1825 2287 1998 2324 Gronov.
2027 2286 2133 2333 prim.
2156 2285 2248 2333 Reg.
2270 2285 2308 2322 ὃς
2334 2284 2410 2322 duo

1368 2339 1451 2384 alii,
1469 2338 1555 2377 abit.
1583 2339 1650 2376 sec.
1670 2337 1742 2375 Pal.
1765 2338 1801 2375 ὅ(
1825 2337 1954 2375 Oxon.
1973 2335 2116 2373 turbam
2137 2334 2175 2372 in
2203 2335 2306 2372 illam
2327 2333 2415 2374 abit.

1369 2391 1583 2428 Hsmmus.

1420 2453 1504 2490 439.
1535 2438 1723 2490 mentito]
1756 2445 1898 2476 Mutato
1919 2437 2020 2475 Basil.
2040 2436 2114 2474 vid.
2139 2435 2226 2485 supr.
2253 2435 2310 2479 Jl's.
2330 2434 2389 2473 28.

1419 2505 1502 2538 441.
1531 2491 1726 2530 Addume.
1749 2489 1765 2540 ]
1820 2496 1952 2527 Ducere
1972 2499 2075 2526 unus.
2109 2486 2291 2524 advertere
2318 2487 2412 2524 Gro—

1367 2554 1457 2581 nov.

1419 2605 1503 2643 443.
1534 2591 1730 2643 rihmar]
1764 2591 1941 2629 Vincimus
1976 2588 2143 2641 quidam.
2170 2588 2256 2627 vide
2282 2587 2340 2626 lib.
2358 2597 2410 2625 iv.

1370 2655 1500 2743 35:343.
1530 2701 1610 2731 Non
1643 2704 1711 2730 toto
1737 2696 1865 2743 pee‘t'ore
1894 2690 2052 2740 sentit.]
2109 2696 2250 2738 Corpore
2283 2689 2410 2727 Oxon.

1369 2755 1487 2794 quart.
1508 2745 1646 2782 Medic.
1666 2746 1703 2780 δε
1724 2753 1882 2791 quatuor
1905 2744 1973 2778 alii.
2002 2742 2107 2778 bene.
2135 2752 2220 2778 nam
2253 2740 2412 2790 sequitur

1371 2797 1541 2844 proxime
1556 2823 1564 2837 ‚
1587 2801 1816 2842 praesagaque
1833 2795 1974 2841 μείονα.
2005 2792 2149 2828 Hiems.

1423 2858 1506 2893 445.
1532 2845 1595 2881 Sed
1617 2855 1735 2880 tamen
1756 2855 1798 2882 cy
1813 2842 1978 2890 gaudem]
2010 2843 2173 2878 Gaudent
2194 2842 2259 2879 sec.
2274 2839 2410 2877 Medic.

1375 2898 1411 2934 ὅ(
1435 2898 1535 2933 alius.
1564 2895 1635 2931 Flet
1657 2906 1776 2930 tamen
1799 2894 1885 2930 alius
1908 2893 2045 2930 Medic.
2075 2893 2208 2936 Forte,
2238 2891 2333 2927 flens
2354 2900 2411 2925 ta-

1372 2960 1450 2983 men
1471 2958 1514 2986 <9⁶
1539 2945 1676 2994 gaudet.
1716 2944 1780 2981 nisi
1813 2944 1951 2987 mavis,
1981 2944 2032 2979 sic
2062 2955 2181 2980 tamen
2208 2953 2250 2980 w·
2271 2939 2412 2988 gaudet.

1374 2997 1443 3033 Sed
1465 2998 1616 3033 alterum
1641 2995 1802 3043 praestat.
1831 2996 1915 3031 Stat.
1941 2995 2064 3032 Theb.
2084 2993 2250 3037 xi1.426.
2288 2988 2412 3025 flebile

1373 3047 1515 3095 gavisus
1564 3046 1662 3083 idem
1706 3045 1842 3083 ibidem
1874 3046 1931 3088 ils.
1967 3058 2051 3096 793.
2074 3043 2226 3095 gaudent
2246 3039 2414 3078 lamenta.

1373 3097 1432 3134 lib.
1468 3110 1510 3134 11.
1541 3097 1626 3134 Silv.
1646 3109 1679 3133 v.
1705 3109 1762 3135 10.

1429 3150 1574 3196 {Quanto
1595 3159 1781 3184 manarent
1800 3148 1930 3196 gaudia
1945 3147 2042 3198 fletu.

1377 3198 1436 3236 Sic
1469 3198 1642 3247 lacrymae
1669 3199 1858 3246 gaudentes
1880 3199 1998 3236 eidem
2029 3193 2150 3233 Theb.
2174 3204 2244 3231 viI.
2265 3203 2347 3242 493.
2375 3191 2414 3230 &

1378 3249 1566 3298 lacrymosa
1592 3250 1722 3297 gaudia
1745 3250 1952 3288 Claudiano
1971 3247 2045 3284 Bel.
2063 3246 2147 3283 Get.
2171 3255 2255 3290 407.
2301 3244 2415 3281 inm.

1378 3302 1459 3351 Ego
1481 3300 1571 3340 iiiliil
1596 3309 1728 3340 muto:
1756 3302 1927 3351 frequens
1957 3298 2058 3340 enim
2079 3295 2158 3336 usus
2178 3295 2317 3335 illarum
2325 3303 2416 3382 tfcag:
