2483 3616
198 180 337 240 1026
661 168 724 227 P·

795 155 1208 222 OVIDII
1280 157 1818 219 NASONIS

491 282 779 344 Herculeis
804 277 1021 338 ssmiles,
1057 272 1256 328 fluidos
1282 273 1523 345 pendere
1544 276 1785 334 lacertos.

491 360 610 417 Flet
635 368 878 428 quoque,
920 362 978 403 ut
1003 348 1060 402 in
1082 346 1298 419 speculo
1325 363 1479 417 rugas
1505 347 1742 417 adspexit
1767 353 1959 417 aniles,

496 426 765 502 Tyndaris
793 441 805 477 ε
847 423 902 477 &
930 422 1140 484 secum,
1179 437 1274 474 cur
1303 418 1362 473 s1t
1388 418 1466 472 bis
1493 432 1639 491 rapta
1657 457 1672 482 ‚
1708 427 1947 496 requirit,

493 505 738 570 Tempus
766 495 904 551 edax
929 512 1138 557 rerum,
1174 505 1341 563 tuque
1367 492 1625 546 invidiosa
1653 496 1907 561 vetustam,

346 599 447 650 235
487 574 684 631 Omnia
707 568 974 626 destruitis
1002 587 1012 622 :
1054 567 1342 636 vitiataque
1371 564 1619 618 dentibus
1644 565 1760 619 aevi

494 645 771 705 Paullatim
797 643 940 696 lenta
967 637 1277 694 consumitis
1303 638 1481 693 omnia
1509 651 1700 692 morte.

492 721 651 778 Haec
676 733 894 790 quoque
924 731 1031 767 non
1059 710 1321 784 perstant,
1361 729 1497 783 quae
1522 728 1618 764 nos
1647 712 1910 766 elementa
1940 731 2207 777 vocamus.

494 795 749 869 Quasque
775 791 920 843 vices
944 799 1196 859 peragant
1241 785 1470 854 (animos
1496 784 1773 853 adhibete)
1800 784 2029 844 docebo.

772 994 942 1042 FAB.

1011 990 1112 1039 IV.
1181 990 1786 1049 ARGUMENTUM.

891 1158 907 1178 ⁹
940 1150 1185 1199 Elementa
1218 1151 1267 1198 in
1300 1151 1442 1200 varias
1476 1151 1660 1217 species.

277 1333 377 1397 Ipstr
409 1346 563 1397 quoque
597 1332 724 1377 initia
758 1337 940 1392 quatuor
961 1361 977 1388 ,
1023 1345 1074 1376 ex
1108 1328 1256 1390 quibus
1284 1337 1544 1391 generantur
1577 1329 1717 1375 omnia
1741 1359 1757 1388 ‚
1802 1326 2106 1390 transfigurari
2137 1324 2156 1352 ¹³
2187 1326 2368 1376 motibus

212 1556 325 1584 manu
353 1545 501 1595 Apuleji
522 1544 593 1583 effe
613 1542 861 1595 torofiffimum.
888 1542 937 1581 fic
961 1542 999 1581 in
1017 1542 1187 1592 Priapejis
1202 1552 1262 1594 pe-

212 1598 355 1646 e‘lorosm
379 1600 498 1635 Mars:

263 1667 372 1699 Nemo
391 1661 434 1709 est
447 1660 551 1708 feroci
568 1659 759 1711 pestorofior
777 1666 906 1698 Marte.

213 1725 337 1771 Torosa
360 1725 532 1772 juventus
559 1724 654 1771 apud
690 1724 847 1761 Persium
882 1724 996 1773 Satyr.
1020 1736 1085 1761 111.
1112 1723 1200 1761 hinc
1229 1723 1268 1761 δε

213 1775 351 1822 torosuli
375 1775 585 1824 Hieronym
622 1776 934 1822 inJovinianum:
968 1774 1271 1824 Formosulinostri

215 1835 260 1864 <9³
278 1825 440 1871 torosuli,
471 1838 617 1874 quorum
637 1826 744 1862 verba
771 1826 807 1862 in
825 1826 950 1874 pugnis
965 1827 1073 1873 sunt,
1103 1825 1267 1873 &Syllo-

213 1874 318 1923 gismi
339 1876 376 1911 in
401 1875 557 1912 calcibus.
584 1876 683 1914 idem
706 1877 772 1924 Ep.
795 1889 917 1913 van.
946 1876 1143 1924 Torosulum
1165 1888 1208 1916 ω’
1229 1877 1266 1913 in

209 1924 368 1974 fhrdibus
398 1926 584 1962 delicatum
613 1927 649 1963 in
671 1928 862 1965 Philoxeni
887 1927 1006 1976 gloffis
1030 1955 1038 1971 ,
1079 1927 1267 1975 torosulus,

217 1975 236 2012 ὃ
268 1974 303 2011 ἐν
332 1977 443 2021 μίκρῳ
471 1979 614 2021 mex-5240
654 1978 753 2013 nodos
786 1979 958 2015 Herculis
987 1990 1053 2026 pro
1084 1980 1173 2016 toris
1203 1990 1269 2027 po-

215 2024 318 2063 suiffe
350 2025 493 2064 videtur
522 2027 681 2064 Rutilius
714 2028 751 2065 in
781 2028 972 2065 Itinerario
997 2056 1008 2073 ‚
1047 2028 1109 2066 ubi
1129 2028 1203 2078 agit
1224 2029 1271 2067 de

217 2076 325 2124 Apro
349 2089 356 2112 :

267 2138 383 2185 Qem
405 2137 588 2187 Meleagrei
610 2147 798 2175 vereantur
822 2138 920 2175 adire
937 2139 1080 2185 lacerti,

319 2189 395 2236 §Qui
413 2188 507 2237 laffet
531 2189 632 2228 nodos
653 2189 1004 2238 Amphitryoniadae.

217 2252 267 2291 fic
288 2253 403 2292 scribo
419 2282 427 2297 ‚
456 2265 532 2292 non
556 2255 662 2293 laxet.
690 2254 810 2293 nodos
833 2264 960 2293 tamen
981 2266 1048 2302 pro
1072 2253 1272 2293 constrictis

217 2303 372 2343 brachiis
402 2305 572 2343 Herculis
601 2307 648 2343 ibi
683 2307 773 2355 poni
795 2306 1036 2344 verosimilius
1059 2333 1069 2350 ,
1108 2317 1272 2355 quomo-

219 2354 270 2392 do
294 2355 338 2393 ab
360 2355 424 2393 illo
447 2358 612 2395 Antaeus
632 2357 671 2394 δε
692 2357 776 2394 Leo
800 2357 873 2394 elifi
885 2369 926 2395 ac
937 2356 1116 2394 suffocati.
1149 2356 1194 2393 de
1205 2368 1273 2394 no-

222 2405 275 2443 dis
304 2406 476 2444 Herculis
513 2407 701 2445 Antaeum
735 2409 922 2446 enecantis
952 2407 1028 2446 fuse
1057 2408 1273 2445 Gronovius

220 2456 342 2493 noster
374 2458 526 2495 Diatrib.
558 2458 730 2495 Statiana.
762 2470 838 2507 cap.
865 2470 950 2496 xxx.
976 2458 1034 2496 sed
1067 2459 1173 2496 nimii
1192 2459 1270 2508 jam

221 2505 345 2544 sumus
375 2509 411 2544 in
443 2520 480 2545 re
504 2509 703 2546 manifesta.
734 2510 878 2547 Heius.
906 2510 1122 2546 Gronovius
1143 2509 1187 2546 ad
1210 2510 1274 2546 Se-

222 2566 304 2593 nec.
335 2558 447 2596 Herc.
476 2558 558 2596 Fur.
581 2560 664 2605 624.
693 2560 816 2597 laudat
843 2562 938 2598 hanc
968 2560 1112 2597 Heinsii
1143 2571 1272 2597 emen-

224 2605 438 2660 dat-ionem,
468 2621 544 2646 non
573 2618 699 2648 tamen
724 2611 880 2648 Nasonis
909 2610 978 2648 effe
999 2620 1125 2658 putat,
1152 2611 1274 2647 inanes

218 2653 357 2712 fluidos,
367 2657 518 2696 lacertos.
547 2672 658 2709 quare
670 2662 833 2699 tentabat
846 2689 857 2706 ,
887 2674 963 2698 cum
972 2663 1098 2709 speblat
1111 2662 1148 2697 in
1159 2674 1274 2699 amne.

224 2705 316 2742 dum
341 2711 433 2762 torte
452 2712 669 2755 praeteriens
691 2712 738 2749 ibi
762 2712 796 2749 se
810 2713 1105 2760 contemplatur,
1132 2721 1170 2749 ut
1184 2724 1274 2748 mox

226 2755 446 2812 Helenahin
476 2758 634 2805 speculo.
662 2762 721 2799 sed
749 2763 835 2800 huic
854 2764 968 2800 obstat
993 2763 1274 2806 emendationi,

225 2806 331 2856 quod
353 2806 487 2844 Cicero
507 2808 551 2843 de
575 2810 718 2848 Senect.
741 2823 818 2859 cap.
840 2825 877 2858 9.
898 2823 1039 2857 narret,
1070 2814 1274 2857 Milonem,

226 2856 380 2894 athletas
411 2857 446 2893 in
478 2859 656 2895 curriculo
687 2861 720 2896 se
740 2871 950 2898 exercentes
969 2864 1183 2905 videntem,
1213 2864 1275 2900 ad-

225 2906 374 2956 spexiffe
404 2907 558 2944 lacertos
590 2909 670 2945 suos
700 2911 999 2954 &illacriinasse‚
1028 2911 1104 2960 quo
1124 2913 1277 2958 respice-

225 2971 265 2996 re
280 2958 466 2995 Nasonem
487 2958 718 2995 manifestum
734 2959 781 2995 est
798 2988 804 3000 ,
821 2962 855 2996 ἃς
872 2962 956 2997 ideo
970 2961 1275 3008 Herculeisfimiles

226 3009 328 3053 dicit,
350 3019 524 3045 renovata
544 3009 714 3045 Herculis
733 3010 892 3057 imagine
917 3013 952 3047 &
973 3013 1170 3053 memoria,
1187 3014 1273 3060 quia

227 3060 288 3097 ille
310 3060 353 3096 ab
376 3059 517 3095 athletis
541 3059 749 3104 colebatur,
778 3061 812 3096 ὅ(
835 3061 911 3108 ejus
936 3060 1070 3098 statuae
1090 3063 1126 3098 in
1153 3062 1272 3109 Gym-

228 3109 333 3147 nasiis
354 3120 454 3146 erant
481 3108 642 3158 positae,
665 3118 703 3146 ut
724 3121 869 3147 notum.
900 3113 1148 3159 Quaretutius
1161 3112 1275 3149 estni-

224 3161 275 3196 hil
317 3170 458 3197 mutare
481 3188 496 3204 ,.
531 3171 614 3197 cum
657 3173 724 3197 nec
760 3161 919 3198 Ovidius
950 3174 1017 3198 nec
1052 3162 1109 3198 alii
1139 3163 1276 3199 Poetae

232 3210 372 3257 semper
395 3220 467 3247 tam
492 3211 598 3248 anxie
620 3211 854 3248 custodierint
874 3214 991 3260 legem
1014 3225 1031 3249 a
1055 3214 1280 3251 Grammati-

233 3261 279 3295 cis
310 3261 443 3297 dietam
462 3289 470 3304 ,
501 3273 547 3298 ne
578 3261 653 3298 duo
685 3263 855 3309 Epitlieta
891 3266 953 3300 tini
976 3264 1194 3304 substantivo
1214 3264 1277 3303 ad-

231 3309 371 3349 dantur,
399 3312 446 3348 ita
466 3313 501 3349 &c
526 3312 657 3351 Noster
675 3313 735 3352 1212.
760 3325 812 3352 iv.
833 3313 920 3351 Fast.
942 3325 1025 3364 331.

2243 1393 2339 1454 suis
2355 1407 2372 1438 5

1370 1543 1438 1582 Illa
1449 1544 1671 1593 fhporiferum
1685 1573 1695 1589 ,
1718 1553 1848 1594 parvos
1868 1543 2004 1581 initura
2021 1552 2182 1593 penates,

1423 1595 1562 1644 Colligit
1584 1597 1703 1644 agresti
1724 1596 1796 1633 lene
1810 1605 1965 1645 papaver
1984 1594 2101 1632 humo.

1319 1646 1395 1684 vid.
1425 1648 1462 1684 ἃ
1492 1647 1550 1684 lib.
1574 1659 1644 1685 vit.
1666 1659 1733 1693 271
1759 1648 1796 1685 ὅ(
1819 1658 1900 1691 272.
1928 1646 1974 1684 fic
1996 1647 2033 1684 &
2060 1645 2223 1683 Catullus
2245 1644 2373 1694 EpithJ

1321 1698 1398 1736 Th.
1418 1697 1470 1740 sss.
1489 1697 1571 1746 378.
1604 1698 1728 1735 Anxia
1741 1697 1861 1745 moesta
1874 1707 1998 1735 mater.
2020 1698 2080 1734 ubi
2095 1696 2178 1733 vide
2192 1695 2373 1733 Pafferatii

1321 1756 1440 1786 notas.
1467 1749 1526 1786 sed
1555 1749 1696 1797 plenius
1729 1749 1774 1786 de
1807 1749 1873 1786 illis
1903 1750 1977 1797 egit
2004 1748 2167 1796 optimus
2198 1747 2371 1784 Poeticae

1323 1800 1527 1848 elegantiae
1547 1800 1678 1838 arbiter
1700 1799 1949 1839 Broukhufius
1968 1799 2013 1836 ad
2035 1798 2161 1836 Tibul.
2183 1809 2246 1835 m.
2269 1797 2374 1845 Eleg.

1324 1863 1359 1888 v.
1379 1863 1437 1888 22.
1464 1850 1596 1889 Burin.
2189 1850 2192 1855 ’

1381 1913 1464 1950 232.
1493 1908 1534 1938 Ut
1555 1905 1592 1940 in
1612 1902 1743 1951 speculo
1765 1913 1867 1951 rugas
1890 1900 2058 1948 conspexit
2073 1897 2219 1947 aniles.]
2251 1897 2374 1936 Iidem

1323 1952 1429 1998 libri,
1461 1953 1630 2002 Adspexit
1650 1953 1771 1990 aniles.
1800 1953 1996 1999 Perplacet.
2026 1950 2196 1987 CioFAN.
2240 1955 2279 1984 In
2298 1953 2376 1996 Spe-

1327 2004 1444 2040 culum
1485 2005 1613 2040 Urbin,
1648 2005 1754 2050 prim.
1784 2002 1894 2038 Palat.
1925 2000 2134 2048 Cantabrig.
2166 2001 2273 2048 prim.
2307 1999 2378 2036 Er-

1324 2055 1410 2091 furt.
1431 2055 1538 2102 prim.
1562 2055 1700 2090 Moret.
1718 2054 1755 2089 &
1776 2051 1883 2089 multi
1902 2051 1971 2087 alii.
2000 2051 2147 2087 Histris.
2175 2051 2222 2088 Et
2235 2049 2377 2097 itaqui-

1325 2104 1410 2141 dam
1436 2104 1546 2146 editi;
1566 2103 1630 2151 sed
1648 2103 1686 2139 in
1698 2102 1828 2152 speculo
1849 2100 1970 2138 videre
1991 2101 2162 2150 Epist.1x.
2179 2100 2259 2138 118.
2273 2099 2383 2137 dixit.

1379 2165 1464 2203 233.
1492 2154 1700 2202 Tyndaris.]
1731 2153 1888 2190 Helena.
1919 2153 2022 2189 Haec
2046 2150 2377 2201 Tyndarifiliapu-

1327 2204 1469 2242 tabatur
1484 2231 1493 2246 ‚
1522 2204 1606 2241 cuin
1629 2203 1713 2241 vere
1733 2201 1852 2240 fuisset
1872 2203 1972 2247 jovis
1987 2231 1997 2246 ‚
2026 2203 2115 2251 qui,
2137 2204 2174 2240 in
2198 2203 2376 2251 Cygnum

1329 2253 1524 2292 conversus
1538 2283 1547 2300 ‚
1575 2266 1661 2292 cum
1689 2254 1790 2292 Leda
1807 2265 1885 2291 rem
1899 2254 2044 2298 habuit,
2072 2265 2166 2302 quae
2180 2264 2295 2290 ovum
2312 2262 2376 2299 pe-

1329 2306 1446 2354 perit,
1474 2318 1519 2343 ex
1548 2318 1624 2355 quo
1657 2314 1740 2343 nata
1770 2305 1817 2342 est
1844 2304 2000 2341 Helena.
2040 2303 2226 2353 Tyndaris
2248 2311 2375 2339 autem

1329 2358 1634 2405 patronymicum
1657 2356 1704 2393 est
1723 2357 1864 2404 generis
1886 2356 2067 2393 feminini.
2096 2354 2206 2402 Epist.
2228 2365 2299 2391 vn.
2315 2363 2382 2400 71.

1383 2407 1515 2454 Castori
1543 2407 1731 2456 Amyclaeo
1749 2436 1758 2450 ‚
1784 2419 1827 2447 ω’
1848 2405 2036 2454 Amyclaeo
2055 2405 2188 2441 Polluci

1435 2458 1583 2495 Reddita
1609 2457 1780 2507 Mopsopia
1802 2458 1974 2505 Tyndaris
1994 2455 2074 2493 urbe
2086 2458 2194 2503 soror.

1382 2509 1555 2558 Tyndaris
1578 2510 1674 2546 Idaeo
1692 2520 1793 2546 trans
1812 2521 1960 2557 aequora
1984 2507 2027 2544 ab
2048 2506 2172 2555 hospite
2190 2515 2292 2556 rapta

1434 2560 1613 2608 Argolicas
1629 2570 1690 2609 pro
1701 2561 1738 2608 se
1757 2560 1866 2596 vertit
1884 2560 1921 2595 in
1940 2571 2042 2595 arma
2060 2571 2198 2595 manus.

1331 2609 1423 2648 Illud
1450 2611 1661 2655 sciendum,
1692 2611 1900 2653 Helenam,
1929 2620 1969 2647 ut
1998 2621 2043 2646 ex
2066 2608 2297 2646 Sthefichoro
2320 2617 2379 2643 re-

1330 2662 1400 2699 fert
1442 2661 1652 2698 Scholiastes
1687 2661 1865 2708 Euripidis
1887 2689 1897 2705 ‚
1940 2659 2073 2709 juss'am
2103 2657 2171 2695 effe
2200 2656 2376 2713 lapidibus

1332 2712 1461 2755 obrui3
1492 2712 1549 2748 sed
1570 2714 1615 2753 ii,
1645 2712 1775 2760 quibus
1797 2714 1870 2748 hoc
1891 2710 2103 2748 mandatum
2127 2716 2223 2751 erat,
2253 2707 2377 2745 innul-

1333 2771 1442 2811 atque
1466 2763 1542 2810 ejus
1565 2762 1807 2810 adspexerunt
1827 2763 1992 2802 vultum,
2022 2757 2157 2805 Iapides
2180 2759 2215 2794 in
2239 2768 2372 2795 terram

1331 2813 1566 2849 demiserunt.
1595 2811 1718 2849 Zeusis
1738 2813 1958 2849 Heracleota
1973 2837 1982 2852 ‚
2011 2817 2049 2844 ut
2070 2808 2185 2844 scribit
2199 2808 2374 2846 Aelianus

1330 2864 1389 2900 lib.
1410 2876 1461 2899 iv.
1490 2863 1535 2900 de
1565 2864 1650 2900 Var.
1671 2863 1762 2899 Hist.
1784 2873 1828 2897 ex
1851 2860 1967 2908 pitstae
1989 2859 2157 2895 Helenae
2181 2859 2375 2896 simulacro

1333 2925 1503 2960 magnam
1539 2913 1717 2960 pecuniae
1754 2912 1829 2947 vim
1870 2911 2074 2957 colligebat.
2118 2915 2252 2951 neque
2273 2910 2373 2947 enim

1331 2964 1531 3011 unicuique
1552 2963 1683 2999 licebat
1699 2961 1793 2998 illam
1818 2962 1971 3004 intueri,
2001 2960 2057 2997 sed
2079 2961 2110 2996 ei
2130 2959 2286 3003 tantum,
2311 2961 2374 3007 qui

1334 3022 1473 3049 certum
1503 3013 1642 3060 argenti
1672 3024 1867 3048 numerum
1903 3009 2145 3059 persolvisset,
2183 3010 2375 3056 spectanda

1333 3063 1616 3110 proponebatur.
1655 3063 1766 3099 Tunc
1789 3064 1895 3110 igitur
1914 3062 2044 3099 Graeci
2069 3061 2250 3098 Helenam
2277 3062 2376 3098 illam

1333 3114 1562 3150 meretricem
1585 3113 1831 3160 appellabant,
1860 3112 1962 3161 qu'od
1987 3112 2208 3149 Heracleota
2219 3114 2377 3161 pretium

1333 3175 1399 3212 pro
1424 3164 1560 3212 pictura
1584 3163 1758 3211 posceret.
1788 3167 1801 3197 (
1823 3176 1953 3200 iorAN.

1387 3227 1469 3261 233.
1500 3220 1574 3249 Cur
1597 3212 1645 3261 fit
1678 3213 1727 3250 bis
1758 3214 1896 3263 rapta]
1928 3215 2072 3252 Helena
2094 3214 2251 3262 primum
2277 3221 2377 3261 rapta

1335 3265 1382 3301 est
1415 3264 1433 3301 a
1459 3264 1622 3301 Theseo:
1653 3265 1753 3314 cujus
1774 3267 1824 3304 rei
1845 3266 1957 3305 exstat
1979 3266 2142 3315 elogium
2165 3265 2253 3304 illud
2270 3265 2376 3314 ipsius

1337 3315 1479 3355 Ovidii.
1508 3315 1617 3364 Epist.
1640 3327 1674 3354 v.
1697 3315 1775 3355 128.
