2483 3616
358 119 2245 205 METAMORPHOSEONLme·Q9

510 311 703 359 FAB·
770 301 1031 352 XXIV.
1096 305 1799 355 ARGUMENTUM.

642 418 972 487 Symplegades
996 425 1012 445 ²
1035 431 1188 466 cautes
1212 420 1261 466 in
1283 432 1433 483 petras
1455 422 1674 470 redactae.

150 559 169 588 ε,
204 561 384 622 Ortygia
407 554 542 619 insula
566 557 662 602 oiim
684 554 846 599 mobilis
865 561 974 599 erat.
1010 551 1300 613 Symplegades
1320 568 1475 616 quoque
1499 563 1639 601 cautes
1661 557 1705 601 in
1730 555 1870 604 Ponto
1891 560 1908 581 ⁰
1929 566 2229 617 concurrentes,

76 626 261 687 flatibus
264 621 421 688 solitae
442 624 602 669 moveri
613 655 628 680 ᾖ.
665 636 772 666 nanc
781 620 904 680 fixae
920 617 1213 678 fundamentis
1235 628 1429 666 tenentur
1447 620 1545 665 loco.

237 772 336 824 335

464 753 513 807 le
537 751 656 805 alias
682 748 910 821 aliasque
935 747 1076 801 lacus
1105 745 1161 799 δε
1185 747 1406 803 flumina
1429 748 1566 804 vires

475 821 820 894 Concipiunt.
861 835 1179 892 tempusque
1203 821 1332 885 fuit,
1369 839 1479 894 quo
1504 821 1647 875 navit
1671 821 1726 876 in
1750 821 1936 887 undiS,

377 903 536 957 Nunc
563 896 712 951 sedet
735 895 978 966 Ortygie.
1018 894 1197 946 timuit
1223 894 1563 949 concursibus
1589 895 1744 966 Argo

379 970 661 1027 Undarum
685 967 874 1039 sparsas
898 965 1275 1038 Symplegadas
1300 967 1572 1030 elisarum3

379 1047 534 1119 Quae
558 1059 699 1098 nunc
722 1040 980 1095 immotae
1003 1038 1265 1110 perstant,
1301 1041 1582 1114 ventisque
1606 1039 1859 1097 resistunt.

527 1182 720 1230 ΕΑΒ.

788 1178 1002 1230 XXV.
1069 1181 1772 1228 ARGUMENTUM..

773 1302 926 1349 Aetna
946 1317 1079 1348 mons
1102 1299 1285 1349 Siciliae
1307 1300 1356 1346 in
1380 1299 1556 1364 ignem.

152 1429 167 1449 ³
199 1425 342 1472 AEtna
364 1437 476 1471 mons
498 1421 670 1471 Siciliae
693 1425 737 1470 in
760 1425 893 1485 ignem
918 1425 1034 1470 verti
1057 1425 1214 1485 coepit,
1248 1437 1340 1468 cum
1361 1422 1484 1468 initio
1508 1422 1700 1483 riguerit.

89 1680 175 1719 dem
196 1680 322 1720 videre
342 1680 502 1731 pofi'um.
530 1681 708 1719 chrtt.
736 1680 896 1719 Phoenon
913 1681 1133 1720 multivete-

88 1743 167 1777 res,
194 1732 255 1770 vel
286 1732 439 1770 Phenon.
470 1742 564 1777 tres,
594 1733 762 1770 Pheneon.
789 1733 895 1769 bene.
921 1733 1132 1778 Praeterea,

88 1783 178 1820 loeus
198 1784 377 1819 Arcadiae
397 1796 480 1822 cum
502 1785 609 1832 prim.
632 1784 896 1821 Gronov.tert.
909 1783 1046 1820 Medic.
1061 1786 1132 1820 Ur-

89 1832 162 1871 bin.
190 1834 228 1871 &
257 1833 315 1871 sex
335 1834 410 1872 aliis
430 1834 643 1885 legendum.
664 1834 712 1871 fic
733 1834 793 1872 lib.
814 1846 877 1872 111.
903 1835 1012 1872 Pont.
1032 1834 1132 1883 Eleg.

90 1893 139 1920 11.
158 1896 217 1930 45.

142 1946 199 1990 Est
220 1946 308 1984 locus
324 1948 360 1985 in
379 1947 523 1997 Scythia}
546 1964 557 1984 .·
587 1954 716 1985 Tauros
738 1949 853 1986 dixere
869 1950 1006 1999 priores.

92 1993 240 2033 Pheneos
268 2007 419 2044 quoque
450 1998 598 2036 Catullo
620 2025 630 2042 ‚
667 2000 823 2046 Virgilio
862 2012 904 2037 ac
934 2001 1049 2038 Statio
1071 2001 1131 2039 est.

88 2051 132 2081 ut
153 2045 325 2083 omittam
345 2047 517 2084 Graecos.
554 2049 707 2086 Nullum
733 2051 825 2087 novi
843 2050 880 2087 in
901 2050 1058 2088 Arcadia
1080 2052 1132 2088 la-

91 2104 179 2132 cum
208 2095 363 2132 Pheneon
382 2112 392 2132 :
422 2096 598 2144 oppidum
628 2099 705 2146 ejus
734 2101 896 2138 nominis
916 2101 1037 2138 habeo
1061 2112 1130 2138 no—

89 2152 172 2201 tum
194 2146 308 2193 (unde
320 2146 445 2183 Phenei
458 2147 590 2185 moenia
601 2149 695 2196 apud
707 2150 905 2188 Maronem
919 2151 1010 2189 libro
1024 2151 1129 2200 vm.)

89 2206 193 2245 cujus
220 2198 258 2234 in
285 2198 418 2235 vicinia
438 2198 522 2235 fons
542 2209 586 2234 ex
604 2201 798 2248 praeruptis
816 2201 904 2239 saxis
926 2202 1052 2239 stillare
1075 2203 1129 2239 di-

88 2255 202 2284 catur.
223 2248 300 2296 ejus
318 2259 449 2297 aquam
463 2276 474 2293 ,
500 2248 612 2294 ςυγὸς
632 2247 856 2292 ῦδωράἰᾶὶωῃ
873 2280 882 2296 ,
913 2254 1017 2290 certis
1033 2261 1131 2291 tem-

88 2297 236 2345 poribus
254 2297 324 2335 effe
341 2300 561 2337 lethiferam.
588 2300 719 2337 Statius
741 2300 863 2338 Theb.
880 2315 933 2340 1v.
954 2315 1043 2351 29¹·

141 2352 188 2385 Et
209 2349 356 2387 Pheneos
376 2350 469 2399 nigro
482 2356 586 2399 Styga
606 2351 742 2387 mittere
761 2352 889 2388 credita
909 2353 1000 2391 Diti.

85 2398 195 2448 hujus
221 2411 336 2448 aquae
368 2402 487 2450 rigore
507 2413 617 2448 atque
636 2402 837 2439 acrimonia
858 2412 966 2450 potus
985 2404 1128 2443 oblatae

83 2457 258 2487 necatum
285 2450 388 2489 fuisse
417 2451 668 2490 Alexandrum
698 2452 879 2500 Magnum
900 2466 918 2490 a
944 2455 1130 2492 nonnullis

85 2500 268 2547 perhiberi
297 2503 391 2540 testis
424 2503 473 2540 est
493 2504 531 2540 in
559 2503 634 2551 ejus
657 2503 730 2539 vita
751 2503 973 2542 Plutarchus.
1006 2505 1130 2543 Noete

87 2557 214 2588 tamen
232 2549 302 2589 effe
325 2554 493 2597 noxiam,
517 2553 562 2590 de
583 2552 845 2590 dieinnoxiam
858 2564 972 2591 nemo
987 2583 998 2599 ‚
1025 2555 1129 2604 quod

84 2599 194 2638 sciam
212 2629 222 2645 ,
248 2611 388 2650 praeter
410 2604 598 2641 Nasonem
623 2603 791 2650 prodidit.
820 2604 889 2641 Sed
911 2606 1002 2643 haec
1020 2605 1129 2643 fufius

85 2650 124 2688 in
145 2651 432 2691 Commentario
452 2654 574 2691 nostro
596 2653 843 2693 discutiemus.
886 2655 1055 2694 Eruenda
1076 2657 1133 2694 in-

90 2702 199 2740 terim
217 2703 253 2740 in
273 2705 474 2742 transcursu
497 2706 691 2743 Lucanum
713 2704 805 2742 libro
827 2718 890 2744 111.
917 2709 997 2754 19?-

141 2756 190 2789 Et
210 2753 336 2790 Phenei
353 2754 414 2804 qui
434 2768 519 2791 rura
538 2755 676 2800 colunt,
704 2769 916 2806 quorumque
937 2757 1050 2796 labore

141 2802 314 2850 TheJJalns
331 2805 510 2851 AEfhniam
528 2819 649 2843 vomer
661 2806 848 2855 proscindit
869 2807 989 2846 Iolcon.

94 2852 157 2892 ubi
184 2852 286 2890 Penei
305 2865 390 2888 rara
409 2866 597 2902 perperam
614 2856 756 2906 legitur.
780 2857 976 2896 Arcadiam
995 2859 1134 2898 intelli-

1181 2759 1276 2808 sedet
1305 2761 1481 2810 Ortygie]

1946 1556 2049 1609 340
2087 1538 2235 1606 Nee,

1190 1681 1229 1720 δε
1249 1680 1369 1719 Plinio
1396 1680 1433 1719 id
1463 1690 1605 1718 nomen
1623 1677 1683 1716 lib.
1701 1688 1772 1716 x11.
1793 1688 1823 1715 c.
1842 1675 1900 1715 26.
1929 1689 1974 1716 ex
1997 1679 2150 1728 vestigiis
2172 1689 2238 1716 ve-

1189 1741 1311 1770 terum
1346 1731 1646 1769 membranarum
1675 1743 1683 1767 :
1713 1736 1872 1766 Panacea
1903 1740 1947 1769 (9·
1977 1729 2158 1779 unguentis
2180 1741 2239 1765 ea-

1190 1784 1267 1820 dem
1292 1783 1432 1831 gignit,
1475 1782 1669 1829 nascentem
1701 1792 1744 1820 <9¹
1772 1781 1810 1816 in
1837 1779 1999 1829 Pfhphide
2030 1792 2072 1816 ac
2104 1778 2238 1815 Pheneo

1188 1834 1381 1871 Arcadiae.
1402 1833 1462 1871 ubi
1484 1832 1611 1870 insulse
1631 1831 1808 1878 Stapelius
1823 1858 1832 1874 ,
1853 1831 1891 1867 in
1906 1830 2051 1868 Phocide
2065 1858 2075 1873 ,
2103 1829 2239 1877 decep-

1188 1893 1244 1923 tus
1284 1884 1484 1933 depravato
1516 1883 1645 1921 codice
1683 1881 1923 1919 Dioscoridis.
1958 1881 2103 1918 Hnms.
2138 1880 2238 1918 Vide

1188 1936 1370 1984 Antigon.
1392 1934 1550 1972 Mirabil.
1571 1946 1649 1981 cap.
1669 1943 1822 1970 crxxrv.
1847 1932 1884 1968 &
1908 1932 1957 1969 ibi
1982 1931 2116 1968 Meurs.
2135 1931 2233 1979 prio·

1186 1997 1241 2024 res
1268 1995 1392 2023 autem
1425 1987 1474 2023 ita
1497 1983 1642 2021 vocasse
1671 1983 1783 2026 dicit,
1815 1982 1900 2030 quia
1924 1981 2094 2018 Nonacris
2113 1981 2237 2029 postea

1187 2037 1364 2084 appellata
1392 2036 1486 2080 fuit,
1513 2043 1554 2073 ut
1576 2034 1825 2073 Tertullianus
1846 2032 1936 2070 locis
1957 2031 2074 2069 modo
2097 2031 2237 2080 produ-

1188 2087 1253 2124 ens
1276 2094 1399 2124 vocat.

1215 2176 1218 2179 <
1240 2161 1322 2198 333.
1351 2146 1564 2197 Suspec'lus.]
1607 2147 1783 2196 speetatas
1804 2153 1884 2184 tert.
1906 2145 2046 2183 Medic.
2062 2146 2237 2194 susceptus

1188 2199 1358 2237 Leidens.
1375 2211 1482 2244 mox,
1501 2198 1594 2235 nocie
1615 2198 1733 2235 timete
1754 2197 1855 2236 Bafil.
1880 2209 1932 2246 pr.
1946 2197 1983 2234 ἐξ
1996 2195 2156 2234 bibentur
2166 2197 2237 2237 see.

1186 2251 1323 2289 Vatic.
1498 2254 1501 2258 '

1238 2321 1253 2341 ²
1282 2313 1475 2364 Acantes.]
1505 2320 1634 2353 Cautes
1653 2314 1690 2351 in
1705 2322 1807 2364 ponto
1828 2313 1866 2350 in
1882 2321 1916 2362 p.
1937 2311 2094 2349 redonas
2115 2311 2240 2351 Parni.

1234 2377 1252 2405 b
1279 2378 1462 2428 Ortygia]
1502 2379 1608 2417 Haec
1645 2380 1766 2428 priora
1806 2377 1933 2416 desunt
1960 2378 2079 2414 Parm.
2108 2376 2240 2426 Lugd.

1186 2430 1330 2478 Ortygia
1349 2428 1464 2477 insula
1488 2441 1531 2469 ω’
1549 2431 1676 2479 Sympl.
1697 2429 1841 2478 Micyll.
1868 2428 2012 2476 Ortygia
2023 2428 2236 2476 infi&sym.

1187 2491 1301 2516 cautes
1322 2480 1499 2528 quondam
1516 2490 1574 2528 per
1594 2494 1690 2517 mare
1710 2479 1934 2528 vagabantur
1955 2478 2140 2526 instabiles,
2163 2491 2238 2525 moff

1186 2530 1228 2565 do
1247 2539 1364 2566 autem
1385 2530 1576 2567 immobiles
1586 2531 1686 2578 stant
1708 2531 1844 2568 Colon.

1236 2602 1252 2621 c
1280 2594 1567 2644 concurrentes]
1598 2601 1831 2632 concurrente
1848 2595 1967 2632 Parm.
1988 2592 2110 2641 Lugd.

1241 2659 1325 2708 336.
1352 2658 1598 2709 concipiunt.]
1625 2659 1814 2709 Accipiunt
1836 2657 1942 2696 Leid.
1965 2658 2004 2694 δί
2026 2657 2102 2695 duo
2125 2657 2200 2695 alii.

1241 2709 1326 2758 336.
1355 2715 1565 2760 Tempusque
1576 2710 1679 2756 fait,
1707 2723 1771 2757 quo
1792 2708 1898 2746 navis
1919 2710 1957 2745 in
1968 2707 2103 2753 undas,
2132 2714 2235 2744 Nune

1524 2761 1612 2798 Huc
1629 2760 1784 2798 mirifice
1804 2760 1963 2802 faciunt,
1994 2770 2087 2807 quae
2108 2759 2236 2805 legun-

1186 2820 1245 2847 tur
1265 2812 1302 2848 in
1324 2811 1466 2848 scholiis
1485 2811 1522 2848 in
1545 2811 1742 2849 Pindarum
1757 2839 1769 2856 ‚
1798 2811 1910 2847 Nem.
1925 2809 1998 2846 Od.
2018 2820 2046 2844 1.
2061 2819 2090 2842 z.
2104 2807 2233 2861 quibus

1189 2861 1413 2910 Ortygiam,
1441 2861 1760 2910 quemadmodum
1790 2860 1864 2897 hoc
1893 2867 2043 2905 quoque
2071 2857 2157 2892 loco
2183 2864 2233 2893 ait

94 2905 157 2952 git.
182 2902 365 2950 AEfhniam
395 2915 546 2952 quoque
577 2906 686 2944 Jolcon
704 2908 932 2957 reposuimus
952 2921 1019 2958 pro
1044 2917 1134 2947 Hae-
1192 2914 1305 2960 poeta
1335 2910 1476 2956 noster,
1505 2912 1655 2949 insulam
1688 2909 1814 2951 fuiffe,
1852 2905 1982 2942 deinde
2005 2905 2053 2940 ob
2074 2913 2234 2950 terram,

94 2955 223 2992 monia.
250 2953 298 2991 sic
318 2953 548 3009 Meleagream
566 2956 744 3002 Calydona
761 2958 853 2997 dixit
871 2960 894 2997 l.
912 2972 964 2997 vr.
989 2961 1071 3009 365.
1096 2962 1135 2999 δε
1193 2962 1285 2999 circa
1314 2973 1395 2999 eam
1430 2961 1636 3011 congestam
1653 2988 1662 3004 ‚
1691 2953 2136 3011 peninsulamfffeffaffl,
2165 2955 2234 3012 90·

95 3005 306 3053 Cinyraeam
326 3009 461 3053 Cypron
481 3004 542 3041 lib.
564 3015 652 3040 vm.
676 3010 759 3049 716.
784 3011 1012 3048 Haemoniam
1027 3011 1137 3049 Iolcon
1193 3021 1308 3050 cetur:
1326 3010 1420 3048 H‘Se
1432 3011 1633 3054 o’pwyix,
1657 3007 1821 3051 πρότερον
1831 3007 1896 3049 μὲν
1907 3013 1990 3040 wax
2002 3006 2119 3052 νῆσος,
2147 3014 2232 3043 eme

94 3055 321 3103 supervacuo
352 3055 517 3101 epitheto
547 3055 583 3091 ὃς
615 3053 734 3091 otioso
764 3060 940 3105 appellat,
969 3074 1054 3100 cnm
1089 3065 1131 3100 τὸ

96 3118 218 3142 vomer
247 3105 418 3153 Theſjalas
445 3104 524 3142 satis
551 3104 713 3161 designet
733 3104 779 3141 de
801 3105 981 3160 Theffalia
1000 3114 1069 3162 agi.
1097 3114 1133 3151 A

95 3154 247 3193 Pheneo
277 3157 492 3199 Pheneatae,
529 3167 592 3204 qui
622 3156 812 3192 Pheneum
833 3158 1050 3200 incolebant.
1070 3176 1136 3201 eo·

1189 3061 1427 3109 πρεσχωθὲῖσοι
1446 3055 1648 3103 Χείῥόυκσος
1664 3058 1820 3102 γέγονεν.
1849 3055 2016 3094 CIOFAN.

1244 3126 1328 3161 339.
1358 3107 1576 3159 Ventisque.]
1606 3107 1778 3156 Undisque
1799 3106 1942 3161 Tliylii.

1243 3171 1257 3188 a
1285 3158 1446 3208 Aetnen]
1479 3166 1635 3195 Aetnam
1666 3168 1815 3195 montem
1847 3156 2002 3199 Siclliae,
2031 3157 2231 3206 neosbmper

95 3215 178 3242 rum
198 3207 368 3244 meminit
388 3206 587 3243 Cicero‘de
607 3206 745 3243 Natura
759 3206 1075 3248 Deorumlib.111.
1099 3215 1138 3250 ὃς
1194 3213 1330 3260 igneum
1351 3237 1362 3253 ‚
1404 3219 1442 3245 ut
1472 3209 1569 3246 modo
1596 3208 1663 3256 est,
1682 3208 1783 3257 fuisse
1808 3216 1982 3250 narrant,
2020 3219 2077 3241 nec
2101 3210 2234 3258 semper

97 3255 265 3299 Laetam.
282 3257 342 3295 lib.
360 3257 481 3306 primo
502 3256 546 3295 de
566 3255 662 3295 Falsa
686 3256 891 3306 Religione.
911 3257 1139 3300 reddendum
1194 3260 1327 3311 posthac
1343 3259 1542 3309 hujusmodi
1549 3261 1718 3307 futurum
1739 3257 1985 3296 vaticinantur
2005 3257 2141 3294 Colon.

2050 3319 2133 3357 340.
2159 3314 2243 3346 ,ἄξια
