2483 3616
401 127 1622 194 METAMORPHOSEON
1695 132 2015 197 L1ss.XV.

2162 150 2297 215 1073

294 269 395 318 710
435 253 505 307 Et
531 250 844 307 Surrentino
872 246 1156 318 generosos
1180 246 1395 318 palmite
1422 247 1612 311 colle3‚

435 325 871 391 Herculeamque
898 320 1113 381 urbem,
1152 319 1484 390 Stabiasque,
1524 321 1576 372 ἅτ
1602 319 1657 373 in
1683 318 1791 373 otia
1816 336 1990 382 natam

435 395 810 465 Parthenopen
830 430 843 453 ,
884 392 939 444 &
967 391 1030 444 ab
1055 393 1150 444 hac
1179 391 1446 444 Cumaeae
1474 393 1667 462 templa
1693 391 1930 464 Sibyllae.

430 466 580 522 Hinc
608 466 764 519 calidi
789 465 995 527 fonteS,
1034 463 1523 535 lentisciferumque
1555 467 1802 519 tenentur

140 679 267 730 niaque
286 681 366 719 saxa
385 678 629 718 diffimulaffet
642 707 651 722 ‚
680 690 722 717 ac
740 686 915 726 tanquam
936 684 1069 714 notum
1082 687 1184 724 prae-

141 730 353 768 termisisset.
404 740 566 768 ceterum
612 730 698 767 illud
741 729 945 766 Aristotelis
990 727 1180 765 oraculum

139 781 254 818 indies
289 784 404 820 verius
429 779 499 818 effe
531 781 813 829 comprobatur,
839 791 928 822 eos,
968 781 1030 825 qui
1053 789 1181 834 parum

140 831 402 874 confiderent,
454 832 560 869 facile
595 831 771 880 quicquid
812 831 849 867 in
889 830 1040 865 buccam
1082 837 1184 865 venit

137 885 346 920 enunciare.
375 884 543 920 Remus.
572 883 696 919 Locus
717 882 776 918 hic
797 880 992 917 diutissime
1025 890 1092 916 nos
1113 879 1180 916 dis-

136 931 240 968 torfit
262 961 272 977 ,
310 936 348 971 ὃς
378 933 548 981 tantisper
580 933 668 970 dum
703 932 799 968 forte
830 929 1052 977 Pompejum
1086 929 1185 977 lege-

138 993 284 1027 remus,
314 985 374 1022 ubi
394 991 607 1021 Rumentum
634 981 852 1020 fractionem
881 979 1037 1017 ostendit
1061 980 1186 1027 appel*

138 1031 225 1077 lari,
253 1035 446 1083 statimque
476 1033 642 1081 Rhegium
664 1032 713 1069 illi
733 1032 907 1079 apponit,
935 1031 1181 1076 municipium

137 1082 175 1120 in
188 1084 282 1122 freto
295 1086 455 1127 Siciliae,
479 1083 581 1133 quod
598 1083 641 1119 ab
653 1082 837 1131 rumpendo
848 1081 985 1119 dicium
1003 1081 1061 1118 est.
1090 1081 1187 1128 Qui-

139 1132 204 1171 bus
227 1136 344 1172 verbis
374 1135 520 1172 excitati
550 1142 700 1181 repente
732 1132 915 1170 admoniti
938 1133 1059 1170 sumus
1079 1131 1186 1180 hujus

134 1183 220 1222 loci.
252 1187 489 1233 Quapropter
509 1184 691 1222 credimus
713 1189 926 1220 Rumentum
955 1183 1015 1220 hic
1040 1181 1110 1219 effe
1131 1184 1184 1219 le-

136 1235 327 1282 gendum,
354 1248 430 1273 non
460 1234 701 1279 Romechium,
741 1246 803 1281 per
823 1234 926 1283 quod
948 1233 1184 1281 intelligimus

134 1284 305 1333 Rhegium
335 1285 514 1334 oppidum
550 1286 828 1323 celeberrimum
847 1313 856 1329 ‚
894 1284 940 1322 de
971 1296 1047 1333 quo
1070 1284 1184 1321 multa

135 1335 263 1373 Strabo
286 1365 297 1381 ,
342 1337 478 1374 Plinius
507 1337 546 1374 &
568 1337 697 1374 ceteri:
719 1336 821 1385 quod
849 1346 888 1372 ut
919 1335 1107 1373 credamus
1136 1335 1184 1372 ita

137 1385 232 1430 effe,
263 1386 347 1425 cum
369 1388 485 1425 sensus
502 1386 663 1435 perficit,
691 1396 770 1425 tum
793 1387 911 1424 codex
932 1387 1102 1435 antiquus
1114 1397 1186 1423 no-

136 1436 227 1481 ster,
258 1439 317 1476 ubi
347 1437 574 1475 Rumethium
595 1438 792 1487 legebatur.
830 1438 955 1475 Paucis
973 1437 1081 1486 igitur
1103 1449 1185 1475 mu-

134 1489 218 1525 tatis
265 1489 376 1526 literis
419 1496 632 1527 Rumentum
670 1487 821 1527 honeste
862 1486 1100 1526 asseveramus
1132 1488 1184 1525 le-

136 1538 313 1586 gendum.
362 1540 446 1586 JAc.
494 1553 515 1577 A
558 1540 698 1577 Cauca
769 1540 860 1577 Sunt
913 1540 976 1589 qui
1031 1545 1182 1576 Rumen-

137 1600 242 1633 tum,
280 1602 347 1638 pro
380 1591 623 1636 Romechium,
651 1591 848 1640 legendum
879 1599 1031 1638 putent,
1060 1602 1182 1640 eoque

135 1641 293 1677 nomine
332 1642 516 1690 Rhegium
548 1642 850 1691 intelligendum:
872 1650 1063 1690 propterea
1081 1640 1184 1691 quod

136 1695 351 1728 Rumentum
365 1720 375 1735 ‚
404 1693 585 1730 veteribus
603 1692 859 1742 abruptionem
876 1720 884 1735 ‚
915 1702 954 1729 ut
974 1693 1094 1730 Festus
1109 1693 1181 1737 ait,

135 1739 359 1787 significabat
373 1771 382 1787 ‚
414 1743 579 1793 Rhegium
597 1753 721 1781 autem
745 1744 823 1780 ἀπὸ
850 1747 910 1780 eo?
930 1743 1090 1789 ῥαγῆναι,
1109 1744 1183 1780 hoc

136 1790 210 1835 est,
240 1789 260 1828 a
289 1795 519 1842 rumpendO,
548 1794 699 1832 dictum.
727 1794 786 1832 sed
813 1807 934 1844 neque
967 1795 1011 1833 de
1042 1795 1110 1832 hac
1131 1794 1183 1832 le-

137 1840 263 1879 &ione
305 1845 407 1892 quod
447 1845 627 1883 affirmem
664 1845 795 1884 habeo.
847 1848 1023 1883 chrcr..
1067 1853 1184 1882 Rome-

138 1890 320 1942 chiumque
351 1894 431 1942 legit
468 1896 516 1932 est
546 1898 580 1933 in
611 1909 721 1941 meo,
763 1898 800 1934 ἃ
824 1905 982 1946 utroque
1008 1896 1112 1934 Maff.
1142 1897 1184 1934 In

140 1940 293 1978 Caelest.
321 1946 357 1980 &
382 1957 460 1982 urio
480 1946 602 1983 Varie.
622 1947 905 1997 Ple-mitiumque.
937 1949 975 1984 In
1005 1948 1076 1985 alio
1107 1947 1185 1984 Va-

136 1991 249 2046 tican.
275 1991 539 2044 Pleniriumque.
567 1998 740 2034 Rationes
756 2010 890 2045 quaere
911 1999 1062 2040 abaliis‚
1090 2010 1186 2046 quae

136 2040 251 2078 lectio
284 2044 471 2080 retinenda
498 2045 550 2082 fit.
579 2047 719 2093 Scripsit
739 2048 915 2096 quiddam
939 2049 985 2086 de
1005 2049 1185 2087 hocloco

138 2091 180 2127 ὅ(
216 2091 412 2131 Turnebus
445 2095 505 2132 lib.
535 2107 563 2132 1.
599 2096 900 2135 Adversariorum
931 2111 1008 2147 cap.
1040 2099 1098 2135 26.
1125 2099 1185 2136 sed

138 2142 242 2189 quod
275 2144 366 2180 mihi
395 2145 546 2193 quidem
573 2148 735 2182 animum
758 2160 833 2184 non
854 2149 986 2196 explet.
1015 2149 1185 2187 C1orAN.

138 2190 182 2228 In
201 2193 324 2229 multis
346 2204 512 2232 veterum
528 2224 536 2238 ,
565 2196 840 2244 Plemiriumque.
873 2199 908 2234 in
931 2199 1006 2235 aliis
1024 2226 1033 2241 ,
1066 2205 1185 2235 Rome·
1213 2201 1217 2204 ’

137 2241 345 2292 thiumque,
381 2246 687 2297 Remethiumque‚
729 2247 1034 2298 Remechiumque‚
1067 2256 1186 2286 Rome—

136 2292 346 2344 themnqcte,
375 2298 657 2347 Remotiumque,
686 2297 944 2348 Prothitonque.
972 2300 1107 2348 primus
1120 2300 1186 2338 Ba-

134 2342 187 2381 fil.
213 2345 518 2396 Ramethiumque.
547 2361 659 2397 quare
695 2348 822 2385 Voffio
847 2349 970 2385 nostro
991 2348 1184 2394 assentior,

138 2399 394 2442 Lametamqm
424 2399 603 2436 scribenti.
636 2398 848 2445 Plemyrium
881 2400 1052 2437 Ortelius.
1085 2400 1186 2438 Tur-

135 2443 251 2482 nebus
291 2449 535 2497 Remigioque,
586 2450 718 2487 oblitus
753 2450 798 2487 de
828 2450 936 2487 remis
967 2451 1077 2500 paulo
1101 2459 1186 2489 ante

136 2495 369 2541 praeceffiffe.
401 2500 542 2538 Hiems.

190 2557 275 2596 705.
304 2549 594 2601 Narniamque]
637 2552 763 2601 Lege,
800 2555 1084 2604 Naryciamque,
1122 2554 1182 2592 vel

134 2598 239 2645 quod
261 2599 408 2643 malim,
440 2602 710 2650 Naryciamque.
741 2603 837 2640 Nam
854 2606 1063 2641 Locrorum
1076 2607 1181 2653 oppi-

130 2646 220 2685 dum
234 2651 374 2696 Νοξρυξ,
391 2651 448 2688 vel
462 2654 641 2696 Νειρῠκιου,
654 2666 689 2689 in
704 2653 868 2691 Graecia.
882 2656 998 2702 potest
1012 2657 1047 2691 &
1065 2662 1183 2704 Nary-

132 2697 262 2751 ciosque
282 2700 365 2748 legi.
394 2713 479 2738 nam
502 2704 537 2739 in
555 2703 746 2750 Thyliano
771 2704 913 2747 codice,
940 2705 1177 2755 Naritiasqae.

132 2757 172 2783 111
205 2748 344 2803 Norico
365 2779 375 2794 ,
417 2753 679 2803 Naritiumque.
717 2754 821 2801 quod
851 2766 957 2792 verae
983 2756 1177 2803 scripturae

135 2807 368 2844 proximum.
398 2802 512 2839 IDEM.

188 2859 273 2894 707.
302 2850 510 2898 Temesesque
529 2853 711 2901 metalla]
752 2855 882 2893 Statius
909 2870 933 2894 r.
960 2856 1046 2894 silv.
1068 2869 1094 2894 1.
1118 2869 1178 2905 42.

137 2949 172 2986 C
186 2903 233 2934 Et
252 2898 328 2948 quis
347 2908 379 2935 te
396 2901 476 2936 totis
498 2905 625 2949 Temese
646 2904 740 2941 dedit
759 2904 881 2953 hausta
901 2906 1062 2946 metallis.

178 2961 308 2987 ioFAN.

189 3000 273 3045 708.
302 2999 560 3049 Leucosiamque
589 3000 713 3049 petit.]
753 3006 805 3042 Ita
823 3020 914 3047 unus
938 3010 1042 3047 M3ff,
1074 3011 1183 3050 Liber

135 3062 241 3089 meus
258 3079 269 3095 ‚
297 3052 579 3101 Laecanium-que,
610 3052 698 3088 Duo
722 3051 840 3089 Vatic-
861 3064 898 3094 ὃς
919 3062 1007 3099 alter
1026 3061 1155 3100 Maffei
1171 3091 1181 3107 ,

136 3103 414 3151 Leucoriamque.
463 3103 531 3139 tilii
567 3103 726 3147 volunt,
772 3108 1029 3157 Leucorumque·
1070 3113 1178 3160 Ego,

136 3164 214 3200 quo
247 3152 363 3189 modo
395 3152 434 3189 iit
466 3153 689 3200 legendum,
726 3154 896 3191 nondum
921 3156 1033 3196 statui.
1061 3163 1177 3200 lDEM.

133 3202 399 3251 Leucoriamque
433 3214 570 3241 veteres
604 3204 777 3251 plerique.
814 3206 1013 3248 nonnulli,
1056 3214 1174 3248 Leuca-

132 3252 307 3300 sicamque
329 3280 338 3296 ,
380 3254 438 3291 vel
468 3261 743 3305 Leucoreamque.
793 3255 1047 3307 Leucoriimque
1068 3260 1174 3305 prim.

237 3307 330 3343 Tem.
357 3310 402 3340 II.
1169 3310 1172 3311 ⁷

2106 543 2281 600 Liter=

1240 675 1351 713 Palat.
1389 675 1623 724 Yecoriamque
1641 677 1797 724 Neapol.
1821 677 1910 715 alter
1932 680 2136 728 Hamburg.
2160 686 2285 719 Leuca-¹

1240 736 1409 776 toamque.
1448 727 1578 763 Arond
1627 728 1907 776 Leuconiamque.
1943 732 2050 778 prim.
2079 732 2286 781 Hamburg.

1239 781 1507 827 Leuconamque.
1544 789 1658 819 unus,
1692 778 2011 826 Leuthariumque;
2042 782 2126 825 alii,
2162 788 2286 819 Leute-

1239 827 1398 875 riamque
1419 855 1429 872 ‚
1471 828 1749 876 Leucericamque
1771 856 1781 872 ,
1820 829 2128 880 Leucothoemque‚
2165 838 2287 870 Leute-

1232 875 1391 925 fiamque
1430 877 1584 925 Leucofia
1608 888 1703 915 certe
1725 880 1807 915 ferri
1826 891 1902 915 non
1930 882 2065 927 potest,
2093 895 2177 920 cum
2191 889 2286 919 Λευ-

1241 928 1350 963 >caela
1370 929 1412 966 fit
1435 929 1583 966 Graecis
1604 941 1611 965 ι
1641 940 1711 977 qua
1735 930 1876 967 ratione
1897 931 1934 967 &
1959 931 2185 980 Lycophron
2215 935 2287 979 syl—

1239 977 1359 1015 labam
1381 979 1577 1017 secundam
1606 979 1789 1027 produxit.
1828 980 1972 1023 Scribe,
2001 980 2288 1032 Leucafiamque:

1242 1030 1353 1067 etiam
1376 1030 1473 1079 apud
1495 1030 1624 1068 Silium
1647 1030 1814 1067 Italicum
1835 1031 1926 1068 libro
1952 1043 2043 1069 vm.
2067 1043 2154 1080 579.
2282 1031 2286 1034 ’

1602 1087 1707 1117 Nunc
1719 1080 1788 1129 sese
1809 1080 1972 1128 ostendere
1991 1082 2089 1120 miles

1294 1129 1471 1180 Leucafiae
1493 1147 1508 1169 e
1522 1131 1674 1180 scopulis.
1810 1176 1815 1182 .

1242 1192 1328 1218 narn
1361 1183 1509 1220 Graecis
1539 1181 1741 1219 Λευκασία.
1780 1184 1827 1220 ita
1860 1195 1941 1221 eam
1974 1183 2100 1222 Strabo
2132 1186 2290 1235 appellat

1239 1231 1300 1268 lib.
1321 1244 1364 1269 11.
1387 1234 1424 1270 ὃς
1446 1231 1762 1271 Halicarnaffenfis
1783 1234 1985 1283 Dionysius
2006 1235 2066 1273 1.1.
2084 1237 2179 1284 apud
2192 1249 2288 1288 quos

1242 1282 1291 1320 est
1320 1283 1442 1321 insula.
1480 1284 1615 1322 Plinius
1640 1296 1791 1333 quoque
1827 1285 1918 1322 libro
1948 1299 2011 1323 111.
2041 1298 2072 1323 c.
2091 1289 2125 1324 6.
2154 1293 2289 1325 Contra

1243 1333 1449 1380 Paestanum
1470 1333 1590 1384 finum
1612 1334 1765 1384 Leucosia
1795 1335 1846 1382 est.
1875 1336 2050 1384 apposite·
2078 1339 2207 1387 utjam
2230 1340 2287 1377 vi-

1240 1382 1391 1423 deamus
1411 1414 1422 1430 ,
1458 1397 1521 1424 cur
1553 1398 1632 1423 eam
1667 1398 1751 1424 cum
1788 1386 1912 1423 Paesto
1943 1387 2042 1424 Naso
2071 1390 2285 1438 conjungat.

1240 1434 1451 1474 Marcianus
1473 1449 1626 1487 quoque
1647 1437 1794 1486 Capella
1814 1437 1906 1474 libro
1921 1450 1971 1475 v1.
2001 1444 2134 1476 Contra
2148 1440 2289 1486 Paestad

1240 1498 1327 1522 num
1358 1486 1517 1536 Leucafia
1547 1488 1590 1534 est
1610 1516 1620 1531 ‚
1664 1501 1687 1523 a
1714 1488 1828 1524 Sirene
1858 1487 1905 1524 ihi
1926 1488 2062 1537 fipulta
2090 1491 2289 1529 nominata.

1241 1536 1379 1576 Frustra
1399 1540 1507 1588 igitur
1526 1540 1574 1576 est
1594 1537 1784 1576 Salmasius
1805 1538 1849 1576 ad
1869 1538 2036 1576 Solinum
2060 1552 2139 1588 pag.
2152 1538 2287 1589 68.‘qui

1242 1588 1425 1627 Strabonis
1464 1590 1501 1627 &
1545 1588 1716 1637 Dionysii
1757 1589 1903 1627 codices
1938 1590 2135 1628 mendosos
2172 1600 2287 1639 putat.

1242 1638 1384 1678 Hems.
1411 1640 1469 1679 Cl.
1491 1639 1813 1679 Drakenborchius
1834 1640 1878 1678 ad
1897 1639 1932 1678 d.
1951 1640 1974 1679 1.
1996 1640 2071 1679 Silii
2093 1640 2289 1691 Leucofiam

1243 1696 1377 1729 tuetur.
2288 1704 2291 1705 ’

1298 1755 1384 1791 709.
1412 1743 1496 1781 Inde
1524 1743 1605 1793 legit
1631 1743 1818 1793 Capreas.]
1860 1743 1918 1781 Sic
1944 1742 2096 1792 quidem
2123 1742 2291 1792 legitur}

1240 1796 1301 1835 sed
1320 1795 1467 1846 Capriae
1488 1807 1550 1844 pei·
1569 1796 1581 1832 i
1605 1796 1774 1836 vocalem
1806 1797 1842 1832 in
1861 1795 2064 1842 penultima
2085 1794 2286 1842 legendum

1241 1847 1312 1885 esse
1349 1855 1570 1894 argumento
1600 1846 1681 1884 sunt
1714 1846 1858 1883 codices
1888 1845 2019 1882 Graeci
2043 1871 2053 1888 ‚
2091 1845 2127 1881 in
2160 1844 2288 1893 quibus

1241 1898 1289 1936 fic
1309 1897 1358 1936 est
1381 1898 1565 1946 scriptum.
1596 1897 1652 1934 Est
1673 1906 1796 1934 autem
1818 1896 1954 1940 insula,
1981 1905 2076 1943 quae
2099 1895 2291 1942 &Caprie-

1242 1963 1282 1986 ne
1305 1957 1458 1985 vocatur
1477 1949 1533 1995 (ut
1555 1948 1604 1984 ait
1622 1947 1841 1996 Stephanus)
1862 1945 2086 1992 Campaniae
2098 1945 2287 1992 adjacens,

1243 2000 1387 2037 Tiberii
1415 1998 1584 2046 principis
1613 2009 1694 2035 arce
1723 1997 1867 2034 nobilis.
1903 1997 2071 2032 Rectus.
2109 2001 2287 2044 Capreae,

1242 2062 1306 2098 per
1329 2064 1366 2094 e,
1407 2051 1442 2085 in
1473 2048 1674 2096 penultima
1697 2047 1795 2085 recte
1814 2046 1995 2086 scribitur.
2025 2044 2158 2081 eodem
2184 2046 2286 2083 enim

1246 2100 1362 2138 modo
1393 2100 1428 2134 δέ
1460 2098 1556 2145 apud
1584 2099 1768 2139 Plinium,
1807 2095 1970 2137 Melam,
2008 2095 2226 2132 Suetonium
2247 2097 2287 2134 &

1245 2152 1423 2187 Tacitum
1459 2148 1628 2192 scriptum
1659 2147 1802 2195 legitur.
1852 2146 1986 2194 Neque
2020 2155 2145 2190 vetat,
2182 2147 2287 2194 quod

1244 2199 1401 2242 Graeci,
1441 2206 1481 2234 ut
1515 2197 1641 2234 Strabo
1672 2199 1710 2234 ὃς
1742 2197 1966 2244 Stephanus,
1996 2196 2160 2238 Κειπρὶκς
2192 2209 2254 2244 per
2273 2210 2288 2234 ι

1244 2251 1380 2288 dicunt.
1421 2249 1555 2295 Neque
1586 2249 1685 2285 enim
1709 2248 1744 2284 in
1768 2249 1941 2285 omnibus
1970 2247 2092 2283 Latini
2123 2248 2288 2285 Graeco-

1244 2313 1325 2338 rum
1357 2300 1567 2347 scripturam
1589 2299 1790 2336 imitantur.
1829 2298 2038 2346 Alioqui&
2061 2298 2187 2340 Bretii‚
2216 2310 2285 2345 pro

1244 2352 1385 2394 Ennii,
1421 2347 1653 2396 Brentesium,
1689 2361 1756 2397 pro
1789 2347 2022 2397 Brundusium
2042 2377 2052 2393 ‚
2090 2350 2126 2385 ἐξ
2158 2348 2287 2387 similia

1241 2401 1425 2440 scribenda
1448 2410 1559 2438 erant.
1589 2401 1770 2438 Micrcr..

1298 2466 1379 2499 70).
1408 2451 1752 2501 Promontoriumque
1780 2449 2006 2498 Minervae]
2047 2450 2129 2487 Lib.
2158 2454 2290 2496 meus,

1245 2503 1531 2541 Promuntorium
1546 2530 1555 2545 ‚
1584 2514 1647 2550 per
1667 2515 1690 2538 u
1712 2506 1747 2538 in
1770 2501 1923 2539 secunda
1947 2500 2089 2549 syllaba.
2127 2500 2184 2538 Sic
2206 2514 2287 2539 me-

1244 2557 1336 2592 mini
1367 2567 1427 2591 me
1455 2554 1624 2600 scriptum
1651 2551 1777 2589 vidiffe
1807 2554 1844 2590 in
1864 2552 1956 2589 libro
1979 2553 2042 2588 viri
2063 2551 2284 2595 doctiffimi,

1242 2606 1362 2643 Fulvii
1395 2603 1537 2648 Ursini,
1573 2604 1612 2641 ὃς
1644 2604 1680 2640 in
1713 2603 1803 2651 Cap.
1833 2602 2062 2651 Quomodo
2083 2603 2286 2658 antiqui&

1238 2657 1458 2699 scribebant,
1488 2655 1525 2690 ὃς
1545 2654 1846 2702 pronunciabant.
1879 2654 2046 2690 CioFAN.
2273 2661 2281 2664 ⁴

1291 2719 1331 2753 71
1345 2720 1373 2744 1.
1403 2704 1830 2753 Herculeamqueurbem.]
1856 2703 2054 2750 Juretusad
2067 2704 2287 2751 Symmach]

1238 2770 1310 2794 vit.
1339 2759 1404 2805 Ep.
1440 2768 1492 2801 19.
1526 2756 1694 2804 intelligit
1713 2756 1773 2792 hic
1796 2755 1926 2799 Tibur,
1955 2754 2056 2803 quod
2079 2752 2283 2789 Herculeum

1238 2808 1342 2855 saepe
1362 2807 1484 2845 Poe'tis
1507 2806 1576 2842 dici
1597 2815 1729 2845 notum
1751 2807 1810 2843 est.
1840 2806 1909 2842 Sed
1929 2804 2106 2853 puerilem
2118 2813 2279 2856 erro-rem

1241 2867 1369 2896 natum
1399 2870 1444 2895 ex
1473 2857 1670 2904 cupiditate
1704 2855 1913 2904 proferendi
1945 2856 2284 2906 novas-expolitio<

1239 2921 1326 2951 nes,
1366 2908 1631 2947 consuetudine
1661 2906 1842 2954 frequenti
1874 2899 2090 2955 conjecimus
2120 2900 2278 2956 utendi,

1237 2961 1371 2997 refutat
1391 2959 1616 2996 doeiiffimus
1637 2956 1811 2992 Camillus
1830 2950 2062 2998 l³e1·egr1n,de
2077 2950 2280 2998 Campania

1237 3010 1349 3048 Felici
1376 3008 1464 3047 Diff.
1484 3022 1529 3045 11.
1554 3010 1585 3046 ἕ.
1607 3016 1663 3051 23·

1289 3073 1371 3105 71-1.
1401 3065 1443 3095 Et
1466 3059 1503 3091 in
1524 3055 1593 3090 otia
1614 3063 1738 3089 natam
1766 3050 2036 3101 parthenopem]
2071 3051 2178 3087 Hanc
2194 3051 2278 3089 HO-

1236 3112 1343 3149 ratius
1361 3105 1480 3154 Epod.
1503 3117 1533 3139 v.
1553 3115 1612 3150 43.
1641 3104 1793 3151 Otiosam
1819 3113 1935 3139 vocar.
1965 3103 2131 3138 CiorAN.

1288 3169 1370 3206 713.
1401 3155 1489 3191 Hinc
1521 3153 1626 3189 calidi
1652 3155 1807 3203 fontem]
1847 3153 1953 3202 Bajie
1986 3154 2079 3189 sorte
2102 3180 2111 3195 ‚
2145 3164 2279 3201 quam-

1234 3219 1344 3258 quam
1371 3208 1408 3243 δί
1429 3206 1519 3241 'naec
1545 3207 1640 3252 prius
1665 3216 1872 3241 occurrunt.
1900 3205 2070 3240 mame.

1283 3270 1365 3308 713.
1393 3254 1580 3303 Teanum]
1621 3259 1791 3306 Tenentur
1822 3255 1950 3307 Qrbin.
1978 3255 2083 3303 prim.
2111 3253 2212 3293 Basil.
2241 3255 2281 3310 βε

1403 3306 1439 3353 V
1458 3317 1478 3344 v
1491 3315 1545 3344 vv
1562 3316 1582 3344 v
1596 3317 1621 3353 ss
2187 3315 2299 3354 quiin
