2483 3616
339 173 1579 239 METAMORPHOSEON
1650 180 1792 238 Lm.

226 311 326 361 310
365 295 496 351 Hoc
519 308 739 365 quoque
763 307 888 345 cum
911 293 1119 358 multi3‚

1867 186 2042 247 XIV.
2117 203 2222 259 959

1152 297 1301 367 quod
1325 298 1460 353 clam
1485 296 1616 352 mihi
1640 297 1821 352 retulit
1846 315 1950 355 una

370 369 641 438 Quattuor
668 366 698 416 e
727 362 961 430 famuli8‚
995 367 1062 421 ad
1090 369 1209 422 talia
1233 370 1372 424 sacra
1394 370 1600 442 paratiS.

367 440 511 493 Cum
535 436 675 490 duee
700 453 930 510 namque
955 456 1079 493 meo
1105 440 1267 495 Circe
1293 441 1424 497 dum
1450 442 1559 496 sola
1582 452 1850 506 moratur,

363 511 450 565 Illa
475 508 604 562 mihi
630 510 790 564 niveo
814 509 1012 565 faustum
1037 511 1107 566 de
1133 530 1398 568 marmore
1424 514 1631 585 iignum

363 581 612 636 Ostendit
637 581 902 652 juvenile,
938 601 1126 655 gerens
1151 586 1206 639 in
1230 587 1432 640 vertice
1457 587 1666 657 picum,

218 669 310 726 315
356 653 501 710 AEde
525 655 665 708 sacr&
687 655 943 727 positum,
982 657 1268 730 multisque
1291 658 1491 729 insigne
1519 659 1750 714 coronis,

364 728 501 800 Quis
525 726 692 789 foret,
734 727 789 781 &
816 745 982 801 quare
1006 728 1146 784 faerit
1172 732 1440 785 coleretur
1465 730 1521 785 in
1549 731 1712 794 aede,

365 799 641 880 Curbanc
665 799 830 880 ferret
856 818 1005 854 avem
1023 840 1039 864 ,
1076 804 1385 875 quaerenti,
1423 802 1478 857 &
1503 804 1635 857 scire
1660 802 1890 867 volenti,

368 874 605 943 Accipe,
639 884 748 926 ait:
788 871 1084 927 Macareu:
1126 875 1483 949 dominaeque
1508 875 1748 947 potentia
1773 893 1908 949 quae
1941 877 2003 931 fit

369 943 522 999 Hinc
546 961 762 1017 quoque
787 944 930 998 disce
955 962 1121 1000 meae.
1162 959 1220 1002 tu
1247 947 1398 1003 dietis
1423 948 1593 1019 adjice
1619 962 1877 1004 mentem.

659 1067 822 1115 FAB.

888 1065 1031 1130 yn.
1097 1070 1693 1122 ARGUMENTUM.

937 1185 1076 1233 Picus
1107 1187 1157 1233 in
1192 1187 1360 1235 Avem.

149 1317 164 1337 ³
197 1310 326 1357 Picus
351 1342 366 1367 ‚
409 1322 459 1352 ex
485 1308 677 1368 progenie
713 1303 931 1364 Saturni,
977 1321 1051 1352 rex
1088 1305 1343 1364 Tyrrheniae
1364 1341 1379 1367 ‚
1424 1323 1529 1369 qaae
1555 1307 1695 1370 postea
1720 1308 1860 1354 Italia
1882 1308 1994 1356 dieta
2017 1308 2099 1369 est,
2133 1325 2226 1356 cam

83 1379 127 1424 in
150 1392 247 1438 agro
281 1373 490 1422 Laurenti
518 1381 776 1428 venaretur,
809 1369 925 1430 visas
957 1387 984 1417 a
1010 1373 1158 1430 Circe,
1184 1382 1356 1431 propter
1377 1375 1576 1419 eximiam
1594 1372 1945 1433 palchritudinem
1967 1375 2022 1436 est
2044 1375 2225 1420 adama-

85 1452 167 1487 tas.
204 1441 286 1487 Sed
306 1454 396 1487 cam
420 1451 560 1483 amore
584 1436 762 1496 conjugis
773 1434 882 1493 saae
904 1435 1122 1482 devinctas
1144 1437 1379 1498 adpetitam
1399 1439 1498 1485 deae
1520 1439 1736 1500 rejiceret,
1771 1438 1824 1485 ab
1847 1439 1987 1487 eadem
2011 1440 2058 1487 ob
2080 1437 2098 1464 b
2132 1455 2227 1486 con-

85 1516 285 1568 temptam
310 1509 353 1552 in
375 1516 498 1550 avem
513 1502 657 1561 picam
680 1508 869 1546 mutatas
891 1501 961 1562 est.

233 1638 334 1684 320
374 1615 586 1753 Picus
611 1617 666 1670 in
693 1613 940 1668 Ausoniis
971 1615 1145 1686 proles
1172 1615 1412 1671 Saturnia
1437 1617 1593 1671 terris

488 1688 615 1744 Rex
640 1686 770 1750 fuit,
809 1687 1020 1742 utilium
1045 1688 1184 1743 bello
1211 1687 1466 1745 studiosus
1491 1707 1770 1762 equorum.

87 1903 143 1942 lta
160 1904 223 1942 has
243 1902 422 1942 diffiones
439 1899 632 1950 conjunxit
651 1898 707 1936 M.
725 1897 872 1936 Tullius
890 1909 956 1947 pro
978 1897 1128 1937 Flacco.

92 1954 185 1990 cam
213 1967 264 2001 ego
286 1982 296 1998 ,
342 1953 483 2002 inquit,
519 1961 574 1994 te,
601 1949 739 1993 Flacce,
769 1948 900 1985 caelum
929 1951 1126 1998 noctemque

91 2002 295 2048 contestans,
326 2001 413 2052 flens
436 2001 574 2052 flentem
603 1999 800 2047 obtestahar.
839 2000 886 2037 Et
915 2000 1010 2037 alibi.
1046 2005 1126 2036 Non

90 2051 183 2089 enim
204 2052 320 2099 vidisti
333 2054 482 2098 fratrem
503 2062 605 2088 tuum
619 2078 630 2095 ‚
657 2064 724 2087 non
742 2063 818 2087 eam
832 2077 842 2094 ,
870 2063 971 2100 quem
982 2049 1127 2099 relique-

91 2115 162 2139 ras.
190 2114 257 2138 non
289 2114 389 2146 eum,
424 2114 522 2150 quem
553 2114 664 2138 noras:
698 2114 765 2138 non
786 2114 887 2144 eum,
924 2113 1023 2149 quem
1036 2099 1127 2149 flens

90 2150 228 2198 flentem
250 2179 260 2196 ,
289 2150 538 2201 prosequentem
566 2150 770 2200 proficiscens
803 2151 982 2200 dimiseras
1005 2178 1014 2193 ‚
1055 2162 1127 2190 &c-

91 2202 263 2292 giorau.
298 2201 551 2251 Amplectimur
579 2202 761 2240 meliores.
787 2201 945 2240 Videtur
969 2200 1128 2239 scriben-

119 2264 181 2291 um
197 2280 209 2299 ,

505 2312 548 2341 (θ’
562 2301 711 2350 subjesta
728 2301 864 2339 lacertis

141 2353 305 2392 Brachia.
332 2364 410 2390 tum
432 2351 569 2401 flentem
579 2350 701 2400 flentes
720 2352 960 2400 amplectimur
979 2352 1095 2391 illum.

89 2404 235 2443 Hsms.
263 2404 520 2452 Amptettimur
539 2402 630 2440 ulnis
653 2402 821 2440 Francof.
841 2404 879 2440 &
903 2414 1043 2441 novem
1055 2404 1127 2441 alii.

89 2466 135 2495 ω’
152 2456 250 2493 deest
272 2455 407 2493 multis.

140 2517 224 2555 310.
253 2511 345 2542 Cum
367 2503 524 2553 multis.]
554 2509 624 2539 Hoc
645 2515 776 2552 quoque
795 2514 872 2538 cum
887 2501 1008 2541 multis
1019 2516 1129 2554 quon-

6 2546 7 2551 ’
59 2561 68 2563 “
89 2556 173 2593 dam
196 2555 285 2594 mihi
305 2555 424 2592 retulit
445 2567 515 2590 una
536 2554 688 2590 Cantab.
709 2554 836 2590 &tres
855 2553 927 2591 ain.

140 2619 223 2656 311.
249 2605 397 2654 Sacra.]
428 2607 534 2644 Fabia
552 2605 659 2652 prim.
681 2603 802 2641 Vatic.

140 2669 221 2706 314.
249 2656 402 2703 ostendit
425 2654 620 2704 juvenile]
653 2653 694 2691 In
717 2665 804 2691 meo
824 2652 953 2691 codice
970 2653 1126 2703 legitur,

89 2707 290 2754 simoniale,
316 2706 420 2755 quod
440 2718 518 2743 non
544 2706 664 2742 minus
685 2704 801 2752 probo
817 2732 826 2746 ,
853 2715 938 2741 nam
960 2705 1128 2749 Juvena-

10 2774 11 2798 l
89 2758 131 2796 tis
157 2759 200 2796 ab
219 2756 485 2806 antiquioribus
505 2756 626 2805 potius
645 2754 759 2804 quum
782 2754 968 2800 Juvenilis
983 2754 1128 2792 diceba-

12 2845 13 2849 ,
89 2816 159 2846 tur.
186 2808 282 2846 unde
310 2806 532 2852 Juvenalia,
568 2817 612 2846 ey·
644 2804 841 2851 Juvenales
862 2805 937 2841 ludi
964 2804 1125 2848 Tacito,

12 2859 14 2895 l
90 2859 271 2896 Suetonio
293 2885 303 2900 ‚
342 2858 554 2905 Capitolino
591 2857 629 2893 δε
659 2856 734 2893 aliis
759 2883 768 2899 ‚
804 2867 903 2893 nunc
932 2855 1127 2899 Juvenalis

13 2902 14 2919 ¹
93 2910 131 2947 δί
156 2908 325 2956 juvenilis
354 2907 484 2944 dicitur
507 2935 517 2951 ,
561 2915 600 2945 ut
629 2905 757 2944 auetor
786 2906 834 2942 est
862 2905 1057 2943 Priscianus
1088 2906 1124 2943 in

14 2964 16 3009 l
58 2991 64 2997 .
91 2967 234 3008 quarto.
262 2959 413 2996 CONST.
438 2957 534 2995 FAN,
561 2958 653 2994 Puto
671 2957 757 2995 huic
771 2956 883 2993 versui
898 2967 1126 3004 praeponen-

15 3012 16 3025 ¹
92 3010 181 3047 dum
210 3007 279 3046 effe
306 3009 432 3052 illum,
459 3008 522 3057 qui
543 3007 721 3055 sequitur,
748 3007 838 3044 AEde
851 3007 954 3055 sacra
968 3004 1126 3055 positum.

16 3090 17 3104 2
90 3059 236 3097 Heius.
267 3058 447 3105 Ostendens
468 3069 602 3105 magno
629 3068 785 3094 numero
808 3066 960 3094 veteres.
987 3057 1025 3093 in
1046 3070 1125 3093 ver-

89 3110 152 3146 tice
165 3111 295 3157 saxum
321 3110 491 3147 Gronov.
510 3108 616 3156 prim.
644 3109 681 3143 δέ
713 3106 788 3144 duo
809 3108 880 3145 alii.
900 3109 1016 3154 ferens
1036 3107 1125 3146 duo.

86 3161 214 3209 pictum
235 3162 319 3198 Sixi.
341 3159 424 3208 pisci
446 3169 536 3196 unus
555 3155 707 3193 Heinfii.

140 3211 222 3260 316.
247 3212 335 3259 Quis
349 3208 481 3257 foret]
508 3207 702 3256 Qidjbret
720 3205 818 3250 duo,
847 3205 1028 3244 celebretur
1042 3215 1126 3246 tres.

137 3272 221 3309 319.
249 3261 346 3309 Disce
377 3259 508 3310 meaa]
545 3259 667 3307 Disce,
697 3256 780 3295 meis
811 3265 852 3295 tu
871 3255 970 3294 dietis
997 3257 1129 3297 Thua-

86 3319 189 3350 RCUS·

2095 1759 2228 1817 For-

1232 1908 1249 1927 2·
1274 1899 1376 1938 Picus
1405 1899 1505 1950 eye]
1536 1899 1775 1949 Transscripfi
1797 1911 1842 1938 ex
1863 1898 2079 1950 Micylliana
2095 1898 2231 1938 editio-

1179 1962 1239 1989 ne.
1267 1952 1413 1990 Veneta
1443 1953 1481 1989 ὃ(
1516 1951 1584 1989 Ms.
1605 1964 1681 1989 non
1703 1951 1838 1989 habent
1858 1951 1933 1989 hoc
1952 1959 2229 1999 argumentum.

1181 2001 1299 2050 Quod
1329 2003 1528 2040 Raenerius
1561 2002 1662 2040 dedit
1683 2030 1694 2047 ‚
1740 2001 1948 2039 desumtum
1980 2013 2025 2038 ex
2057 2001 2230 2049 Regianis

1183 2054 1480 2097 commentariis,
1508 2054 1628 2090 immo
1652 2054 1751 2087 κατὰ
1770 2052 1864 2089 πόέοι
1886 2051 2117 2098 descriptum.
2145 2051 2229 2087 No-

1183 2104 1263 2141 nius
1274 2104 1391 2151 capite
1404 2103 1448 2139 de
1464 2103 1674 2141 Dodiorum
1688 2103 1877 2150 Indagine:
1896 2102 2083 2138 Picumnus
2094 2100 2228 2139 &avis

1182 2153 1226 2200 est
1248 2153 1363 2190 Marti
1380 2153 1497 2190 dicata
1512 2181 1521 2197 ,
1548 2167 1656 2202 quam
1673 2153 1788 2201 picam
1807 2151 1864 2188 vel
1879 2152 1992 2201 picam
2011 2160 2159 2194 vocant,
2185 2161 2229 2190 (φ’

1183 2204 1286 2250 deus,
1315 2204 1376 2252 qui
1387 2205 1496 2252 sacris
1516 2203 1680 2240 Romanis
1698 2201 1895 2239 adhibetur.
1920 2200 2087 2238 AEmilius
2107 2206 2228 2237 Macer

1183 2255 1223 2291 in
1243 2254 1446 2303 Theogoniae
1466 2253 1552 2291 libro
1566 2254 1689 2303 primo.
1728 2258 1773 2289 Et
1791 2265 1882 2289 nunc
1900 2250 2036 2300 agrestis
2054 2252 2144 2287 inter
2166 2250 2229 2287 Pi-

1184 2318 1321 2342 cumnos
1341 2305 1497 2342 habetur.
1526 2304 1648 2342 Scribe
1668 2332 1678 2348 ,
1715 2302 1994 2351 Ornithogom'ae.
2019 2301 2226 2339 Diomedes

1182 2355 1242 2393 lib.
1264 2368 1289 2392 1.
1319 2362 1439 2392 Macer
1460 2354 1629 2392 AEmilias
1659 2353 1925 2402 Ornithogoniae
1945 2351 2106 2401 fiectendo.
2144 2350 2227 2389 Ad-

1183 2405 1228 2443 de
1262 2406 1367 2443 Plinii
1394 2406 1584 2443 Elenchon
1614 2405 1807 2442 auetorum
1831 2403 1888 2440 lib.
1910 2415 1945 2439 x.
1973 2414 2048 2439 non
2070 2402 2229 2449 ignoro,

1178 2456 1227 2493 ita
1248 2456 1285 2493 in
1298 2456 1417 2493 Plinio
1429 2456 1625 2504 legendum
1648 2453 1717 2492 effe
1730 2454 1872 2502 pridem
1886 2450 2064 2490 monuiffe
2077 2452 2229 2489 Gotho-

1179 2505 1324 2543 fredum
1345 2519 1357 2549 ;
1397 2517 1554 2550 verum,
1581 2517 1665 2543 cum
1695 2503 1964 2542 emendationis
1982 2503 2064 2540 suae
2087 2501 2228 2540 nullam

1183 2556 1242 2593 ille
1263 2556 1387 2593 reddat
1408 2557 1589 2594 rationem
1604 2584 1613 2598 ,
1643 2556 1733 2593 mihi
1747 2582 1757 2599 ,
1786 2554 1844 2592 cui
1865 2553 1993 2591 eadem
2008 2554 2044 2590 in
2058 2560 2227 2590 mentem

1183 2607 1322 2649 veniat,
1336 2606 1543 2644 faciendum
1555 2606 1591 2643 id
1606 2606 1742 2655 putavi.
1769 2605 1990 2642 Moucxfin.
2021 2603 2222 2640 Raenerius

1182 2657 1231 2693 ita
1245 2656 1404 2701 exhibet,
1425 2657 1525 2694 Picus
1537 2684 1547 2701 ‚
1569 2656 1712 2693 Saturni
1725 2655 1820 2701 filias
1833 2683 1844 2700 ,
1873 2655 1968 2691 Latii
1979 2666 2053 2697 rex,
2066 2666 2144 2689 cum
2155 2658 2229 2690 Ca·

1183 2717 1321 2743 nentem
1341 2707 1436 2752 Jani
1462 2720 1503 2743 ex
1537 2706 1669 2744 Venilia
1690 2705 1811 2754 filiam
1841 2702 1987 2754 duxisset
2006 2716 2170 2747 uxorem,
2198 2702 2226 2740 ἰι

1182 2757 1280 2794 Circe
1307 2758 1344 2794 in
1371 2757 1555 2793 venatione
1580 2757 1696 2804 visus,
1715 2756 1839 2803 statim
1872 2755 1915 2791 ab
1945 2767 1984 2792 ea
2009 2765 2149 2791 amatus
2169 2753 2223 2801 est.

1183 2808 1251 2844 Cui
1270 2820 1347 2844 cum
1370 2821 1496 2844 morem
1513 2821 1624 2854 gerere
1641 2806 1743 2843 nollet
1758 2834 1768 2850 ,
1796 2806 1840 2843 ab
1859 2819 1897 2842 ea
1916 2805 1954 2842 in
1975 2804 2142 2850 avemsui
2164 2817 2226 2839 no-

1182 2857 1288 2894 minis
1307 2867 1466 2894 matatus
1485 2857 1538 2904 est.
1568 2857 1609 2894 In
1631 2858 1747 2894 Parm.
1763 2858 1800 2894 &
1814 2855 1932 2904 Lugd.
1945 2854 2226 2892 desiderabatur.

1180 2908 1218 2945 in
1246 2907 1462 2945 Coloniensi
1491 2915 1567 2945 erat
1594 2908 1670 2944 fere
1700 2915 1740 2945 ut
1769 2908 1806 2945 in
1834 2906 2068 2953 Micylliana,
2105 2904 2143 2940 &
2170 2902 2224 2940 se-

1181 2959 1331 3008 quentia
1350 2957 1426 2995 duo
1445 2967 1665 3006 argumento
1682 2958 1769 2995 huic
1791 2956 2043 2994 adhaerebant.

1233 3019 1251 3047 ¹³
1275 3019 1537 3070 Coigtemtum]
1569 3025 1792 3056 contemtum
1812 3019 1883 3067 ejus
1907 3016 2042 3054 Colon.

1232 3097 1319 3136 320.
1347 3085 1448 3134 Picus
1474 3084 1512 3120 in
1547 3083 1736 3131 Aafhniis‚
1772 3082 1878 3130 proles
1903 3078 2069 3118 Saturnia
2086 3106 2097 3124 2
2125 3078 2228 3118 terris

1181 3135 1380 3185 Rexfait‚]
1411 3134 1515 3182 Virg.
1534 3134 1596 3171 lib.
1614 3145 1686 3170 vu.
1706 3131 1765 3179 48.
1792 3131 1838 3169 de
1858 3134 1931 3171 hoc
1951 3132 2060 3169 Picoz

1537 3207 1632 3255 isque
1646 3215 1825 3256 parentem

1187 3310 1219 3347 C
1235 3264 1279 3295 Te
1293 3287 1303 3302 ,
1325 3264 1472 3297 Saturne
1486 3285 1497 3305 ,
1514 3259 1629 3307 refert.-
1653 3267 1693 3296 tu
1706 3254 1887 3307 sanguinis
1908 3254 2055 3294 ultimus
2072 3256 2202 3293 auster.

1222 3321 1356 3348 tofan-

2064 3367 2146 3406 322.
2174 3355 2233 3393 Li-
