<?xml version="1.0" encoding="UTF-8"?>
<!DOCTYPE html PUBLIC "-//W3C//DTD XHTML 1.0 Transitional//EN"
    "http://www.w3.org/TR/xhtml1/DTD/xhtml1-transitional.dtd">
<html xmlns="http://www.w3.org/1999/xhtml" xml:lang="en" lang="en">
 <head>
  <title>
</title>
<meta http-equiv="Content-Type" content="text/html;charset=utf-8" />
  <meta name='ocr-system' content='tesseract 3.04.00' />
  <meta name='ocr-capabilities' content='ocr_page ocr_carea ocr_par ocr_line ocrx_word'/>
</head>
<body>
  <div class='ocr_page' id='page_1' title='image "./publiiovidiinaso02ovid_0104.png"; bbox 0 0 2483 3616; ppageno 0'>
   <div class='ocr_carea' id='block_1_1' title="bbox 221 146 1246 234">
    <p class='ocr_par' dir='ltr' id='par_1_1' title="bbox 221 146 1246 234">
     <span class='ocr_line' id='line_1_1' title="bbox 221 146 1246 234; baseline -0.005 -26"><span class='ocrx_word' id='word_1_1' title='bbox 221 182 290 234; x_wconf 50' lang='lat'><strong>94,</strong></span> <span class='ocrx_word' id='word_1_2' title='bbox 694 146 1246 208; x_wconf 74' lang='lat' dir='ltr'><strong>P.OV1D11</strong></span> 
     </span>
    </p>
   </div>
   <div class='ocr_carea' id='block_1_2' title="bbox 1320 141 1854 203">
    <p class='ocr_par' dir='ltr' id='par_1_2' title="bbox 1320 141 1854 203">
     <span class='ocr_line' id='line_1_2' title="bbox 1320 141 1854 203; baseline -0.007 0"><span class='ocrx_word' id='word_1_3' title='bbox 1320 141 1854 203; x_wconf 87' lang='lat' dir='ltr'><strong>NASONIS</strong></span> 
     </span>
    </p>
   </div>
   <div class='ocr_carea' id='block_1_3' title="bbox 406 252 2040 1279">
    <p class='ocr_par' dir='ltr' id='par_1_3' title="bbox 406 252 2040 1279">
     <span class='ocr_line' id='line_1_3' title="bbox 513 252 2028 329; baseline -0.003 -17"><span class='ocrx_word' id='word_1_4' title='bbox 513 256 821 329; x_wconf 76' lang='lat' dir='ltr'>Proteaque</span> <span class='ocrx_word' id='word_1_5' title='bbox 845 257 1183 326; x_wconf 85' lang='lat' dir='ltr'><strong>ambiguum,</strong></span> <span class='ocrx_word' id='word_1_6' title='bbox 1220 252 1664 326; x_wconf 73' lang='lat' dir='ltr'><strong>balaenarumque</strong></span> <span class='ocrx_word' id='word_1_7' title='bbox 1686 264 2028 326; x_wconf 82' lang='lat' dir='ltr'><strong>prementem</strong></span> 
     </span>
     <span class='ocr_line' id='line_1_4' title="bbox 409 327 1650 401; baseline -0.005 -17"><span class='ocrx_word' id='word_1_8' title='bbox 409 348 476 385; x_wconf 89' lang='lat'><strong>-10</strong></span> <span class='ocrx_word' id='word_1_9' title='bbox 514 332 805 401; x_wconf 79' lang='lat' dir='ltr'><strong>Aegaeona</strong></span> <span class='ocrx_word' id='word_1_10' title='bbox 828 330 930 383; x_wconf 85' lang='lat' dir='ltr'><strong>suis</strong></span> <span class='ocrx_word' id='word_1_11' title='bbox 953 327 1205 383; x_wconf 89' lang='lat' dir='ltr'><strong>immania</strong></span> <span class='ocrx_word' id='word_1_12' title='bbox 1230 339 1379 397; x_wconf 84' lang='lat' dir='ltr'><strong>terga</strong></span> <span class='ocrx_word' id='word_1_13' title='bbox 1414 327 1650 389; x_wconf 84' lang='lat' dir='ltr'><strong>lacertis,</strong></span> 
     </span>
     <span class='ocr_line' id='line_1_5' title="bbox 508 399 2005 475; baseline -0.003 -18"><span class='ocrx_word' id='word_1_14' title='bbox 508 404 858 475; x_wconf 85' lang='lat' dir='ltr'><strong>Doridaque,</strong></span> <span class='ocrx_word' id='word_1_15' title='bbox 885 401 941 455; x_wconf 84' lang='lat'>&amp;</span> <span class='ocrx_word' id='word_1_16' title='bbox 967 415 1139 455; x_wconf 84' lang='lat' dir='ltr'><strong>natas:</strong></span> <span class='ocrx_word' id='word_1_17' title='bbox 1179 417 1405 471; x_wconf 87' lang='lat' dir='ltr'><strong>quarum</strong></span> <span class='ocrx_word' id='word_1_18' title='bbox 1429 415 1548 469; x_wconf 87' lang='lat' dir='ltr'><strong>pars</strong></span> <span class='ocrx_word' id='word_1_19' title='bbox 1571 415 1697 452; x_wconf 88' lang='lat' dir='ltr'><strong>nare</strong></span> <span class='ocrx_word' id='word_1_20' title='bbox 1723 399 2005 465; x_wconf 82' lang='lat' dir='ltr'><strong>videntur,</strong></span> 
     </span>
     <span class='ocr_line' id='line_1_6' title="bbox 510 470 1812 543; baseline -0.005 -11"><span class='ocrx_word' id='word_1_21' title='bbox 510 477 638 532; x_wconf 82' lang='lat' dir='ltr'><strong>Pars</strong></span> <span class='ocrx_word' id='word_1_22' title='bbox 662 477 719 530; x_wconf 89' lang='lat' dir='ltr'><strong>in</strong></span> <span class='ocrx_word' id='word_1_23' title='bbox 746 476 888 529; x_wconf 88' lang='lat' dir='ltr'><strong>mole</strong></span> <span class='ocrx_word' id='word_1_24' title='bbox 913 474 1101 528; x_wconf 85' lang='lat' dir='ltr'><strong>sedens</strong></span> <span class='ocrx_word' id='word_1_25' title='bbox 1130 472 1328 527; x_wconf 83' lang='lat' dir='ltr'><strong>virides</strong></span> <span class='ocrx_word' id='word_1_26' title='bbox 1351 470 1543 526; x_wconf 88' lang='lat' dir='ltr'><strong>ficcare</strong></span> <span class='ocrx_word' id='word_1_27' title='bbox 1568 471 1812 543; x_wconf 83' lang='lat' dir='ltr'><strong>capillos;</strong></span> 
     </span>
     <span class='ocr_line' id='line_1_7' title="bbox 513 544 1894 621; baseline -0.003 -17"><span class='ocrx_word' id='word_1_28' title='bbox 513 550 666 605; x_wconf 84' lang='lat' dir='ltr'><strong>Pisce</strong></span> <span class='ocrx_word' id='word_1_29' title='bbox 691 548 814 602; x_wconf 90' lang='lat' dir='ltr'><strong>vehi</strong></span> <span class='ocrx_word' id='word_1_30' title='bbox 839 546 1121 621; x_wconf 83' lang='lat' dir='ltr'><strong>quaedam.</strong></span> <span class='ocrx_word' id='word_1_31' title='bbox 1169 546 1330 601; x_wconf 85' lang='lat' dir='ltr'><strong>facies</strong></span> <span class='ocrx_word' id='word_1_32' title='bbox 1353 563 1465 600; x_wconf 92' lang='lat' dir='ltr'><strong>non</strong></span> <span class='ocrx_word' id='word_1_33' title='bbox 1489 544 1735 600; x_wconf 85' lang='lat' dir='ltr'><strong>omnibus</strong></span> <span class='ocrx_word' id='word_1_34' title='bbox 1760 563 1894 610; x_wconf 88' lang='lat' dir='ltr'><strong>una,</strong></span> 
     </span>
     <span class='ocr_line' id='line_1_8' title="bbox 511 615 1944 693; baseline -0.003 -16"><span class='ocrx_word' id='word_1_35' title='bbox 511 623 632 678; x_wconf 91' lang='lat' dir='ltr'><strong>Nec</strong></span> <span class='ocrx_word' id='word_1_36' title='bbox 658 621 862 676; x_wconf 78' lang='lat' dir='ltr'><strong>diversa</strong></span> <span class='ocrx_word' id='word_1_37' title='bbox 889 636 1096 675; x_wconf 89' lang='lat' dir='ltr'><strong>tamen:</strong></span> <span class='ocrx_word' id='word_1_38' title='bbox 1138 620 1349 693; x_wconf 88' lang='lat' dir='ltr'><strong>qualem</strong></span> <span class='ocrx_word' id='word_1_39' title='bbox 1373 618 1533 671; x_wconf 91' lang='lat' dir='ltr'><strong>decet</strong></span> <span class='ocrx_word' id='word_1_40' title='bbox 1558 615 1662 672; x_wconf 85' lang='lat' dir='ltr'><strong>effe</strong></span> <span class='ocrx_word' id='word_1_41' title='bbox 1683 617 1944 674; x_wconf 89' lang='lat' dir='ltr'><strong>sororum.</strong></span> 
     </span>
     <span class='ocr_line' id='line_1_9' title="bbox 406 689 1997 766; baseline -0.004 -15"><span class='ocrx_word' id='word_1_42' title='bbox 406 715 472 766; x_wconf 66' lang='grc' dir='ltr'><strong>ῖς</strong></span> <span class='ocrx_word' id='word_1_43' title='bbox 507 695 684 750; x_wconf 92' lang='lat' dir='ltr'><strong>Terra</strong></span> <span class='ocrx_word' id='word_1_44' title='bbox 706 696 876 758; x_wconf 80' lang='lat' dir='ltr'><strong>vir08‚</strong></span> <span class='ocrx_word' id='word_1_45' title='bbox 914 693 1180 766; x_wconf 81' lang='lat' dir='ltr'><strong>urbesque</strong></span> <span class='ocrx_word' id='word_1_46' title='bbox 1207 691 1371 761; x_wconf 85' lang='lat' dir='ltr'><strong>gerit,</strong></span> <span class='ocrx_word' id='word_1_47' title='bbox 1406 689 1686 763; x_wconf 80' lang='lat' dir='ltr'><strong>silvasque,</strong></span> <span class='ocrx_word' id='word_1_48' title='bbox 1724 691 1997 765; x_wconf 83' lang='lat' dir='ltr'><strong>ferasque,</strong></span> 
     </span>
     <span class='ocr_line' id='line_1_10' title="bbox 518 762 2040 840; baseline -0.003 -17"><span class='ocrx_word' id='word_1_49' title='bbox 518 769 869 840; x_wconf 89' lang='lat' dir='ltr'><strong>Fluminaque</strong></span> <span class='ocrx_word' id='word_1_50' title='bbox 886 806 900 828; x_wconf 89' lang='lat'>‚</span> <span class='ocrx_word' id='word_1_51' title='bbox 928 767 984 820; x_wconf 86' lang='lat'>&amp;</span> <span class='ocrx_word' id='word_1_52' title='bbox 1012 764 1314 836; x_wconf 83' lang='lat' dir='ltr'><strong>Nymphas,</strong></span> <span class='ocrx_word' id='word_1_53' title='bbox 1365 762 1420 816; x_wconf 70' lang='grc' dir='ltr'><strong>δε</strong></span> <span class='ocrx_word' id='word_1_54' title='bbox 1448 776 1628 817; x_wconf 90' lang='lat' dir='ltr'><strong>cetera</strong></span> <span class='ocrx_word' id='word_1_55' title='bbox 1650 766 1864 819; x_wconf 89' lang='lat' dir='ltr'><strong>numina</strong></span> <span class='ocrx_word' id='word_1_56' title='bbox 1888 765 2040 819; x_wconf 82' lang='lat' dir='ltr'><strong>ruris.</strong></span> 
     </span>
     <span class='ocr_line' id='line_1_11' title="bbox 516 835 1904 910; baseline -0.002 -15"><span class='ocrx_word' id='word_1_57' title='bbox 516 840 676 896; x_wconf 88' lang='lat' dir='ltr'><strong>Haec</strong></span> <span class='ocrx_word' id='word_1_58' title='bbox 703 839 857 910; x_wconf 91' lang='lat' dir='ltr'><strong>super</strong></span> <span class='ocrx_word' id='word_1_59' title='bbox 881 836 1126 909; x_wconf 80' lang='lat' dir='ltr'><strong>imposita</strong></span> <span class='ocrx_word' id='word_1_60' title='bbox 1152 835 1227 890; x_wconf 92' lang='lat' dir='ltr'><strong>est</strong></span> <span class='ocrx_word' id='word_1_61' title='bbox 1250 835 1388 891; x_wconf 92' lang='lat' dir='ltr'><strong>coeli</strong></span> <span class='ocrx_word' id='word_1_62' title='bbox 1426 835 1677 908; x_wconf 84' lang='lat' dir='ltr'><strong>fulgentis</strong></span> <span class='ocrx_word' id='word_1_63' title='bbox 1700 836 1904 909; x_wconf 84' lang='lat' dir='ltr'>imago:</span> 
     </span>
     <span class='ocr_line' id='line_1_12' title="bbox 515 909 2017 984; baseline -0.002 -17"><span class='ocrx_word' id='word_1_64' title='bbox 515 912 786 984; x_wconf 84' lang='lat' dir='ltr'><strong>Signaque</strong></span> <span class='ocrx_word' id='word_1_65' title='bbox 812 912 904 965; x_wconf 82' lang='lat' dir='ltr'><strong>sex</strong></span> <span class='ocrx_word' id='word_1_66' title='bbox 929 909 1133 965; x_wconf 87' lang='lat' dir='ltr'><strong>foribus</strong></span> <span class='ocrx_word' id='word_1_67' title='bbox 1157 909 1387 973; x_wconf 79' lang='lat' dir='ltr'><strong>dextriS,</strong></span> <span class='ocrx_word' id='word_1_68' title='bbox 1427 910 1768 982; x_wconf 85' lang='lat' dir='ltr'><strong>totidemque</strong></span> <span class='ocrx_word' id='word_1_69' title='bbox 1792 910 2017 967; x_wconf 71' lang='lat' dir='ltr'><strong>sinistris,</strong></span> 
     </span>
     <span class='ocr_line' id='line_1_13' title="bbox 518 982 1799 1058; baseline -0.002 -18"><span class='ocrx_word' id='word_1_70' title='bbox 518 985 650 1058; x_wconf 86' lang='lat' dir='ltr'><strong>Quo</strong></span> <span class='ocrx_word' id='word_1_71' title='bbox 676 984 828 1039; x_wconf 81' lang='lat' dir='ltr'><strong>simul</strong></span> <span class='ocrx_word' id='word_1_72' title='bbox 849 984 1055 1038; x_wconf 87' lang='lat' dir='ltr'><strong>acclivo</strong></span> <span class='ocrx_word' id='word_1_73' title='bbox 1081 982 1400 1056; x_wconf 76' lang='lat' dir='ltr'><strong>Clymeneia</strong></span> <span class='ocrx_word' id='word_1_74' title='bbox 1424 983 1595 1037; x_wconf 87' lang='lat' dir='ltr'><strong>limite</strong></span> <span class='ocrx_word' id='word_1_75' title='bbox 1621 982 1799 1055; x_wconf 88' lang='lat' dir='ltr'><strong>proles</strong></span> 
     </span>
     <span class='ocr_line' id='line_1_14' title="bbox 411 1054 1780 1128; baseline -0.004 -14"><span class='ocrx_word' id='word_1_76' title='bbox 411 1079 482 1116; x_wconf 79' lang='lat'><strong>20</strong></span> <span class='ocrx_word' id='word_1_77' title='bbox 519 1058 718 1123; x_wconf 86' lang='lat' dir='ltr'><strong>Venit,</strong></span> <span class='ocrx_word' id='word_1_78' title='bbox 761 1059 817 1112; x_wconf 74' lang='grc' dir='ltr'><strong>δε</strong></span> <span class='ocrx_word' id='word_1_79' title='bbox 849 1057 1066 1113; x_wconf 88' lang='lat' dir='ltr'><strong>intravit</strong></span> <span class='ocrx_word' id='word_1_80' title='bbox 1098 1056 1328 1111; x_wconf 86' lang='lat' dir='ltr'><strong>dubitati</strong></span> <span class='ocrx_word' id='word_1_81' title='bbox 1354 1054 1491 1110; x_wconf 63' lang='lat' dir='ltr'><strong>tecta</strong></span> <span class='ocrx_word' id='word_1_82' title='bbox 1517 1056 1780 1128; x_wconf 74' lang='lat' dir='ltr'><strong>parentis3</strong></span> 
     </span>
     <span class='ocr_line' id='line_1_15' title="bbox 519 1129 1799 1203; baseline -0.003 -17"><span class='ocrx_word' id='word_1_83' title='bbox 519 1131 774 1186; x_wconf 83' lang='lat' dir='ltr'><strong>Protinus</strong></span> <span class='ocrx_word' id='word_1_84' title='bbox 800 1130 867 1184; x_wconf 90' lang='lat' dir='ltr'><strong>ad</strong></span> <span class='ocrx_word' id='word_1_85' title='bbox 890 1131 1090 1203; x_wconf 85' lang='lat' dir='ltr'><strong>patrios</strong></span> <span class='ocrx_word' id='word_1_86' title='bbox 1113 1130 1202 1185; x_wconf 85' lang='lat' dir='ltr'><strong>sua</strong></span> <span class='ocrx_word' id='word_1_87' title='bbox 1224 1129 1330 1185; x_wconf 88' lang='lat' dir='ltr'><strong>fert</strong></span> <span class='ocrx_word' id='word_1_88' title='bbox 1353 1129 1569 1201; x_wconf 83' lang='lat' dir='ltr'><strong>vestigia</strong></span> <span class='ocrx_word' id='word_1_89' title='bbox 1591 1130 1799 1183; x_wconf 86' lang='lat' dir='ltr'><strong>vultus:</strong></span> 
     </span>
     <span class='ocr_line' id='line_1_16' title="bbox 517 1201 1999 1279; baseline -0.001 -20"><span class='ocrx_word' id='word_1_90' title='bbox 517 1204 879 1279; x_wconf 87' lang='lat' dir='ltr'><strong>Confistitque</strong></span> <span class='ocrx_word' id='word_1_91' title='bbox 903 1204 1107 1278; x_wconf 89' lang='lat' dir='ltr'><strong>procul.</strong></span> <span class='ocrx_word' id='word_1_92' title='bbox 1145 1220 1325 1278; x_wconf 88' lang='lat' dir='ltr'><strong>neque</strong></span> <span class='ocrx_word' id='word_1_93' title='bbox 1350 1202 1496 1257; x_wconf 88' lang='lat' dir='ltr'><strong>enim</strong></span> <span class='ocrx_word' id='word_1_94' title='bbox 1519 1202 1773 1275; x_wconf 88' lang='lat' dir='ltr'><strong>propiora</strong></span> <span class='ocrx_word' id='word_1_95' title='bbox 1795 1201 1999 1258; x_wconf 85' lang='lat' dir='ltr'><strong>ferebat</strong></span> 
     </span>
    </p>
   </div>
   <div class='ocr_carea' id='block_1_4' title="bbox 224 1419 1294 3185">
    <p class='ocr_par' dir='ltr' id='par_1_4' title="bbox 224 1419 1278 1562">
     <span class='ocr_line' id='line_1_17' title="bbox 275 1419 1277 1471; baseline -0.002 -12"><span class='ocrx_word' id='word_1_96' title='bbox 275 1420 315 1459; x_wconf 77' lang='lat'><strong>8.</strong></span> <span class='ocrx_word' id='word_1_97' title='bbox 341 1420 485 1459; x_wconf 81' lang='lat' dir='ltr'><strong>Tritona</strong></span> <span class='ocrx_word' id='word_1_98' title='bbox 505 1420 717 1471; x_wconf 72' lang='lat' dir='ltr'><strong>canorum]</strong></span> <span class='ocrx_word' id='word_1_99' title='bbox 743 1420 909 1465; x_wconf 65' lang='lat' dir='ltr'><strong>Triton}</strong></span> <span class='ocrx_word' id='word_1_100' title='bbox 944 1426 987 1458; x_wconf 87' lang='lat' dir='ltr'><strong>ut</strong></span> <span class='ocrx_word' id='word_1_101' title='bbox 1017 1419 1068 1458; x_wconf 82' lang='lat' dir='ltr'><strong>ait</strong></span> <span class='ocrx_word' id='word_1_102' title='bbox 1089 1419 1277 1458; x_wconf 77' lang='lat' dir='ltr'><strong>Hesiodus</strong></span> 
     </span>
     <span class='ocr_line' id='line_1_18' title="bbox 224 1470 1278 1523; baseline 0 -13"><span class='ocrx_word' id='word_1_103' title='bbox 224 1471 265 1510; x_wconf 74' lang='lat' dir='ltr'><strong>in</strong></span> <span class='ocrx_word' id='word_1_104' title='bbox 289 1471 542 1523; x_wconf 71' lang='lat' dir='ltr'><strong>Theogonia,</strong></span> <span class='ocrx_word' id='word_1_105' title='bbox 569 1473 637 1511; x_wconf 88' lang='lat' dir='ltr'><strong>fuit</strong></span> <span class='ocrx_word' id='word_1_106' title='bbox 650 1472 817 1523; x_wconf 87' lang='lat' dir='ltr'><strong>Neptuni</strong></span> <span class='ocrx_word' id='word_1_107' title='bbox 831 1501 842 1518; x_wconf 91' lang='lat'>,</span> <span class='ocrx_word' id='word_1_108' title='bbox 856 1473 895 1510; x_wconf 92' lang='lat'>&amp;</span> <span class='ocrx_word' id='word_1_109' title='bbox 917 1470 1162 1521; x_wconf 85' lang='lat' dir='ltr'><strong>Amphitrites</strong></span> <span class='ocrx_word' id='word_1_110' title='bbox 1172 1470 1278 1510; x_wconf 81' lang='lat' dir='ltr'><strong>filius.</strong></span> 
     </span>
     <span class='ocr_line' id='line_1_19' title="bbox 225 1523 445 1562; baseline 0.005 -2"><span class='ocrx_word' id='word_1_111' title='bbox 225 1523 445 1562; x_wconf 62' lang='lat' dir='ltr'><strong>(honnus.</strong></span> 
     </span>
    </p>

    <p class='ocr_par' dir='ltr' id='par_1_5' title="bbox 226 1573 1277 1773">
     <span class='ocr_line' id='line_1_20' title="bbox 280 1573 1277 1626; baseline 0 -15"><span class='ocrx_word' id='word_1_112' title='bbox 280 1586 316 1622; x_wconf 87' lang='lat'><strong>9.</strong></span> <span class='ocrx_word' id='word_1_113' title='bbox 339 1581 526 1625; x_wconf 76' lang='lat' dir='ltr'><strong>Proteaque</strong></span> <span class='ocrx_word' id='word_1_114' title='bbox 546 1574 783 1626; x_wconf 57' lang='lat' dir='ltr'><strong>ambiguum]</strong></span> <span class='ocrx_word' id='word_1_115' title='bbox 811 1575 880 1613; x_wconf 88' lang='lat' dir='ltr'><strong>Per</strong></span> <span class='ocrx_word' id='word_1_116' title='bbox 900 1575 1078 1613; x_wconf 83' lang='lat' dir='ltr'><strong>Proteum</strong></span> <span class='ocrx_word' id='word_1_117' title='bbox 1091 1574 1159 1612; x_wconf 86' lang='lat' dir='ltr'><strong>viri</strong></span> <span class='ocrx_word' id='word_1_118' title='bbox 1173 1573 1277 1612; x_wconf 63' lang='lat' dir='ltr'><strong>docti</strong></span> 
     </span>
     <span class='ocr_line' id='line_1_21' title="bbox 227 1623 1276 1674; baseline 0.002 -14"><span class='ocrx_word' id='word_1_119' title='bbox 227 1634 364 1673; x_wconf 73' lang='lat' dir='ltr'><strong>aquam</strong></span> <span class='ocrx_word' id='word_1_120' title='bbox 396 1626 624 1673; x_wconf 80' lang='lat' dir='ltr'><strong>intelligunt,</strong></span> <span class='ocrx_word' id='word_1_121' title='bbox 663 1637 757 1674; x_wconf 85' lang='lat' dir='ltr'><strong>quae</strong></span> <span class='ocrx_word' id='word_1_122' title='bbox 790 1638 922 1664; x_wconf 86' lang='lat' dir='ltr'><strong>omnes</strong></span> <span class='ocrx_word' id='word_1_123' title='bbox 944 1626 1082 1663; x_wconf 86' lang='lat' dir='ltr'><strong>formas</strong></span> <span class='ocrx_word' id='word_1_124' title='bbox 1103 1623 1276 1663; x_wconf 77' lang='lat' dir='ltr'><strong>facillime</strong></span> 
     </span>
     <span class='ocr_line' id='line_1_22' title="bbox 226 1675 1276 1725; baseline 0.004 -15"><span class='ocrx_word' id='word_1_125' title='bbox 226 1675 339 1722; x_wconf 83' lang='lat' dir='ltr'><strong>capit.</strong></span> <span class='ocrx_word' id='word_1_126' title='bbox 363 1676 497 1712; x_wconf 84' lang='lat' dir='ltr'><strong>Variae</strong></span> <span class='ocrx_word' id='word_1_127' title='bbox 519 1676 642 1713; x_wconf 85' lang='lat' dir='ltr'><strong>Protei</strong></span> <span class='ocrx_word' id='word_1_128' title='bbox 663 1677 888 1713; x_wconf 83' lang='lat' dir='ltr'><strong>mutationes</strong></span> <span class='ocrx_word' id='word_1_129' title='bbox 907 1677 1114 1714; x_wconf 82' lang='lat' dir='ltr'><strong>referuntur</strong></span> <span class='ocrx_word' id='word_1_130' title='bbox 1134 1677 1179 1714; x_wconf 75' lang='lat' dir='ltr'><strong>ab</strong></span> <span class='ocrx_word' id='word_1_131' title='bbox 1199 1675 1276 1725; x_wconf 87' lang='lat' dir='ltr'><strong>ipso</strong></span> 
     </span>
     <span class='ocr_line' id='line_1_23' title="bbox 230 1724 884 1773; baseline 0.002 -11"><span class='ocrx_word' id='word_1_132' title='bbox 230 1724 349 1762; x_wconf 89' lang='lat' dir='ltr'><strong>Ovid.</strong></span> <span class='ocrx_word' id='word_1_133' title='bbox 370 1726 429 1763; x_wconf 88' lang='lat' dir='ltr'><strong>lib.</strong></span> <span class='ocrx_word' id='word_1_134' title='bbox 455 1738 524 1763; x_wconf 75' lang='lat' dir='ltr'><strong>ux.</strong></span> <span class='ocrx_word' id='word_1_135' title='bbox 547 1737 631 1773; x_wconf 72' lang='lat'><strong>732.</strong></span> <span class='ocrx_word' id='word_1_136' title='bbox 661 1726 723 1764; x_wconf 91' lang='lat' dir='ltr'><strong>ubi</strong></span> <span class='ocrx_word' id='word_1_137' title='bbox 743 1726 792 1763; x_wconf 89' lang='lat' dir='ltr'><strong>ita</strong></span> <span class='ocrx_word' id='word_1_138' title='bbox 814 1725 884 1763; x_wconf 88' lang='lat' dir='ltr'><strong>est:</strong></span> 
     </span>
    </p>

    <p class='ocr_par' dir='ltr' id='par_1_6' title="bbox 281 1776 1250 1824">
     <span class='ocr_line' id='line_1_24' title="bbox 281 1776 1250 1824; baseline 0 -11"><span class='ocrx_word' id='word_1_139' title='bbox 281 1782 383 1813; x_wconf 86' lang='lat' dir='ltr'><strong>Nam</strong></span> <span class='ocrx_word' id='word_1_140' title='bbox 405 1778 504 1814; x_wconf 88' lang='lat' dir='ltr'><strong>modo</strong></span> <span class='ocrx_word' id='word_1_141' title='bbox 526 1787 557 1813; x_wconf 86' lang='lat' dir='ltr'><strong>te</strong></span> <span class='ocrx_word' id='word_1_142' title='bbox 571 1778 764 1824; x_wconf 83' lang='lat' dir='ltr'><strong>juvenem,</strong></span> <span class='ocrx_word' id='word_1_143' title='bbox 787 1778 884 1814; x_wconf 86' lang='lat' dir='ltr'><strong>modo</strong></span> <span class='ocrx_word' id='word_1_144' title='bbox 903 1786 938 1813; x_wconf 84' lang='lat' dir='ltr'><strong>te</strong></span> <span class='ocrx_word' id='word_1_145' title='bbox 960 1776 1079 1814; x_wconf 82' lang='lat' dir='ltr'><strong>videre</strong></span> <span class='ocrx_word' id='word_1_146' title='bbox 1100 1777 1225 1815; x_wconf 81' lang='lat' dir='ltr'><strong>leonem</strong></span> <span class='ocrx_word' id='word_1_147' title='bbox 1239 1793 1250 1813; x_wconf 88' lang='lat'><strong>.-</strong></span> 
     </span>
    </p>

    <p class='ocr_par' dir='ltr' id='par_1_7' title="bbox 281 1827 1278 1878">
     <span class='ocr_line' id='line_1_25' title="bbox 281 1827 1278 1878; baseline 0.002 -14"><span class='ocrx_word' id='word_1_148' title='bbox 281 1831 389 1864; x_wconf 78' lang='lat' dir='ltr'><strong>Nunc</strong></span> <span class='ocrx_word' id='word_1_149' title='bbox 418 1827 592 1864; x_wconf 81' lang='lat' dir='ltr'><strong>violentus</strong></span> <span class='ocrx_word' id='word_1_150' title='bbox 623 1837 701 1877; x_wconf 85' lang='lat' dir='ltr'><strong>aper</strong></span> <span class='ocrx_word' id='word_1_151' title='bbox 715 1856 725 1873; x_wconf 93' lang='lat'><strong>,</strong></span> <span class='ocrx_word' id='word_1_152' title='bbox 752 1841 868 1873; x_wconf 84' lang='lat' dir='ltr'><strong>nunc,</strong></span> <span class='ocrx_word' id='word_1_153' title='bbox 893 1840 995 1878; x_wconf 80' lang='lat' dir='ltr'><strong>quem</strong></span> <span class='ocrx_word' id='word_1_154' title='bbox 1016 1827 1153 1878; x_wconf 79' lang='lat' dir='ltr'><strong>tetigisse</strong></span> <span class='ocrx_word' id='word_1_155' title='bbox 1175 1829 1278 1866; x_wconf 85' lang='lat' dir='ltr'><strong>time·</strong></span> 
     </span>
    </p>

    <p class='ocr_par' dir='ltr' id='par_1_8' title="bbox 412 1888 513 1922">
     <span class='ocr_line' id='line_1_26' title="bbox 412 1888 513 1922; baseline 0 -8"><span class='ocrx_word' id='word_1_156' title='bbox 412 1888 489 1915; x_wconf 87' lang='lat' dir='ltr'><strong>rent</strong></span> <span class='ocrx_word' id='word_1_157' title='bbox 503 1906 513 1922; x_wconf 90' lang='lat'>‚</span> 
     </span>
    </p>

    <p class='ocr_par' dir='ltr' id='par_1_9' title="bbox 280 1927 1255 1977">
     <span class='ocr_line' id='line_1_27' title="bbox 280 1927 1255 1977; baseline 0.002 -11"><span class='ocrx_word' id='word_1_158' title='bbox 280 1927 424 1977; x_wconf 68' lang='lat' dir='ltr'><strong>&#39;Anguis</strong></span> <span class='ocrx_word' id='word_1_159' title='bbox 445 1943 519 1966; x_wconf 85' lang='lat' dir='ltr'><strong>eras</strong></span> <span class='ocrx_word' id='word_1_160' title='bbox 531 1944 542 1973; x_wconf 84' lang='lat'>;</span> <span class='ocrx_word' id='word_1_161' title='bbox 570 1930 668 1966; x_wconf 81' lang='lat' dir='ltr'><strong>modo</strong></span> <span class='ocrx_word' id='word_1_162' title='bbox 690 1940 722 1966; x_wconf 88' lang='lat' dir='ltr'><strong>te</strong></span> <span class='ocrx_word' id='word_1_163' title='bbox 735 1929 917 1975; x_wconf 85' lang='lat' dir='ltr'><strong>faciebant</strong></span> <span class='ocrx_word' id='word_1_164' title='bbox 937 1944 1065 1967; x_wconf 87' lang='lat' dir='ltr'><strong>cornua</strong></span> <span class='ocrx_word' id='word_1_165' title='bbox 1087 1936 1255 1968; x_wconf 84' lang='lat' dir='ltr'><strong>Taurum.</strong></span> 
     </span>
    </p>

    <p class='ocr_par' dir='ltr' id='par_1_10' title="bbox 282 1980 1206 2031">
     <span class='ocr_line' id='line_1_28' title="bbox 282 1980 1206 2031; baseline 0.003 -15"><span class='ocrx_word' id='word_1_166' title='bbox 282 1985 383 2029; x_wconf 81' lang='lat' dir='ltr'><strong>Saepe</strong></span> <span class='ocrx_word' id='word_1_167' title='bbox 403 1980 490 2030; x_wconf 81' lang='lat' dir='ltr'><strong>lapis</strong></span> <span class='ocrx_word' id='word_1_168' title='bbox 506 1989 640 2029; x_wconf 83' lang='lat' dir='ltr'><strong>poteras</strong></span> <span class='ocrx_word' id='word_1_169' title='bbox 655 2008 664 2023; x_wconf 87' lang='lat'>,</span> <span class='ocrx_word' id='word_1_170' title='bbox 692 1980 794 2017; x_wconf 78' lang='lat' dir='ltr'><strong>arbor</strong></span> <span class='ocrx_word' id='word_1_171' title='bbox 816 1995 945 2031; x_wconf 76' lang='lat' dir='ltr'><strong>quoque</strong></span> <span class='ocrx_word' id='word_1_172' title='bbox 958 1982 1057 2031; x_wconf 81' lang='lat' dir='ltr'><strong>saepe</strong></span> <span class='ocrx_word' id='word_1_173' title='bbox 1077 1982 1206 2021; x_wconf 74' lang='lat' dir='ltr'><strong>videri.</strong></span> 
     </span>
    </p>

    <p class='ocr_par' dir='ltr' id='par_1_11' title="bbox 284 2031 1253 2083">
     <span class='ocr_line' id='line_1_29' title="bbox 284 2031 1253 2083; baseline 0.004 -17"><span class='ocrx_word' id='word_1_174' title='bbox 284 2031 469 2067; x_wconf 78' lang='lat' dir='ltr'><strong>Interdum</strong></span> <span class='ocrx_word' id='word_1_175' title='bbox 482 2031 614 2077; x_wconf 86' lang='lat' dir='ltr'><strong>faciem</strong></span> <span class='ocrx_word' id='word_1_176' title='bbox 634 2031 852 2081; x_wconf 77' lang='lat' dir='ltr'><strong>liquidarum</strong></span> <span class='ocrx_word' id='word_1_177' title='bbox 864 2032 1028 2069; x_wconf 72' lang='lat' dir='ltr'><strong>imitatus</strong></span> <span class='ocrx_word' id='word_1_178' title='bbox 1051 2047 1228 2083; x_wconf 75' lang='lat' dir='ltr'><strong>aquarum</strong></span> <span class='ocrx_word' id='word_1_179' title='bbox 1241 2061 1253 2079; x_wconf 90' lang='lat'>,</span> 
     </span>
    </p>

    <p class='ocr_par' dir='ltr' id='par_1_12' title="bbox 231 2081 1225 2178">
     <span class='ocr_line' id='line_1_30' title="bbox 284 2081 1225 2133; baseline 0.004 -16"><span class='ocrx_word' id='word_1_180' title='bbox 284 2081 432 2130; x_wconf 68' lang='lat' dir='ltr'><strong>Flumen</strong></span> <span class='ocrx_word' id='word_1_181' title='bbox 462 2095 535 2118; x_wconf 88' lang='lat' dir='ltr'><strong>eras</strong></span> <span class='ocrx_word' id='word_1_182' title='bbox 549 2110 560 2126; x_wconf 88' lang='lat'>,</span> <span class='ocrx_word' id='word_1_183' title='bbox 587 2083 766 2118; x_wconf 80' lang='lat' dir='ltr'><strong>interdum</strong></span> <span class='ocrx_word' id='word_1_184' title='bbox 789 2082 892 2119; x_wconf 82' lang='lat' dir='ltr'><strong>undis</strong></span> <span class='ocrx_word' id='word_1_185' title='bbox 915 2084 1108 2120; x_wconf 84' lang='lat' dir='ltr'><strong>contrarius</strong></span> <span class='ocrx_word' id='word_1_186' title='bbox 1127 2084 1225 2133; x_wconf 77' lang='lat' dir='ltr'><strong>ignis.</strong></span> 
     </span>
     <span class='ocr_line' id='line_1_31' title="bbox 231 2128 537 2178; baseline -0.007 -7"><span class='ocrx_word' id='word_1_187' title='bbox 231 2128 283 2171; x_wconf 78' lang='lat' dir='ltr'><strong>Et</strong></span> <span class='ocrx_word' id='word_1_188' title='bbox 303 2144 330 2169; x_wconf 91' lang='lat'><strong>1.</strong></span> <span class='ocrx_word' id='word_1_189' title='bbox 351 2132 432 2170; x_wconf 86' lang='lat' dir='ltr'><strong>Art.</strong></span> <span class='ocrx_word' id='word_1_190' title='bbox 454 2133 537 2178; x_wconf 80' lang='lat'><strong>761.</strong></span> 
     </span>
    </p>

    <p class='ocr_par' dir='ltr' id='par_1_13' title="bbox 286 2183 1244 2234">
     <span class='ocr_line' id='line_1_32' title="bbox 286 2183 1244 2234; baseline 0.005 -16"><span class='ocrx_word' id='word_1_191' title='bbox 286 2188 396 2233; x_wconf 78' lang='lat' dir='ltr'><strong>thue</strong></span> <span class='ocrx_word' id='word_1_192' title='bbox 417 2183 503 2220; x_wconf 81' lang='lat' dir='ltr'><strong>levis</strong></span> <span class='ocrx_word' id='word_1_193' title='bbox 523 2189 665 2219; x_wconf 83' lang='lat' dir='ltr'><strong>Proteus</strong></span> <span class='ocrx_word' id='word_1_194' title='bbox 686 2185 783 2220; x_wconf 88' lang='lat' dir='ltr'><strong>modo</strong></span> <span class='ocrx_word' id='word_1_195' title='bbox 799 2184 836 2234; x_wconf 72' lang='lat' dir='ltr'><em>ft</em></span> <span class='ocrx_word' id='word_1_196' title='bbox 856 2184 1025 2221; x_wconf 84' lang='lat' dir='ltr'><strong>tenuabat</strong></span> <span class='ocrx_word' id='word_1_197' title='bbox 1047 2186 1085 2222; x_wconf 87' lang='lat' dir='ltr'><strong>in</strong></span> <span class='ocrx_word' id='word_1_198' title='bbox 1107 2187 1244 2231; x_wconf 83' lang='lat' dir='ltr'><strong>undas,</strong></span> 
     </span>
    </p>

    <p class='ocr_par' dir='ltr' id='par_1_14' title="bbox 233 2234 1283 2537">
     <span class='ocr_line' id='line_1_33' title="bbox 340 2234 1258 2286; baseline 0.004 -17"><span class='ocrx_word' id='word_1_199' title='bbox 340 2239 446 2270; x_wconf 85' lang='lat' dir='ltr'><strong>Nunc</strong></span> <span class='ocrx_word' id='word_1_200' title='bbox 468 2234 514 2270; x_wconf 88' lang='lat' dir='ltr'><strong>leo</strong></span> <span class='ocrx_word' id='word_1_201' title='bbox 529 2262 539 2278; x_wconf 91' lang='lat'><strong>,</strong></span> <span class='ocrx_word' id='word_1_202' title='bbox 567 2247 659 2270; x_wconf 81' lang='lat' dir='ltr'><strong>nunc</strong></span> <span class='ocrx_word' id='word_1_203' title='bbox 682 2234 784 2271; x_wconf 83' lang='lat' dir='ltr'><strong>arbor</strong></span> <span class='ocrx_word' id='word_1_204' title='bbox 797 2263 807 2280; x_wconf 86' lang='lat'>‚</span> <span class='ocrx_word' id='word_1_205' title='bbox 823 2249 914 2272; x_wconf 77' lang='lat' dir='ltr'><strong>nunc</strong></span> <span class='ocrx_word' id='word_1_206' title='bbox 935 2246 1011 2272; x_wconf 87' lang='lat' dir='ltr'><strong>erat</strong></span> <span class='ocrx_word' id='word_1_207' title='bbox 1032 2235 1147 2272; x_wconf 82' lang='lat' dir='ltr'><strong>hirtus</strong></span> <span class='ocrx_word' id='word_1_208' title='bbox 1168 2246 1258 2286; x_wconf 87' lang='lat' dir='ltr'><strong>aper.</strong></span> 
     </span>
     <span class='ocr_line' id='line_1_34' title="bbox 233 2284 1281 2335; baseline 0.003 -12"><span class='ocrx_word' id='word_1_209' title='bbox 233 2284 326 2323; x_wconf 86' lang='lat' dir='ltr'><strong>Hoc</strong></span> <span class='ocrx_word' id='word_1_210' title='bbox 352 2284 624 2323; x_wconf 85' lang='lat' dir='ltr'><strong>hemistichium</strong></span> <span class='ocrx_word' id='word_1_211' title='bbox 649 2285 829 2335; x_wconf 83' lang='lat' dir='ltr'><strong>usurpavit</strong></span> <span class='ocrx_word' id='word_1_212' title='bbox 851 2287 974 2324; x_wconf 84' lang='lat' dir='ltr'><strong>Valer.</strong></span> <span class='ocrx_word' id='word_1_213' title='bbox 997 2287 1144 2326; x_wconf 72' lang='lat' dir='ltr'><strong>Flaccus</strong></span> <span class='ocrx_word' id='word_1_214' title='bbox 1154 2287 1214 2326; x_wconf 85' lang='lat' dir='ltr'><strong>lib.</strong></span> <span class='ocrx_word' id='word_1_215' title='bbox 1234 2299 1281 2325; x_wconf 71' lang='grc' dir='ltr'><strong>Π.</strong></span> 
     </span>
     <span class='ocr_line' id='line_1_35' title="bbox 271 2336 322 2372; baseline 0 0"><span class='ocrx_word' id='word_1_216' title='bbox 271 2336 322 2372; x_wconf 83' lang='lat'><strong>18.</strong></span> 
     </span>
     <span class='ocr_line' id='line_1_36' title="bbox 236 2347 1076 2438; baseline 0.005 -16"><span class='ocrx_word' id='word_1_217' title='bbox 236 2347 258 2386; x_wconf 74' lang='grc'>3</span> <span class='ocrx_word' id='word_1_218' title='bbox 289 2391 384 2423; x_wconf 82' lang='lat' dir='ltr'><strong>Tunc</strong></span> <span class='ocrx_word' id='word_1_219' title='bbox 402 2388 511 2424; x_wconf 85' lang='lat' dir='ltr'><strong>etiam</strong></span> <span class='ocrx_word' id='word_1_220' title='bbox 533 2397 632 2425; x_wconf 79' lang='lat' dir='ltr'><strong>vates</strong></span> <span class='ocrx_word' id='word_1_221' title='bbox 654 2387 783 2425; x_wconf 77' lang='lat' dir='ltr'><em>Phoebo</em></span> <span class='ocrx_word' id='word_1_222' title='bbox 803 2388 926 2425; x_wconf 63' lang='lat' dir='ltr'><strong>diletta</strong></span> <span class='ocrx_word' id='word_1_223' title='bbox 949 2390 1076 2438; x_wconf 68' lang='lat' dir='ltr'><strong>Polyxo</strong></span> 
     </span>
     <span class='ocr_line' id='line_1_37' title="bbox 290 2437 1283 2490; baseline 0.004 -16"><span class='ocrx_word' id='word_1_224' title='bbox 290 2442 375 2475; x_wconf 77' lang='lat' dir='ltr'><strong>,Non</strong></span> <span class='ocrx_word' id='word_1_225' title='bbox 410 2437 570 2487; x_wconf 83' lang='lat' dir='ltr'><strong>patriam</strong></span> <span class='ocrx_word' id='word_1_226' title='bbox 593 2467 604 2483; x_wconf 90' lang='lat'><strong>,</strong></span> <span class='ocrx_word' id='word_1_227' title='bbox 642 2453 710 2476; x_wconf 87' lang='lat' dir='ltr'><strong>non</strong></span> <span class='ocrx_word' id='word_1_228' title='bbox 743 2449 833 2476; x_wconf 84' lang='lat' dir='ltr'><strong>certa</strong></span> <span class='ocrx_word' id='word_1_229' title='bbox 854 2454 960 2489; x_wconf 84' lang='lat' dir='ltr'><strong>genus</strong></span> <span class='ocrx_word' id='word_1_230' title='bbox 984 2469 995 2485; x_wconf 91' lang='lat'><strong><em>,</em></strong></span> <span class='ocrx_word' id='word_1_231' title='bbox 1023 2441 1089 2490; x_wconf 86' lang='lat' dir='ltr'><strong>sed</strong></span> <span class='ocrx_word' id='word_1_232' title='bbox 1120 2441 1283 2480; x_wconf 78' lang='lat' dir='ltr'><strong>maxima</strong></span> 
     </span>
     <span class='ocr_line' id='line_1_38' title="bbox 418 2488 577 2537; baseline 0.013 -13"><span class='ocrx_word' id='word_1_233' title='bbox 418 2494 451 2524; x_wconf 85' lang='lat' dir='ltr'><em>T</em></span> <span class='ocrx_word' id='word_1_234' title='bbox 447 2488 553 2537; x_wconf 69' lang='lat' dir='ltr'><strong>hetyn</strong></span> <span class='ocrx_word' id='word_1_235' title='bbox 566 2518 577 2533; x_wconf 88' lang='lat'>‚</span> 
     </span>
    </p>

    <p class='ocr_par' dir='ltr' id='par_1_15' title="bbox 238 2540 1284 2679">
     <span class='ocr_line' id='line_1_39' title="bbox 291 2540 1257 2589; baseline 0.003 -14"><span class='ocrx_word' id='word_1_236' title='bbox 291 2543 482 2589; x_wconf 74' lang='lat' dir='ltr'><strong>Proteaque</strong></span> <span class='ocrx_word' id='word_1_237' title='bbox 501 2540 703 2588; x_wconf 80' lang='lat' dir='ltr'><strong>ambiguum</strong></span> <span class='ocrx_word' id='word_1_238' title='bbox 727 2540 868 2578; x_wconf 79' lang='lat' dir='ltr'><strong>Phariis</strong></span> <span class='ocrx_word' id='word_1_239' title='bbox 890 2543 1056 2589; x_wconf 78' lang='lat' dir='ltr'><strong>referebat</strong></span> <span class='ocrx_word' id='word_1_240' title='bbox 1077 2542 1121 2578; x_wconf 78' lang='lat' dir='ltr'><strong>ab</strong></span> <span class='ocrx_word' id='word_1_241' title='bbox 1141 2543 1257 2579; x_wconf 83' lang='lat' dir='ltr'><strong>antris</strong></span> 
     </span>
     <span class='ocr_line' id='line_1_40' title="bbox 238 2590 1284 2641; baseline 0.006 -17"><span class='ocrx_word' id='word_1_242' title='bbox 238 2638 239 2641; x_wconf 11' lang='grc' dir='ltr'><strong>Ἴ</strong></span> <span class='ocrx_word' id='word_1_243' title='bbox 289 2594 366 2625; x_wconf 84' lang='lat' dir='ltr'><strong>Huc</strong></span> <span class='ocrx_word' id='word_1_244' title='bbox 388 2590 501 2638; x_wconf 72' lang='lat' dir='ltr'><strong>rexiffi.²</strong></span> <span class='ocrx_word' id='word_1_245' title='bbox 522 2592 601 2628; x_wconf 81' lang='lat' dir='ltr'><strong>vias</strong></span> <span class='ocrx_word' id='word_1_246' title='bbox 630 2604 699 2631; x_wconf 66' lang='lat' dir='ltr'><strong>eye.</strong></span> <span class='ocrx_word' id='word_1_247' title='bbox 729 2592 943 2632; x_wconf 58' lang='lat' dir='ltr'><strong>Cromnos.</strong></span> <span class='ocrx_word' id='word_1_248' title='bbox 971 2593 1045 2632; x_wconf 83' lang='lat' dir='ltr'><strong>vid.</strong></span> <span class='ocrx_word' id='word_1_249' title='bbox 1070 2592 1116 2630; x_wconf 84' lang='lat' dir='ltr'><strong>ad</strong></span> <span class='ocrx_word' id='word_1_250' title='bbox 1135 2593 1195 2630; x_wconf 88' lang='lat' dir='ltr'><strong>lib.</strong></span> <span class='ocrx_word' id='word_1_251' title='bbox 1217 2605 1284 2632; x_wconf 84' lang='lat'><strong>111.</strong></span> 
     </span>
     <span class='ocr_line' id='line_1_41' title="bbox 239 2638 553 2679; baseline -0.006 0"><span class='ocrx_word' id='word_1_252' title='bbox 239 2638 378 2679; x_wconf 78' lang='lat' dir='ltr'><strong>Amor.</strong></span> <span class='ocrx_word' id='word_1_253' title='bbox 402 2653 472 2677; x_wconf 75' lang='lat' dir='ltr'><strong>xxx.</strong></span> <span class='ocrx_word' id='word_1_254' title='bbox 497 2641 553 2677; x_wconf 77' lang='lat'><strong>28.</strong></span> 
     </span>
    </p>

    <p class='ocr_par' dir='ltr' id='par_1_16' title="bbox 235 2690 1288 2791">
     <span class='ocr_line' id='line_1_42' title="bbox 293 2690 1288 2745; baseline 0.007 -20"><span class='ocrx_word' id='word_1_255' title='bbox 293 2702 328 2738; x_wconf 92' lang='lat'><strong>9.</strong></span> <span class='ocrx_word' id='word_1_256' title='bbox 365 2690 668 2741; x_wconf 77' lang='lat' dir='ltr'><strong>Balaenarumque</strong></span> <span class='ocrx_word' id='word_1_257' title='bbox 682 2702 894 2741; x_wconf 77' lang='lat' dir='ltr'><strong>prementem</strong></span> <span class='ocrx_word' id='word_1_258' title='bbox 927 2699 1110 2742; x_wconf 79' lang='lat' dir='ltr'><strong>Aegaeona</strong></span> <span class='ocrx_word' id='word_1_259' title='bbox 1124 2694 1200 2745; x_wconf 83' lang='lat' dir='ltr'><strong>suis</strong></span> <span class='ocrx_word' id='word_1_260' title='bbox 1219 2693 1288 2731; x_wconf 83' lang='lat' dir='ltr'><strong>im·-</strong></span> 
     </span>
     <span class='ocr_line' id='line_1_43' title="bbox 235 2740 988 2791; baseline 0.004 -14"><span class='ocrx_word' id='word_1_261' title='bbox 235 2740 362 2781; x_wconf 78' lang='lat' dir='ltr'><strong>mania</strong></span> <span class='ocrx_word' id='word_1_262' title='bbox 384 2751 477 2788; x_wconf 82' lang='lat' dir='ltr'><strong>terga</strong></span> <span class='ocrx_word' id='word_1_263' title='bbox 500 2741 672 2791; x_wconf 78' lang='lat' dir='ltr'><strong>lacertis.]</strong></span> <span class='ocrx_word' id='word_1_264' title='bbox 698 2742 779 2778; x_wconf 87' lang='lat' dir='ltr'><strong>Lib.</strong></span> <span class='ocrx_word' id='word_1_265' title='bbox 801 2755 880 2780; x_wconf 71' lang='lat' dir='ltr'><strong>xxv.</strong></span> <span class='ocrx_word' id='word_1_266' title='bbox 905 2755 988 2791; x_wconf 78' lang='lat'><strong>343.</strong></span> 
     </span>
    </p>

    <p class='ocr_par' dir='ltr' id='par_1_17' title="bbox 268 2792 1290 2844">
     <span class='ocr_line' id='line_1_44' title="bbox 268 2792 1290 2844; baseline 0.008 -18"><span class='ocrx_word' id='word_1_267' title='bbox 268 2836 270 2838; x_wconf 44' lang='lat'><strong>.</strong></span> <span class='ocrx_word' id='word_1_268' title='bbox 421 2797 630 2842; x_wconf 73' lang='lat' dir='ltr'><strong>Tergumque</strong></span> <span class='ocrx_word' id='word_1_269' title='bbox 642 2792 819 2841; x_wconf 76' lang='lat' dir='ltr'><strong>premebat</strong></span> <span class='ocrx_word' id='word_1_270' title='bbox 832 2794 936 2830; x_wconf 84' lang='lat' dir='ltr'><strong>Acris</strong></span> <span class='ocrx_word' id='word_1_271' title='bbox 957 2794 1043 2844; x_wconf 81' lang='lat' dir='ltr'><strong>equi.</strong></span> <span class='ocrx_word' id='word_1_272' title='bbox 1069 2795 1290 2834; x_wconf 68' lang='lat' dir='ltr'><strong>ConANus.</strong></span> 
     </span>
    </p>

    <p class='ocr_par' dir='ltr' id='par_1_18' title="bbox 241 2843 1294 3096">
     <span class='ocr_line' id='line_1_45' title="bbox 298 2843 1294 2894; baseline 0.003 -13"><span class='ocrx_word' id='word_1_273' title='bbox 298 2855 353 2881; x_wconf 90' lang='lat'><strong>10.</strong></span> <span class='ocrx_word' id='word_1_274' title='bbox 382 2848 575 2891; x_wconf 83' lang='lat' dir='ltr'><strong>Aegaeona.</strong></span> <span class='ocrx_word' id='word_1_275' title='bbox 598 2843 612 2893; x_wconf 94' lang='lat'>]</span> <span class='ocrx_word' id='word_1_276' title='bbox 669 2843 727 2880; x_wconf 88' lang='lat' dir='ltr'><strong>Ab</strong></span> <span class='ocrx_word' id='word_1_277' title='bbox 769 2844 842 2880; x_wconf 85' lang='lat' dir='ltr'><strong>hoc</strong></span> <span class='ocrx_word' id='word_1_278' title='bbox 885 2857 985 2882; x_wconf 83' lang='lat' dir='ltr'><strong>mare</strong></span> <span class='ocrx_word' id='word_1_279' title='bbox 1028 2850 1205 2894; x_wconf 75' lang='lat' dir='ltr'><strong>Aegaeum</strong></span> <span class='ocrx_word' id='word_1_280' title='bbox 1238 2847 1294 2884; x_wconf 87' lang='lat' dir='ltr'><strong>di·</strong></span> 
     </span>
     <span class='ocr_line' id='line_1_46' title="bbox 242 2892 1293 2940; baseline 0.004 -10"><span class='ocrx_word' id='word_1_281' title='bbox 242 2894 374 2938; x_wconf 59' lang='lat' dir='ltr'><strong>itum,</strong></span> <span class='ocrx_word' id='word_1_282' title='bbox 411 2895 450 2930; x_wconf 68' lang='grc' dir='ltr'><strong>δε</strong></span> <span class='ocrx_word' id='word_1_283' title='bbox 484 2894 645 2931; x_wconf 83' lang='lat' dir='ltr'><strong>eundem</strong></span> <span class='ocrx_word' id='word_1_284' title='bbox 679 2892 750 2931; x_wconf 87' lang='lat' dir='ltr'><strong>effe</strong></span> <span class='ocrx_word' id='word_1_285' title='bbox 781 2893 995 2940; x_wconf 83' lang='lat' dir='ltr'><strong>Briareum,</strong></span> <span class='ocrx_word' id='word_1_286' title='bbox 1022 2896 1133 2933; x_wconf 87' lang='lat' dir='ltr'><strong>docet</strong></span> <span class='ocrx_word' id='word_1_287' title='bbox 1156 2896 1293 2934; x_wconf 80' lang='lat' dir='ltr'><strong>Salma-</strong></span> 
     </span>
     <span class='ocr_line' id='line_1_47' title="bbox 243 2943 1293 2994; baseline 0.003 -13"><span class='ocrx_word' id='word_1_288' title='bbox 243 2943 313 2982; x_wconf 82' lang='lat' dir='ltr'><strong>sms</strong></span> <span class='ocrx_word' id='word_1_289' title='bbox 344 2944 390 2981; x_wconf 83' lang='lat' dir='ltr'><strong>ad</strong></span> <span class='ocrx_word' id='word_1_290' title='bbox 422 2944 534 2981; x_wconf 86' lang='lat' dir='ltr'><strong>Solin.</strong></span> <span class='ocrx_word' id='word_1_291' title='bbox 566 2957 647 2994; x_wconf 80' lang='lat' dir='ltr'><strong>pag.</strong></span> <span class='ocrx_word' id='word_1_292' title='bbox 695 2956 778 2993; x_wconf 81' lang='lat'><strong>125.</strong></span> <span class='ocrx_word' id='word_1_293' title='bbox 821 2945 950 2982; x_wconf 82' lang='lat' dir='ltr'><strong>dicitur</strong></span> <span class='ocrx_word' id='word_1_294' title='bbox 984 2948 1022 2987; x_wconf 58' lang='grc' dir='ltr'><strong>ὃς</strong></span> <span class='ocrx_word' id='word_1_295' title='bbox 1055 2951 1180 2993; x_wconf 63' lang='lat' dir='ltr'><strong>Aegon</strong></span> <span class='ocrx_word' id='word_1_296' title='bbox 1204 2976 1214 2988; x_wconf 83' lang='lat'><em>,</em></span> <span class='ocrx_word' id='word_1_297' title='bbox 1251 2955 1293 2985; x_wconf 86' lang='lat' dir='ltr'><strong>ut</strong></span> 
     </span>
     <span class='ocr_line' id='line_1_48' title="bbox 241 2994 1288 3044; baseline 0.004 -11"><span class='ocrx_word' id='word_1_298' title='bbox 241 2994 344 3034; x_wconf 83' lang='lat' dir='ltr'><strong>idem</strong></span> <span class='ocrx_word' id='word_1_299' title='bbox 376 2994 531 3032; x_wconf 86' lang='lat' dir='ltr'><strong>ostendit</strong></span> <span class='ocrx_word' id='word_1_300' title='bbox 564 3008 643 3044; x_wconf 78' lang='lat' dir='ltr'><strong>pag.</strong></span> <span class='ocrx_word' id='word_1_301' title='bbox 674 2995 756 3043; x_wconf 78' lang='lat'><strong>580.</strong></span> <span class='ocrx_word' id='word_1_302' title='bbox 777 2995 860 3033; x_wconf 79' lang='lat' dir='ltr'><strong>vide</strong></span> <span class='ocrx_word' id='word_1_303' title='bbox 883 2997 1002 3033; x_wconf 82' lang='lat' dir='ltr'><strong>Schol.</strong></span> <span class='ocrx_word' id='word_1_304' title='bbox 1025 2997 1135 3044; x_wconf 85' lang='lat' dir='ltr'><strong>Apol.</strong></span> <span class='ocrx_word' id='word_1_305' title='bbox 1160 2998 1232 3035; x_wconf 86' lang='lat' dir='ltr'><strong>Rh.</strong></span> <span class='ocrx_word' id='word_1_306' title='bbox 1259 3011 1288 3038; x_wconf 82' lang='lat'><strong>1,</strong></span> 
     </span>
     <span class='ocr_line' id='line_1_49' title="bbox 245 3046 1186 3096; baseline 0.002 -14"><span class='ocrx_word' id='word_1_307' title='bbox 245 3047 351 3095; x_wconf 80' lang='lat'><strong>1165.</strong></span> <span class='ocrx_word' id='word_1_308' title='bbox 379 3047 418 3083; x_wconf 67' lang='grc' dir='ltr'><strong>ὅτ</strong></span> <span class='ocrx_word' id='word_1_309' title='bbox 439 3046 557 3086; x_wconf 73' lang='lat' dir='ltr'><strong>Barth.</strong></span> <span class='ocrx_word' id='word_1_310' title='bbox 581 3047 626 3083; x_wconf 78' lang='lat' dir='ltr'><strong>ad</strong></span> <span class='ocrx_word' id='word_1_311' title='bbox 648 3047 734 3083; x_wconf 86' lang='lat' dir='ltr'><strong>Stat.</strong></span> <span class='ocrx_word' id='word_1_312' title='bbox 758 3059 810 3083; x_wconf 82' lang='lat' dir='ltr'><strong>rv.</strong></span> <span class='ocrx_word' id='word_1_313' title='bbox 834 3047 955 3084; x_wconf 84' lang='lat' dir='ltr'><strong>Theb.</strong></span> <span class='ocrx_word' id='word_1_314' title='bbox 972 3061 1026 3096; x_wconf 73' lang='lat'><strong>55.</strong></span> <span class='ocrx_word' id='word_1_315' title='bbox 1055 3048 1133 3084; x_wconf 69' lang='lat' dir='ltr'><strong>Burz</strong></span> <span class='ocrx_word' id='word_1_316' title='bbox 1145 3062 1186 3085; x_wconf 87' lang='lat' dir='ltr'><strong>M.</strong></span> 
     </span>
    </p>

    <p class='ocr_par' dir='ltr' id='par_1_19' title="bbox 244 3097 1290 3185">
     <span class='ocr_line' id='line_1_50' title="bbox 244 3097 1290 3182; baseline 0.004 -49"><span class='ocrx_word' id='word_1_317' title='bbox 244 3143 282 3182; x_wconf 64' lang='lat' dir='ltr'>H</span> <span class='ocrx_word' id='word_1_318' title='bbox 300 3110 313 3133; x_wconf 87' lang='lat'>1</span> <span class='ocrx_word' id='word_1_319' title='bbox 327 3111 354 3134; x_wconf 80' lang='lat' dir='ltr'><strong>r.</strong></span> <span class='ocrx_word' id='word_1_320' title='bbox 394 3103 491 3134; x_wconf 85' lang='lat' dir='ltr'><strong>Nare</strong></span> <span class='ocrx_word' id='word_1_321' title='bbox 537 3097 717 3147; x_wconf 58' lang='lat' dir='ltr'><strong>videtum]</strong></span> <span class='ocrx_word' id='word_1_322' title='bbox 770 3098 938 3135; x_wconf 78' lang='lat' dir='ltr'><strong>Videntur</strong></span> <span class='ocrx_word' id='word_1_323' title='bbox 994 3107 1154 3148; x_wconf 83' lang='lat' dir='ltr'><strong>quatuor</strong></span> <span class='ocrx_word' id='word_1_324' title='bbox 1200 3099 1290 3137; x_wconf 82' lang='lat' dir='ltr'><strong>libri.</strong></span> 
     </span>
     <span class='ocr_line' id='line_1_51' title="bbox 289 3157 449 3185; baseline 0.025 -4"><span class='ocrx_word' id='word_1_325' title='bbox 289 3157 449 3185; x_wconf 62' lang='lat' dir='ltr'><strong>musxus.</strong></span> 
     </span>
    </p>
   </div>
   <div class='ocr_carea' id='block_1_5' title="bbox 237 3198 1288 3295">
    <p class='ocr_par' dir='ltr' id='par_1_20' title="bbox 237 3198 1288 3295">
     <span class='ocr_line' id='line_1_52' title="bbox 239 3198 1288 3287; baseline 0.01 -57"><span class='ocrx_word' id='word_1_326' title='bbox 239 3252 257 3287; x_wconf 53' lang='grc' dir='ltr'><strong>ἴ</strong></span> <span class='ocrx_word' id='word_1_327' title='bbox 301 3207 357 3232; x_wconf 81' lang='lat'><strong>12.</strong></span> <span class='ocrx_word' id='word_1_328' title='bbox 387 3205 427 3233; x_wconf 73' lang='lat' dir='ltr'><strong>In</strong></span> <span class='ocrx_word' id='word_1_329' title='bbox 448 3198 572 3251; x_wconf 63' lang='lat' dir='ltr'><strong>mole]</strong></span> <span class='ocrx_word' id='word_1_330' title='bbox 601 3206 693 3256; x_wconf 68' lang='lat' dir='ltr'><strong>Rupe</strong></span> <span class='ocrx_word' id='word_1_331' title='bbox 721 3211 815 3239; x_wconf 84' lang='lat' dir='ltr'><strong>unus</strong></span> <span class='ocrx_word' id='word_1_332' title='bbox 838 3199 992 3240; x_wconf 81' lang='lat' dir='ltr'><strong>Heinsii.</strong></span> <span class='ocrx_word' id='word_1_333' title='bbox 1015 3200 1146 3242; x_wconf 78' lang='lat' dir='ltr'><strong>eadem</strong></span> <span class='ocrx_word' id='word_1_334' title='bbox 1170 3202 1288 3241; x_wconf 81' lang='lat' dir='ltr'><strong>varie-</strong></span> 
     </span>
     <span class='ocr_line' id='line_1_53' title="bbox 237 3257 510 3295; baseline 0.015 -11"><span class='ocrx_word' id='word_1_335' title='bbox 237 3257 294 3284; x_wconf 48' lang='lat' dir='ltr'><strong>*as</strong></span> <span class='ocrx_word' id='word_1_336' title='bbox 315 3258 404 3289; x_wconf 80' lang='lat' dir='ltr'><strong>xm.</strong></span> <span class='ocrx_word' id='word_1_337' title='bbox 425 3259 510 3295; x_wconf 71' lang='lat'><strong>922.</strong></span> 
     </span>
    </p>
   </div>
   <div class='ocr_carea' id='block_1_6' title="bbox 293 2820 389 2828">
    <p class='ocr_par' dir='ltr' id='par_1_21' title="bbox 293 2820 389 2828">
     <span class='ocr_line' id='line_1_54' title="bbox 293 2820 389 2828; baseline 0 788"><span class='ocrx_word' id='word_1_338' title='bbox 293 2820 389 2828; x_wconf 95' lang='lat' dir='ltr'><strong> </strong></span> 
     </span>
    </p>
   </div>
   <div class='ocr_carea' id='block_1_7' title="bbox 2262 1273 2381 1332">
    <p class='ocr_par' dir='ltr' id='par_1_22' title="bbox 2262 1273 2381 1332">
     <span class='ocr_line' id='line_1_55' title="bbox 2262 1273 2381 1332; baseline 0.017 -2"><span class='ocrx_word' id='word_1_339' title='bbox 2262 1273 2381 1332; x_wconf 85' lang='lat' dir='ltr'><strong>Lu-</strong></span> 
     </span>
    </p>
   </div>
   <div class='ocr_carea' id='block_1_8' title="bbox 1330 1414 2388 2230">
    <p class='ocr_par' dir='ltr' id='par_1_23' title="bbox 1333 1414 2381 1518">
     <span class='ocr_line' id='line_1_56' title="bbox 1385 1414 2381 1466; baseline 0.003 -12"><span class='ocrx_word' id='word_1_340' title='bbox 1385 1423 1492 1455; x_wconf 79' lang='lat' dir='ltr'><strong>Nunc</strong></span> <span class='ocrx_word' id='word_1_341' title='bbox 1510 1416 1550 1453; x_wconf 84' lang='lat' dir='ltr'><strong>in</strong></span> <span class='ocrx_word' id='word_1_342' title='bbox 1570 1417 1656 1454; x_wconf 85' lang='lat' dir='ltr'><strong>mole</strong></span> <span class='ocrx_word' id='word_1_343' title='bbox 1668 1416 1790 1466; x_wconf 82' lang='lat' dir='ltr'><strong>sedens</strong></span> <span class='ocrx_word' id='word_1_344' title='bbox 1810 1414 2016 1454; x_wconf 76' lang='lat' dir='ltr'><strong>moderabar</strong></span> <span class='ocrx_word' id='word_1_345' title='bbox 2050 1414 2226 1455; x_wconf 82' lang='lat' dir='ltr'><strong>arundine</strong></span> <span class='ocrx_word' id='word_1_346' title='bbox 2250 1415 2381 1457; x_wconf 65' lang='lat' dir='ltr'><strong>linum}</strong></span> 
     </span>
     <span class='ocr_line' id='line_1_57' title="bbox 1333 1467 1839 1518; baseline -0.004 -11"><span class='ocrx_word' id='word_1_347' title='bbox 1333 1469 1374 1507; x_wconf 67' lang='grc' dir='ltr'><strong>ὃς</strong></span> <span class='ocrx_word' id='word_1_348' title='bbox 1392 1468 1489 1517; x_wconf 87' lang='lat' dir='ltr'><strong>apud</strong></span> <span class='ocrx_word' id='word_1_349' title='bbox 1510 1467 1638 1518; x_wconf 86' lang='lat' dir='ltr'><strong>Virgil.</strong></span> <span class='ocrx_word' id='word_1_350' title='bbox 1659 1480 1732 1505; x_wconf 83' lang='lat' dir='ltr'><strong>vn.</strong></span> <span class='ocrx_word' id='word_1_351' title='bbox 1756 1468 1839 1518; x_wconf 80' lang='lat'><strong>585.</strong></span> 
     </span>
    </p>

    <p class='ocr_par' dir='ltr' id='par_1_24' title="bbox 1330 1515 2386 1821">
     <span class='ocr_line' id='line_1_58' title="bbox 1386 1515 2156 1569; baseline 0 -13"><span class='ocrx_word' id='word_1_352' title='bbox 1386 1520 1447 1557; x_wconf 85' lang='lat' dir='ltr'><strong>Ille</strong></span> <span class='ocrx_word' id='word_1_353' title='bbox 1467 1518 1566 1556; x_wconf 84' lang='lat' dir='ltr'><strong>velut</strong></span> <span class='ocrx_word' id='word_1_354' title='bbox 1581 1519 1692 1569; x_wconf 86' lang='lat' dir='ltr'><strong>pelagi</strong></span> <span class='ocrx_word' id='word_1_355' title='bbox 1713 1529 1808 1569; x_wconf 84' lang='lat' dir='ltr'><strong>rupes</strong></span> <span class='ocrx_word' id='word_1_356' title='bbox 1827 1519 2000 1564; x_wconf 87' lang='lat' dir='ltr'><strong>immota,</strong></span> <span class='ocrx_word' id='word_1_357' title='bbox 2028 1515 2156 1568; x_wconf 76' lang='lat' dir='ltr'><strong>resistit.</strong></span> 
     </span>
     <span class='ocr_line' id='line_1_59' title="bbox 1333 1569 2386 1620; baseline -0.001 -11"><span class='ocrx_word' id='word_1_358' title='bbox 1333 1570 1412 1609; x_wconf 89' lang='lat' dir='ltr'><strong>Ubi</strong></span> <span class='ocrx_word' id='word_1_359' title='bbox 1432 1570 1601 1609; x_wconf 88' lang='lat' dir='ltr'><strong>nonnulli</strong></span> <span class='ocrx_word' id='word_1_360' title='bbox 1623 1569 1736 1608; x_wconf 87' lang='lat' dir='ltr'><strong>moles.</strong></span> <span class='ocrx_word' id='word_1_361' title='bbox 1762 1569 1823 1608; x_wconf 91' lang='lat' dir='ltr'><strong>sed</strong></span> <span class='ocrx_word' id='word_1_362' title='bbox 1845 1569 1941 1607; x_wconf 83' lang='lat' dir='ltr'><strong>male</strong></span> <span class='ocrx_word' id='word_1_363' title='bbox 1955 1598 1966 1614; x_wconf 92' lang='lat'>,</span> <span class='ocrx_word' id='word_1_364' title='bbox 1992 1569 2077 1619; x_wconf 86' lang='lat' dir='ltr'><strong>quia</strong></span> <span class='ocrx_word' id='word_1_365' title='bbox 2099 1582 2190 1608; x_wconf 88' lang='lat' dir='ltr'><strong>mox</strong></span> <span class='ocrx_word' id='word_1_366' title='bbox 2212 1570 2386 1620; x_wconf 72' lang='lat' dir='ltr'><strong>sequitur.</strong></span> 
     </span>
     <span class='ocr_line' id='line_1_60' title="bbox 1330 1619 2384 1670; baseline -0.002 -10"><span class='ocrx_word' id='word_1_367' title='bbox 1330 1622 1406 1660; x_wconf 88' lang='lat' dir='ltr'><strong>vid.</strong></span> <span class='ocrx_word' id='word_1_368' title='bbox 1428 1623 1467 1660; x_wconf 67' lang='grc' dir='ltr'><strong>δε</strong></span> <span class='ocrx_word' id='word_1_369' title='bbox 1486 1621 1545 1660; x_wconf 91' lang='lat' dir='ltr'><strong>lib.</strong></span> <span class='ocrx_word' id='word_1_370' title='bbox 1573 1634 1602 1658; x_wconf 90' lang='lat'><strong>1.</strong></span> <span class='ocrx_word' id='word_1_371' title='bbox 1628 1634 1709 1670; x_wconf 79' lang='lat'><strong>575.</strong></span> <span class='ocrx_word' id='word_1_372' title='bbox 1732 1622 1772 1659; x_wconf 63' lang='grc' dir='ltr'><strong>ὃς</strong></span> <span class='ocrx_word' id='word_1_373' title='bbox 1794 1633 1880 1669; x_wconf 89' lang='lat'><strong>719.</strong></span> <span class='ocrx_word' id='word_1_374' title='bbox 1905 1632 1973 1669; x_wconf 92' lang='lat' dir='ltr'><strong>pro</strong></span> <span class='ocrx_word' id='word_1_375' title='bbox 1988 1619 2114 1669; x_wconf 80' lang='lat' dir='ltr'><strong>siccare</strong></span> <span class='ocrx_word' id='word_1_376' title='bbox 2135 1633 2227 1659; x_wconf 84' lang='lat' dir='ltr'><strong>vero</strong></span> <span class='ocrx_word' id='word_1_377' title='bbox 2251 1649 2262 1666; x_wconf 95' lang='lat'><strong>,</strong></span> <span class='ocrx_word' id='word_1_378' title='bbox 2299 1635 2384 1658; x_wconf 79' lang='lat' dir='ltr'><strong>cun-</strong></span> 
     </span>
     <span class='ocr_line' id='line_1_61' title="bbox 1330 1672 2384 1717; baseline -0.002 -7"><span class='ocrx_word' id='word_1_379' title='bbox 1330 1675 1426 1711; x_wconf 65' lang='lat' dir='ltr'><strong>blare</strong></span> <span class='ocrx_word' id='word_1_380' title='bbox 1455 1685 1549 1711; x_wconf 89' lang='lat' dir='ltr'><strong>unus</strong></span> <span class='ocrx_word' id='word_1_381' title='bbox 1584 1673 1760 1711; x_wconf 77' lang='lat' dir='ltr'><strong>Gronov,</strong></span> <span class='ocrx_word' id='word_1_382' title='bbox 1803 1672 1901 1709; x_wconf 86' lang='lat' dir='ltr'><strong>unde</strong></span> <span class='ocrx_word' id='word_1_383' title='bbox 1938 1682 2087 1709; x_wconf 85' lang='lat' dir='ltr'><strong>comtare</strong></span> <span class='ocrx_word' id='word_1_384' title='bbox 2122 1672 2182 1709; x_wconf 82' lang='lat' dir='ltr'><strong>vel</strong></span> <span class='ocrx_word' id='word_1_385' title='bbox 2215 1675 2359 1709; x_wconf 67' lang='lat' dir='ltr'><strong>enotare</strong></span> <span class='ocrx_word' id='word_1_386' title='bbox 2372 1699 2384 1717; x_wconf 90' lang='lat'>‚</span> 
     </span>
     <span class='ocr_line' id='line_1_62' title="bbox 1334 1721 2386 1772; baseline -0.001 -11"><span class='ocrx_word' id='word_1_387' title='bbox 1334 1723 1507 1761; x_wconf 80' lang='lat' dir='ltr'><strong>Heinsius</strong></span> <span class='ocrx_word' id='word_1_388' title='bbox 1539 1724 1630 1760; x_wconf 89' lang='lat' dir='ltr'><strong>olim</strong></span> <span class='ocrx_word' id='word_1_389' title='bbox 1665 1724 1888 1771; x_wconf 84' lang='lat' dir='ltr'><strong>conjecerat.</strong></span> <span class='ocrx_word' id='word_1_390' title='bbox 1935 1721 1997 1760; x_wconf 89' lang='lat' dir='ltr'><strong>sed</strong></span> <span class='ocrx_word' id='word_1_391' title='bbox 2018 1722 2165 1772; x_wconf 84' lang='lat' dir='ltr'><strong>vulgata</strong></span> <span class='ocrx_word' id='word_1_392' title='bbox 2187 1723 2279 1761; x_wconf 85' lang='lat' dir='ltr'><strong>mihi</strong></span> <span class='ocrx_word' id='word_1_393' title='bbox 2306 1722 2386 1760; x_wconf 81' lang='lat' dir='ltr'><strong>satis</strong></span> 
     </span>
     <span class='ocr_line' id='line_1_63' title="bbox 1332 1772 2384 1821; baseline 0 -9"><span class='ocrx_word' id='word_1_394' title='bbox 1332 1774 1431 1812; x_wconf 62' lang='lat' dir='ltr'><strong>reeta</strong></span> <span class='ocrx_word' id='word_1_395' title='bbox 1454 1774 1610 1812; x_wconf 82' lang='lat' dir='ltr'><strong>videtur.</strong></span> <span class='ocrx_word' id='word_1_396' title='bbox 1638 1774 1693 1811; x_wconf 83' lang='lat' dir='ltr'><strong>Ita</strong></span> <span class='ocrx_word' id='word_1_397' title='bbox 1714 1774 1844 1811; x_wconf 87' lang='lat' dir='ltr'><strong>Venus</strong></span> <span class='ocrx_word' id='word_1_398' title='bbox 1866 1772 2084 1819; x_wconf 69' lang='grc' dir='ltr'><em>ἀναδυομέυη</em></span> <span class='ocrx_word' id='word_1_399' title='bbox 2108 1786 2173 1811; x_wconf 82' lang='lat'><strong>111.</strong></span> <span class='ocrx_word' id='word_1_400' title='bbox 2196 1775 2277 1812; x_wconf 87' lang='lat' dir='ltr'><strong>Art.</strong></span> <span class='ocrx_word' id='word_1_401' title='bbox 2299 1784 2384 1821; x_wconf 82' lang='lat'><strong>224.</strong></span> 
     </span>
    </p>

    <p class='ocr_par' dir='ltr' id='par_1_25' title="bbox 1333 1824 2256 1925">
     <span class='ocr_line' id='line_1_64' title="bbox 1384 1824 2256 1875; baseline 0 -12"><span class='ocrx_word' id='word_1_402' title='bbox 1384 1826 1495 1863; x_wconf 88' lang='lat' dir='ltr'><strong>Nuda</strong></span> <span class='ocrx_word' id='word_1_403' title='bbox 1508 1832 1618 1863; x_wconf 79' lang='lat' dir='ltr'><strong>Venus</strong></span> <span class='ocrx_word' id='word_1_404' title='bbox 1638 1825 1802 1862; x_wconf 77' lang='lat' dir='ltr'><strong>madidas</strong></span> <span class='ocrx_word' id='word_1_405' title='bbox 1820 1824 1984 1875; x_wconf 82' lang='lat' dir='ltr'><strong>exprimit</strong></span> <span class='ocrx_word' id='word_1_406' title='bbox 2004 1824 2112 1862; x_wconf 83' lang='lat' dir='ltr'><strong>imbre</strong></span> <span class='ocrx_word' id='word_1_407' title='bbox 2133 1838 2256 1863; x_wconf 86' lang='lat' dir='ltr'><strong>comas.</strong></span> 
     </span>
     <span class='ocr_line' id='line_1_65' title="bbox 1333 1876 1622 1925; baseline -0.007 -10"><span class='ocrx_word' id='word_1_408' title='bbox 1333 1888 1382 1915; x_wconf 56' lang='lat'><strong>111.</strong></span> <span class='ocrx_word' id='word_1_409' title='bbox 1406 1876 1514 1914; x_wconf 74' lang='lat' dir='ltr'><strong>Trrst.</strong></span> <span class='ocrx_word' id='word_1_410' title='bbox 1539 1888 1622 1925; x_wconf 81' lang='lat'><strong>527.</strong></span> 
     </span>
    </p>

    <p class='ocr_par' dir='ltr' id='par_1_26' title="bbox 1336 1925 2260 2026">
     <span class='ocr_line' id='line_1_66' title="bbox 1387 1925 2260 1978; baseline -0.001 -13"><span class='ocrx_word' id='word_1_411' title='bbox 1387 1928 1439 1965; x_wconf 85' lang='lat' dir='ltr'><strong>Sic</strong></span> <span class='ocrx_word' id='word_1_412' title='bbox 1461 1928 1618 1965; x_wconf 79' lang='lat' dir='ltr'><strong>madidos</strong></span> <span class='ocrx_word' id='word_1_413' title='bbox 1631 1925 1739 1977; x_wconf 78' lang='lat' dir='ltr'><strong>fitcat</strong></span> <span class='ocrx_word' id='word_1_414' title='bbox 1762 1926 1878 1977; x_wconf 84' lang='lat' dir='ltr'><strong>digitis</strong></span> <span class='ocrx_word' id='word_1_415' title='bbox 1898 1933 2009 1965; x_wconf 85' lang='lat' dir='ltr'><strong>Venus</strong></span> <span class='ocrx_word' id='word_1_416' title='bbox 2030 1927 2102 1964; x_wconf 84' lang='lat' dir='ltr'><strong>uda</strong></span> <span class='ocrx_word' id='word_1_417' title='bbox 2125 1926 2260 1978; x_wconf 78' lang='lat' dir='ltr'><strong>capillos</strong></span> 
     </span>
     <span class='ocr_line' id='line_1_67' title="bbox 1336 1979 1730 2026; baseline -0.01 -7"><span class='ocrx_word' id='word_1_418' title='bbox 1336 1981 1385 2019; x_wconf 89' lang='lat' dir='ltr'><strong>Et</strong></span> <span class='ocrx_word' id='word_1_419' title='bbox 1407 1991 1461 2016; x_wconf 76' lang='lat' dir='ltr'><strong>xv,</strong></span> <span class='ocrx_word' id='word_1_420' title='bbox 1488 1979 1598 2017; x_wconf 87' lang='lat' dir='ltr'><strong>Pont.</strong></span> <span class='ocrx_word' id='word_1_421' title='bbox 1618 1991 1647 2016; x_wconf 83' lang='lat'><strong>1.</strong></span> <span class='ocrx_word' id='word_1_422' title='bbox 1673 1990 1730 2026; x_wconf 83' lang='lat'><strong>30.</strong></span> 
     </span>
    </p>

    <p class='ocr_par' dir='ltr' id='par_1_27' title="bbox 1336 2028 2278 2120">
     <span class='ocr_line' id='line_1_68' title="bbox 1387 2028 2278 2081; baseline 0.001 -15"><span class='ocrx_word' id='word_1_423' title='bbox 1387 2035 1564 2080; x_wconf 77' lang='lat' dir='ltr'><strong>Aequoreo</strong></span> <span class='ocrx_word' id='word_1_424' title='bbox 1582 2029 1749 2067; x_wconf 82' lang='lat' dir='ltr'><strong>madidas</strong></span> <span class='ocrx_word' id='word_1_425' title='bbox 1772 2043 1859 2081; x_wconf 75' lang='lat' dir='ltr'><strong>quae</strong></span> <span class='ocrx_word' id='word_1_426' title='bbox 1872 2029 2003 2079; x_wconf 83' lang='lat' dir='ltr'><strong>premit</strong></span> <span class='ocrx_word' id='word_1_427' title='bbox 2024 2028 2134 2066; x_wconf 79' lang='lat' dir='ltr'><strong>imbre</strong></span> <span class='ocrx_word' id='word_1_428' title='bbox 2150 2041 2278 2068; x_wconf 76' lang='lat' dir='ltr'><strong>comas.</strong></span> 
     </span>
     <span class='ocr_line' id='line_1_69' title="bbox 1336 2082 1604 2120; baseline -0.011 1"><span class='ocrx_word' id='word_1_429' title='bbox 1336 2082 1604 2120; x_wconf 73' lang='lat' dir='ltr'><strong>BuRMANNus.</strong></span> 
     </span>
    </p>

    <p class='ocr_par' dir='ltr' id='par_1_28' title="bbox 1338 2128 2388 2230">
     <span class='ocr_line' id='line_1_70' title="bbox 1394 2128 2388 2181; baseline 0 -13"><span class='ocrx_word' id='word_1_430' title='bbox 1394 2144 1450 2181; x_wconf 85' lang='lat'><strong>¹3·</strong></span> <span class='ocrx_word' id='word_1_431' title='bbox 1476 2130 1610 2181; x_wconf 89' lang='lat' dir='ltr'><strong>Pisce.]</strong></span> <span class='ocrx_word' id='word_1_432' title='bbox 1640 2131 1747 2179; x_wconf 81' lang='lat' dir='ltr'><strong>Priste</strong></span> <span class='ocrx_word' id='word_1_433' title='bbox 1769 2131 1991 2180; x_wconf 83' lang='lat' dir='ltr'><strong>conjiciebat</strong></span> <span class='ocrx_word' id='word_1_434' title='bbox 2014 2130 2230 2168; x_wconf 87' lang='lat' dir='ltr'><strong>Gronovius</strong></span> <span class='ocrx_word' id='word_1_435' title='bbox 2261 2128 2325 2167; x_wconf 87' lang='lat' dir='ltr'><strong>lib.</strong></span> <span class='ocrx_word' id='word_1_436' title='bbox 2354 2140 2388 2168; x_wconf 91' lang='lat'><strong>1.</strong></span> 
     </span>
     <span class='ocr_line' id='line_1_71' title="bbox 1338 2183 2078 2230; baseline -0.004 -8"><span class='ocrx_word' id='word_1_437' title='bbox 1338 2184 1493 2222; x_wconf 81' lang='lat' dir='ltr'><strong>ObserV.</strong></span> <span class='ocrx_word' id='word_1_438' title='bbox 1519 2195 1575 2230; x_wconf 26' lang='lat'><strong>17..</strong></span> <span class='ocrx_word' id='word_1_439' title='bbox 1595 2190 1637 2220; x_wconf 87' lang='lat' dir='ltr'><strong>ut</strong></span> <span class='ocrx_word' id='word_1_440' title='bbox 1658 2183 1792 2220; x_wconf 82' lang='lat' dir='ltr'><strong>Horat.</strong></span> <span class='ocrx_word' id='word_1_441' title='bbox 1817 2185 1896 2220; x_wconf 88' lang='lat' dir='ltr'><strong>Art.</strong></span> <span class='ocrx_word' id='word_1_442' title='bbox 1914 2184 2020 2220; x_wconf 77' lang='lat' dir='ltr'><strong>Poet.</strong></span> <span class='ocrx_word' id='word_1_443' title='bbox 2041 2194 2078 2227; x_wconf 85' lang='grc'><strong>4.</strong></span> 
     </span>
    </p>
   </div>
   <div class='ocr_carea' id='block_1_9' title="bbox 1388 2246 2245 2299">
    <p class='ocr_par' dir='ltr' id='par_1_29' title="bbox 1388 2246 2245 2299">
     <span class='ocr_line' id='line_1_72' title="bbox 1388 2246 2245 2299; baseline -0.004 -13"><span class='ocrx_word' id='word_1_444' title='bbox 1388 2247 1537 2299; x_wconf 80' lang='lat' dir='ltr'><strong>Desinat</strong></span> <span class='ocrx_word' id='word_1_445' title='bbox 1557 2249 1596 2285; x_wconf 87' lang='lat' dir='ltr'><strong>in</strong></span> <span class='ocrx_word' id='word_1_446' title='bbox 1617 2248 1762 2296; x_wconf 84' lang='lat' dir='ltr'><strong>Pristem</strong></span> <span class='ocrx_word' id='word_1_447' title='bbox 1784 2248 1911 2285; x_wconf 83' lang='lat' dir='ltr'><strong>mulier</strong></span> <span class='ocrx_word' id='word_1_448' title='bbox 1923 2246 2078 2296; x_wconf 80' lang='lat' dir='ltr'><strong>fhrmosa</strong></span> <span class='ocrx_word' id='word_1_449' title='bbox 2090 2246 2245 2297; x_wconf 74' lang='lat' dir='ltr'><strong>superne.</strong></span> 
     </span>
    </p>
   </div>
   <div class='ocr_carea' id='block_1_10' title="bbox 1339 2311 2387 2412">
    <p class='ocr_par' dir='ltr' id='par_1_30' title="bbox 1339 2311 2387 2412">
     <span class='ocr_line' id='line_1_73' title="bbox 1339 2311 2387 2363; baseline -0.001 -11"><span class='ocrx_word' id='word_1_450' title='bbox 1339 2314 1428 2352; x_wconf 81' lang='lat' dir='ltr'><strong>Vid.</strong></span> <span class='ocrx_word' id='word_1_451' title='bbox 1451 2315 1497 2352; x_wconf 84' lang='lat' dir='ltr'><strong>ad</strong></span> <span class='ocrx_word' id='word_1_452' title='bbox 1518 2327 1610 2352; x_wconf 78' lang='lat' dir='ltr'><strong>xnx.</strong></span> <span class='ocrx_word' id='word_1_453' title='bbox 1629 2325 1715 2363; x_wconf 79' lang='lat'><strong>915.</strong></span> <span class='ocrx_word' id='word_1_454' title='bbox 1737 2314 1776 2350; x_wconf 90' lang='lat'>&amp;</span> <span class='ocrx_word' id='word_1_455' title='bbox 1798 2325 1861 2350; x_wconf 87' lang='lat'><strong>111.</strong></span> <span class='ocrx_word' id='word_1_456' title='bbox 1891 2312 1981 2351; x_wconf 80' lang='lat' dir='ltr'><strong>Fast.</strong></span> <span class='ocrx_word' id='word_1_457' title='bbox 2014 2324 2097 2361; x_wconf 84' lang='lat'><strong>723.</strong></span> <span class='ocrx_word' id='word_1_458' title='bbox 2139 2313 2179 2349; x_wconf 69' lang='grc' dir='ltr'><strong>ὃς</strong></span> <span class='ocrx_word' id='word_1_459' title='bbox 2207 2311 2301 2350; x_wconf 85' lang='lat' dir='ltr'><strong>alibi.</strong></span> <span class='ocrx_word' id='word_1_460' title='bbox 2326 2311 2387 2352; x_wconf 86' lang='lat' dir='ltr'><strong>sed</strong></span> 
     </span>
     <span class='ocr_line' id='line_1_74' title="bbox 1340 2362 2315 2412; baseline -0.002 -9"><span class='ocrx_word' id='word_1_461' title='bbox 1340 2365 1430 2404; x_wconf 84' lang='lat' dir='ltr'><strong>nihil</strong></span> <span class='ocrx_word' id='word_1_462' title='bbox 1451 2365 1674 2402; x_wconf 86' lang='lat' dir='ltr'><strong>mutandum</strong></span> <span class='ocrx_word' id='word_1_463' title='bbox 1696 2373 1824 2401; x_wconf 87' lang='lat' dir='ltr'><strong>tamen</strong></span> <span class='ocrx_word' id='word_1_464' title='bbox 1846 2372 1952 2412; x_wconf 86' lang='lat' dir='ltr'><strong>puto.</strong></span> <span class='ocrx_word' id='word_1_465' title='bbox 1982 2362 2108 2400; x_wconf 92' lang='lat' dir='ltr'><strong>Tibul.</strong></span> <span class='ocrx_word' id='word_1_466' title='bbox 2126 2375 2155 2399; x_wconf 90' lang='lat'><strong>1.</strong></span> <span class='ocrx_word' id='word_1_467' title='bbox 2169 2362 2315 2412; x_wconf 88' lang='lat' dir='ltr'><strong>Eleg.6.</strong></span> 
     </span>
    </p>
   </div>
   <div class='ocr_carea' id='block_1_11' title="bbox 1393 2425 2252 2527">
    <p class='ocr_par' dir='ltr' id='par_1_31' title="bbox 1393 2425 2252 2527">
     <span class='ocr_line' id='line_1_75' title="bbox 1393 2425 2252 2476; baseline -0.001 -13"><span class='ocrx_word' id='word_1_468' title='bbox 1393 2426 1488 2464; x_wconf 85' lang='lat' dir='ltr'><strong>Talis</strong></span> <span class='ocrx_word' id='word_1_469' title='bbox 1508 2428 1557 2465; x_wconf 86' lang='lat' dir='ltr'><strong>ad</strong></span> <span class='ocrx_word' id='word_1_470' title='bbox 1577 2428 1790 2465; x_wconf 67' lang='lat' dir='ltr'><strong>Aemoniam</strong></span> <span class='ocrx_word' id='word_1_471' title='bbox 1814 2427 1932 2463; x_wconf 80' lang='lat' dir='ltr'><strong>Nereis</strong></span> <span class='ocrx_word' id='word_1_472' title='bbox 1955 2425 2052 2463; x_wconf 86' lang='lat' dir='ltr'><strong>Pelea</strong></span> <span class='ocrx_word' id='word_1_473' title='bbox 2074 2427 2252 2476; x_wconf 81' lang='lat' dir='ltr'><strong>quondam</strong></span> 
     </span>
     <span class='ocr_line' id='line_1_76' title="bbox 1446 2476 2177 2527; baseline -0.003 -13"><span class='ocrx_word' id='word_1_474' title='bbox 1446 2481 1547 2515; x_wconf 62' lang='lat' dir='ltr'><strong>Vesta</strong></span> <span class='ocrx_word' id='word_1_475' title='bbox 1566 2479 1610 2526; x_wconf 83' lang='lat' dir='ltr'><strong>est</strong></span> <span class='ocrx_word' id='word_1_476' title='bbox 1622 2481 1765 2524; x_wconf 74' lang='lat' dir='ltr'><strong>frenato</strong></span> <span class='ocrx_word' id='word_1_477' title='bbox 1788 2476 1935 2517; x_wconf 63' lang='lat' dir='ltr'><strong>caerula,</strong></span> <span class='ocrx_word' id='word_1_478' title='bbox 1942 2476 2027 2527; x_wconf 85' lang='lat' dir='ltr'><strong>pisce</strong></span> <span class='ocrx_word' id='word_1_479' title='bbox 2051 2476 2177 2513; x_wconf 85' lang='lat' dir='ltr'><strong>Thetis.</strong></span> 
     </span>
    </p>
   </div>
   <div class='ocr_carea' id='block_1_12' title="bbox 1338 2539 2394 3149">
    <p class='ocr_par' dir='ltr' id='par_1_32' title="bbox 1338 2539 2391 2634">
     <span class='ocr_line' id='line_1_77' title="bbox 1338 2539 2391 2591; baseline 0.003 -14"><span class='ocrx_word' id='word_1_480' title='bbox 1338 2540 1414 2578; x_wconf 89' lang='lat' dir='ltr'><strong>Ubi</strong></span> <span class='ocrx_word' id='word_1_481' title='bbox 1446 2542 1685 2580; x_wconf 86' lang='lat' dir='ltr'><strong>Gronovium</strong></span> <span class='ocrx_word' id='word_1_482' title='bbox 1729 2542 1840 2580; x_wconf 87' lang='lat' dir='ltr'><strong>etiam</strong></span> <span class='ocrx_word' id='word_1_483' title='bbox 1874 2541 1979 2588; x_wconf 79' lang='lat' dir='ltr'><strong>Pristc</strong></span> <span class='ocrx_word' id='word_1_484' title='bbox 2023 2539 2208 2590; x_wconf 86' lang='lat' dir='ltr'><strong>legentem</strong></span> <span class='ocrx_word' id='word_1_485' title='bbox 2247 2541 2391 2591; x_wconf 82' lang='lat' dir='ltr'><strong>egregie</strong></span> 
     </span>
     <span class='ocr_line' id='line_1_78' title="bbox 1339 2592 2072 2634; baseline -0.003 -5"><span class='ocrx_word' id='word_1_486' title='bbox 1339 2592 1474 2630; x_wconf 81' lang='lat' dir='ltr'><strong>refutat</strong></span> <span class='ocrx_word' id='word_1_487' title='bbox 1494 2592 1753 2634; x_wconf 81' lang='lat' dir='ltr'><strong>Broukhufius.</strong></span> <span class='ocrx_word' id='word_1_488' title='bbox 1805 2593 2072 2629; x_wconf 75' lang='lat' dir='ltr'><strong>BURMANNUS.</strong></span> 
     </span>
    </p>

    <p class='ocr_par' dir='ltr' id='par_1_33' title="bbox 1345 2641 2393 2893">
     <span class='ocr_line' id='line_1_79' title="bbox 1398 2641 2391 2694; baseline 0.001 -15"><span class='ocrx_word' id='word_1_489' title='bbox 1398 2644 1452 2680; x_wconf 89' lang='lat'><strong>16.</strong></span> <span class='ocrx_word' id='word_1_490' title='bbox 1479 2644 1710 2692; x_wconf 85' lang='lat' dir='ltr'><strong>Fluminaque</strong></span> <span class='ocrx_word' id='word_1_491' title='bbox 1731 2654 1776 2683; x_wconf 69' lang='grc' dir='ltr'><strong>ω’</strong></span> <span class='ocrx_word' id='word_1_492' title='bbox 1803 2641 2026 2691; x_wconf 50' lang='lat' dir='ltr'><strong>Nymphas]</strong></span> <span class='ocrx_word' id='word_1_493' title='bbox 2065 2647 2112 2678; x_wconf 87' lang='lat' dir='ltr'><strong>Et</strong></span> <span class='ocrx_word' id='word_1_494' title='bbox 2145 2642 2391 2694; x_wconf 58' lang='lat' dir='ltr'><strong>Nymphasqffl</strong></span> 
     </span>
     <span class='ocr_line' id='line_1_80' title="bbox 1345 2692 2392 2744; baseline 0.004 -16"><span class='ocrx_word' id='word_1_495' title='bbox 1345 2693 1486 2741; x_wconf 87' lang='lat' dir='ltr'><strong>Gryph.</strong></span> <span class='ocrx_word' id='word_1_496' title='bbox 1508 2693 1633 2730; x_wconf 88' lang='lat' dir='ltr'><strong>editio.</strong></span> <span class='ocrx_word' id='word_1_497' title='bbox 1656 2693 1759 2741; x_wconf 87' lang='lat' dir='ltr'><strong>Lege</strong></span> <span class='ocrx_word' id='word_1_498' title='bbox 1774 2721 1783 2737; x_wconf 91' lang='lat'>‚</span> <span class='ocrx_word' id='word_1_499' title='bbox 1798 2692 2026 2742; x_wconf 82' lang='lat' dir='ltr'><strong>Fluminaque</strong></span> <span class='ocrx_word' id='word_1_500' title='bbox 2060 2693 2305 2744; x_wconf 69' lang='lat' dir='ltr'><strong>Nymphasque</strong></span> <span class='ocrx_word' id='word_1_501' title='bbox 2325 2695 2392 2732; x_wconf 89' lang='lat' dir='ltr'><strong>suis</strong></span> 
     </span>
     <span class='ocr_line' id='line_1_81' title="bbox 1345 2742 2393 2794; baseline 0.004 -15"><span class='ocrx_word' id='word_1_502' title='bbox 1345 2743 1559 2780; x_wconf 84' lang='lat' dir='ltr'><strong>Nasoniano</strong></span> <span class='ocrx_word' id='word_1_503' title='bbox 1581 2755 1703 2788; x_wconf 80' lang='lat' dir='ltr'><strong>more,</strong></span> <span class='ocrx_word' id='word_1_504' title='bbox 1729 2755 1816 2780; x_wconf 87' lang='lat' dir='ltr'><strong>cum</strong></span> <span class='ocrx_word' id='word_1_505' title='bbox 1837 2755 1919 2781; x_wconf 89' lang='lat' dir='ltr'><strong>uno</strong></span> <span class='ocrx_word' id='word_1_506' title='bbox 1936 2742 2140 2788; x_wconf 73' lang='lat' dir='ltr'><strong>Mediceo,</strong></span> <span class='ocrx_word' id='word_1_507' title='bbox 2166 2745 2230 2794; x_wconf 84' lang='lat' dir='ltr'><strong>qui</strong></span> <span class='ocrx_word' id='word_1_508' title='bbox 2251 2745 2393 2792; x_wconf 70' lang='lat' dir='ltr'><strong>babet,</strong></span> 
     </span>
     <span class='ocr_line' id='line_1_82' title="bbox 1347 2792 2390 2845; baseline 0.004 -15"><span class='ocrx_word' id='word_1_509' title='bbox 1347 2792 1564 2845; x_wconf 79' lang='lat' dir='ltr'><strong>fluminaque</strong></span> <span class='ocrx_word' id='word_1_510' title='bbox 1589 2793 1778 2843; x_wconf 70' lang='lat' dir='ltr'><strong>Nymphas.</strong></span> <span class='ocrx_word' id='word_1_511' title='bbox 1805 2795 1843 2831; x_wconf 66' lang='grc' dir='ltr'><strong>ὃς</strong></span> <span class='ocrx_word' id='word_1_512' title='bbox 1864 2795 1913 2832; x_wconf 80' lang='lat' dir='ltr'><strong>ita</strong></span> <span class='ocrx_word' id='word_1_513' title='bbox 1938 2794 2117 2832; x_wconf 78' lang='lat' dir='ltr'><strong>Ciofanus</strong></span> <span class='ocrx_word' id='word_1_514' title='bbox 2137 2795 2183 2832; x_wconf 84' lang='lat' dir='ltr'><strong>ad.</strong></span> <span class='ocrx_word' id='word_1_515' title='bbox 2202 2795 2262 2833; x_wconf 84' lang='lat' dir='ltr'><strong>lib.</strong></span> <span class='ocrx_word' id='word_1_516' title='bbox 2284 2808 2312 2833; x_wconf 89' lang='lat'><strong>1.</strong></span> <span class='ocrx_word' id='word_1_517' title='bbox 2333 2796 2390 2840; x_wconf 52' lang='grc' dir='ltr'><strong>ᾖε.</strong></span> 
     </span>
     <span class='ocr_line' id='line_1_83' title="bbox 1353 2845 2186 2893; baseline 0.001 -11"><span class='ocrx_word' id='word_1_518' title='bbox 1353 2856 1433 2893; x_wconf 86' lang='lat'><strong>193.</strong></span> <span class='ocrx_word' id='word_1_519' title='bbox 1465 2846 1648 2882; x_wconf 85' lang='lat' dir='ltr'><strong>incertum</strong></span> <span class='ocrx_word' id='word_1_520' title='bbox 1671 2857 1718 2883; x_wconf 83' lang='lat' dir='ltr'><strong>an</strong></span> <span class='ocrx_word' id='word_1_521' title='bbox 1741 2858 1785 2882; x_wconf 82' lang='lat' dir='ltr'><strong>ex</strong></span> <span class='ocrx_word' id='word_1_522' title='bbox 1807 2845 1915 2882; x_wconf 84' lang='lat' dir='ltr'><strong>MSS.</strong></span> <span class='ocrx_word' id='word_1_523' title='bbox 1971 2846 2186 2884; x_wconf 63' lang='lat' dir='ltr'><strong>Hnmsms.</strong></span> 
     </span>
    </p>

    <p class='ocr_par' dir='ltr' id='par_1_34' title="bbox 1338 2895 2394 3149">
     <span class='ocr_line' id='line_1_84' title="bbox 1403 2895 2391 2946; baseline -0.001 -13"><span class='ocrx_word' id='word_1_524' title='bbox 1403 2896 1458 2933; x_wconf 83' lang='lat'><strong>18.</strong></span> <span class='ocrx_word' id='word_1_525' title='bbox 1489 2897 1658 2946; x_wconf 71' lang='lat' dir='ltr'><strong>Signaque</strong></span> <span class='ocrx_word' id='word_1_526' title='bbox 1670 2897 1734 2945; x_wconf 71' lang='lat' dir='ltr'><strong>fhx</strong></span> <span class='ocrx_word' id='word_1_527' title='bbox 1747 2896 1884 2943; x_wconf 82' lang='lat' dir='ltr'><strong>foribus</strong></span> <span class='ocrx_word' id='word_1_528' title='bbox 1913 2896 2070 2941; x_wconf 82' lang='lat' dir='ltr'><strong>dextris,</strong></span> <span class='ocrx_word' id='word_1_529' title='bbox 2108 2897 2317 2946; x_wconf 80' lang='lat' dir='ltr'><strong>totidemque</strong></span> <span class='ocrx_word' id='word_1_530' title='bbox 2339 2895 2391 2946; x_wconf 79' lang='lat' dir='ltr'><strong>si—</strong></span> 
     </span>
     <span class='ocr_line' id='line_1_85' title="bbox 1348 2946 2393 2996; baseline 0.001 -13"><span class='ocrx_word' id='word_1_531' title='bbox 1348 2946 1503 2996; x_wconf 79' lang='lat' dir='ltr'><strong>nistris.]</strong></span> <span class='ocrx_word' id='word_1_532' title='bbox 1541 2946 1754 2994; x_wconf 75' lang='lat' dir='ltr'><strong>Periphrafis</strong></span> <span class='ocrx_word' id='word_1_533' title='bbox 1778 2947 1873 2984; x_wconf 84' lang='lat' dir='ltr'><strong>orbis</strong></span> <span class='ocrx_word' id='word_1_534' title='bbox 1894 2946 2075 2996; x_wconf 83' lang='lat' dir='ltr'><strong>figniferi,</strong></span> <span class='ocrx_word' id='word_1_535' title='bbox 2112 2959 2225 2996; x_wconf 85' lang='lat' dir='ltr'><strong>quem</strong></span> <span class='ocrx_word' id='word_1_536' title='bbox 2258 2947 2393 2984; x_wconf 87' lang='lat' dir='ltr'><strong>Graeci</strong></span> 
     </span>
     <span class='ocr_line' id='line_1_86' title="bbox 1347 2997 2392 3040; baseline 0.002 -6"><span class='ocrx_word' id='word_1_537' title='bbox 1347 2997 1553 3034; x_wconf 81' lang='lat' dir='ltr'><strong>Zodiacum</strong></span> <span class='ocrx_word' id='word_1_538' title='bbox 1585 3006 1743 3040; x_wconf 84' lang='lat' dir='ltr'><strong>vocant,</strong></span> <span class='ocrx_word' id='word_1_539' title='bbox 1782 3006 1823 3035; x_wconf 83' lang='lat' dir='ltr'><strong>ut</strong></span> <span class='ocrx_word' id='word_1_540' title='bbox 1855 2998 1966 3036; x_wconf 89' lang='lat' dir='ltr'><strong>docet</strong></span> <span class='ocrx_word' id='word_1_541' title='bbox 1998 2999 2053 3034; x_wconf 88' lang='lat' dir='ltr'><strong>M.</strong></span> <span class='ocrx_word' id='word_1_542' title='bbox 2077 2998 2221 3035; x_wconf 85' lang='lat' dir='ltr'><strong>Tullius</strong></span> <span class='ocrx_word' id='word_1_543' title='bbox 2246 2997 2304 3034; x_wconf 86' lang='lat' dir='ltr'><strong>lib.</strong></span> <span class='ocrx_word' id='word_1_544' title='bbox 2338 3010 2392 3036; x_wconf 87' lang='lat'><strong>11.</strong></span> 
     </span>
     <span class='ocr_line' id='line_1_87' title="bbox 1346 3046 2394 3099; baseline 0.001 -14"><span class='ocrx_word' id='word_1_545' title='bbox 1346 3048 1408 3085; x_wconf 89' lang='lat' dir='ltr'><strong>De</strong></span> <span class='ocrx_word' id='word_1_546' title='bbox 1430 3049 1556 3085; x_wconf 86' lang='lat' dir='ltr'><strong>Divin.</strong></span> <span class='ocrx_word' id='word_1_547' title='bbox 1580 3049 1681 3092; x_wconf 82' lang='lat' dir='ltr'><strong>Vim,</strong></span> <span class='ocrx_word' id='word_1_548' title='bbox 1707 3049 1851 3097; x_wconf 86' lang='lat' dir='ltr'><strong>inquit,</strong></span> <span class='ocrx_word' id='word_1_549' title='bbox 1889 3049 2072 3099; x_wconf 81' lang='lat' dir='ltr'><strong>quandam</strong></span> <span class='ocrx_word' id='word_1_550' title='bbox 2092 3048 2148 3096; x_wconf 71' lang='lat' dir='ltr'><strong>effi}</strong></span> <span class='ocrx_word' id='word_1_551' title='bbox 2169 3049 2272 3096; x_wconf 80' lang='lat' dir='ltr'><strong>ajunt</strong></span> <span class='ocrx_word' id='word_1_552' title='bbox 2285 3046 2394 3098; x_wconf 71' lang='lat' dir='ltr'><strong>signi-&#39;r</strong></span> 
     </span>
     <span class='ocr_line' id='line_1_88' title="bbox 1338 3099 2392 3149; baseline 0.002 -15"><span class='ocrx_word' id='word_1_553' title='bbox 1338 3100 1416 3146; x_wconf 86' lang='lat' dir='ltr'><strong>fero</strong></span> <span class='ocrx_word' id='word_1_554' title='bbox 1449 3100 1486 3136; x_wconf 85' lang='lat' dir='ltr'><strong>in</strong></span> <span class='ocrx_word' id='word_1_555' title='bbox 1519 3099 1616 3144; x_wconf 84' lang='lat' dir='ltr'><strong>orbe,</strong></span> <span class='ocrx_word' id='word_1_556' title='bbox 1655 3100 1716 3149; x_wconf 76' lang='lat' dir='ltr'><strong>qui</strong></span> <span class='ocrx_word' id='word_1_557' title='bbox 1737 3105 1864 3136; x_wconf 84' lang='lat' dir='ltr'><strong>Graece</strong></span> <span class='ocrx_word' id='word_1_558' title='bbox 1887 3099 2060 3140; x_wconf 72' lang='grc' dir='ltr'><strong>Ζωδιεικῦς</strong></span> <span class='ocrx_word' id='word_1_559' title='bbox 2081 3099 2210 3135; x_wconf 82' lang='lat' dir='ltr'><strong>dicitur</strong></span> <span class='ocrx_word' id='word_1_560' title='bbox 2224 3128 2233 3141; x_wconf 87' lang='lat'>‚</span> <span class='ocrx_word' id='word_1_561' title='bbox 2261 3099 2367 3136; x_wconf 84' lang='lat' dir='ltr'><strong>talem</strong></span> <span class='ocrx_word' id='word_1_562' title='bbox 2381 3127 2392 3144; x_wconf 90' lang='lat'>,</span> 
     </span>
    </p>
   </div>
   <div class='ocr_carea' id='block_1_13' title="bbox 1345 3149 2393 3246">
    <p class='ocr_par' dir='ltr' id='par_1_35' title="bbox 1345 3149 2393 3246">
     <span class='ocr_line' id='line_1_89' title="bbox 1349 3149 2393 3200; baseline 0.001 -14"><span class='ocrx_word' id='word_1_563' title='bbox 1349 3160 1391 3186; x_wconf 88' lang='lat' dir='ltr'><strong>ut</strong></span> <span class='ocrx_word' id='word_1_564' title='bbox 1424 3151 1494 3199; x_wconf 87' lang='lat' dir='ltr'><strong>ejus</strong></span> <span class='ocrx_word' id='word_1_565' title='bbox 1520 3150 1608 3187; x_wconf 80' lang='lat' dir='ltr'><strong>orbis</strong></span> <span class='ocrx_word' id='word_1_566' title='bbox 1640 3164 1865 3200; x_wconf 75' lang='lat' dir='ltr'><strong>unaquaeque</strong></span> <span class='ocrx_word' id='word_1_567' title='bbox 1897 3160 1980 3200; x_wconf 86' lang='lat' dir='ltr'><strong>pars</strong></span> <span class='ocrx_word' id='word_1_568' title='bbox 2005 3150 2078 3186; x_wconf 85' lang='lat' dir='ltr'><strong>alia</strong></span> <span class='ocrx_word' id='word_1_569' title='bbox 2100 3149 2167 3185; x_wconf 83' lang='lat' dir='ltr'><strong>alio</strong></span> <span class='ocrx_word' id='word_1_570' title='bbox 2196 3150 2294 3187; x_wconf 84' lang='lat' dir='ltr'><strong>modo</strong></span> <span class='ocrx_word' id='word_1_571' title='bbox 2322 3163 2393 3187; x_wconf 58' lang='lat' dir='ltr'><strong>mo*</strong></span> 
     </span>
     <span class='ocr_line' id='line_1_90' title="bbox 1345 3212 1469 3246; baseline 0 -10"><span class='ocrx_word' id='word_1_572' title='bbox 1345 3212 1430 3236; x_wconf 85' lang='lat' dir='ltr'><strong>veat</strong></span> <span class='ocrx_word' id='word_1_573' title='bbox 1458 3230 1469 3246; x_wconf 94' lang='lat'>‚</span> 
     </span>
    </p>
   </div>
   <div class='ocr_carea' id='block_1_14' title="bbox 1343 3199 2393 3291">
    <p class='ocr_par' dir='ltr' id='par_1_36' title="bbox 1343 3199 2393 3291">
     <span class='ocr_line' id='line_1_91' title="bbox 1343 3199 2393 3291; baseline -0.004 -51"><span class='ocrx_word' id='word_1_574' title='bbox 1343 3250 1394 3291; x_wconf 67' lang='lat' dir='ltr'><strong>sb</strong></span> <span class='ocrx_word' id='word_1_575' title='bbox 1523 3201 1752 3250; x_wconf 79' lang='lat' dir='ltr'><strong>immutetque</strong></span> <span class='ocrx_word' id='word_1_576' title='bbox 1782 3201 1926 3239; x_wconf 85' lang='lat' dir='ltr'><strong>caelum.</strong></span> <span class='ocrx_word' id='word_1_577' title='bbox 1982 3201 2030 3239; x_wconf 85' lang='lat' dir='ltr'><strong>Et</strong></span> <span class='ocrx_word' id='word_1_578' title='bbox 2070 3199 2109 3238; x_wconf 86' lang='lat' dir='ltr'><strong>in</strong></span> <span class='ocrx_word' id='word_1_579' title='bbox 2139 3200 2282 3240; x_wconf 72' lang='lat' dir='ltr'><strong>Arateis</strong></span> <span class='ocrx_word' id='word_1_580' title='bbox 2312 3212 2393 3239; x_wconf 77' lang='lat' dir='ltr'><strong>ver-</strong></span> 
     </span>
     <span class='ocr_line' id='line_1_92' title="bbox 1360 3263 1458 3290; baseline 0.01 -1"><span class='ocrx_word' id='word_1_581' title='bbox 1360 3264 1372 3289; x_wconf 86' lang='lat'>1</span> <span class='ocrx_word' id='word_1_582' title='bbox 1397 3263 1458 3290; x_wconf 85' lang='lat' dir='ltr'><strong>us:</strong></span> 
     </span>
    </p>
   </div>
   <div class='ocr_carea' id='block_1_15' title="bbox 2327 3291 2390 3338">
    <p class='ocr_par' dir='ltr' id='par_1_37' title="bbox 2327 3291 2390 3338">
     <span class='ocr_line' id='line_1_93' title="bbox 2327 3291 2390 3338; baseline -0.016 0"><span class='ocrx_word' id='word_1_583' title='bbox 2327 3291 2390 3338; x_wconf 51' lang='lat' dir='ltr'><strong>Sea</strong></span> 
     </span>
    </p>
   </div>
  </div>
 </body>
</html>
