2483 3616
295 137 1528 206 *METAMORPHOSEON
1602 109 1768 197 Lm.
1821 145 1937 204 vii.

2075 163 2183 219 505

322 262 481 320 Hinc
507 257 771 330 Anaphen
801 256 892 312 fibi
914 255 1119 328 jungit,
1158 256 1214 310 δε
1240 256 1540 328 Astypaleia
1567 273 1758 327 regna3

332 331 601 389 Promiffis
631 332 927 403 Anaphen,
966 347 1129 401 regna
1155 329 1455 401 Astypaleia
1478 329 1645 383 bello:

321 405 475 460 Hinc
501 404 756 458 humilem
785 404 1094 477 Myconon,
1133 403 1446 473 cretosaque
1473 421 1594 455 rura
1619 401 1854 467 Cimoli,

315 476 741 550 Florentemque
764 476 1052 549 Cythnon,
1091 475 1322 548 Scyron,
1351 477 1679 547 ,planamque
1705 476 1968 549 Seriphon
1993 520 2006 540 ,

20 700 145 742 siquam
164 687 337 727 subdititii
357 688 625 739 adulterinique
648 717 658 734 ,
694 697 737 728 ut
769 690 884 728 acrius
917 689 1076 727 intuenti

38 741 210 780 constant.
244 741 462 778 MARIANG.
489 742 670 778 Accuns.
699 742 736 778 in
753 740 905 778 Diatrib.
932 742 972 776 ln
985 740 1079 777 duo-

36 792 230 835 bumnets,
260 791 449 839 Capranic.
481 793 519 829 ὃς
554 794 590 829 in
621 793 713 829 libro
738 790 877 835 Ursini,
904 790 1078 839 posterius

36 853 181 881 carmen
201 841 443 886 desideratum
473 844 511 880 ὃ(
532 842 694 892 superior
713 843 787 880 hoc
803 840 919 879 modo
932 841 1076 888 legitur:

30 892 126 930 ..Hinc
150 892 324 941 Anaphen
333 890 401 941 fibi
421 894 557 942 jungit,
586 905 630 933 (ς’
649 893 730 930 hinc
757 891 951 941 Styphale'z'a
980 890 1076 927 hello.

22 942 340 981 >statuanteruditi
354 952 452 988 ,utra
472 944 584 981 lectio
607 943 794 982 retinenda
816 943 869 980 iit.
896 941 1077 989 Mariang.

21 989 84 1031 :Jait
103 993 242 1031 versum
265 994 365 1032 illum
381 1023 390 1037 ,
419 994 589 1044 Promiffis
613 994 785 1043 Anaphen
813 1004 884 1033 wc.
908 991 1075 1029 additum

23 1042 107 1082 ..esse
124 1046 162 1082 &
197 1045 325 1082 Ovidii
346 1058 421 1082 non
443 1045 525 1083 effe.
552 1046 769 1083 C10FANUS.
823 1042 934 1081 Deest
962 1043 1073 1080 etiam

29 1094 158 1133 multis
181 1096 366 1133 codicibus
382 1124 390 1140 ‚
420 1109 513 1145 quos
537 1096 704 1134 Heinsius
724 1094 914 1133 consuluit.

80 1147 164 1194 463.
192 1146 283 1183 Hinc
300 1147 467 1184 humilem
492 1147 701 1196 Myconem]
717 1144 1075 1183 Hancinsulamtam

22 1195 216 1244 Mycenen,
227 1209 336 1247 quam
351 1199 388 1236 ὃς
404 1205 589 1246 Myconum
599 1199 720 1234 vocari
732 1197 902 1234 obtinuit.
932 1197 1066 1245 Neque

33 1246 161 1285 Strabo
182 1257 244 1286 aut
268 1250 400 1286 Gracci
428 1257 569 1285 tantum
595 1254 763 1295 Myconen
782 1247 985 1295 appellant,
1015 1247 1075 1285 sed

19 1294 53 1334 ἱὲ
71 1298 197 1336 nostris
215 1299 324 1336 etiam
345 1300 597 1347 Pomponius,
625 1299 782 1342 Plinius,
809 1298 1022 1335 Antoninus
1034 1309 1076 1336 ac

33 1347 187 1386 Solinus.
243 1349 416 1398 Cumque
437 1350 474 1386 in
496 1348 642 1386 vetustis
665 1350 837 1386 omnibus
861 1349 991 1386 Ovidii
1012 1360 1077 1386 co-

22 1397 168 1437 idicibus
188 1400 286 1437 haud
309 1401 410 1438 aliter
442 1411 551 1449 quam
588 1406 757 1448 Myconon
779 1400 984 1436 invenerim
998 1428 1007 1443 ‚
1027 1399 1076 1437 est

24 1456 75 1487 uit
92 1449 142 1487 ita
162 1450 231 1498 legi
249 1451 376 1488 malim
392 1480 400 1494 ‚
430 1461 540 1500 atque
558 1454 607 1488 ita
629 1451 799 1498 scriptum
815 1448 994 1498 reliquisse
1007 1462 1075 1499 po-

20 1499 102 1537 xti'us
123 1501 341 1539 existimem.
395 1502 463 1539 Sed
493 1501 595 1551 quod
625 1513 706 1538 eam
731 1510 841 1538 vocet
871 1500 1039 1537 humilem
1063 1529 1074 1546 ,

19 1561 144 1599 -quam
175 1551 296 1600 celsam
320 1554 427 1590 Maro
457 1552 588 1590 dixerit
616 1553 653 1589 in
684 1564 748 1589 111.
777 1552 934 1589 Aeneid.
964 1560 1075 1601 atque

33 1598 105 1638 effe
124 1601 233 1638 talem
264 1604 422 1646 constet,
451 1602 652 1640 verendum
675 1604 745 1646 est,
772 1614 819 1639 ne
841 1611 880 1639 ut
908 1602 1076 1640 dubitan-

34 1650 99 1695 di,
128 1653 175 1688 ita
196 1653 418 1691 immutandi
439 1653 539 1690 causa
563 1654 640 1690 ullis
661 1651 730 1690 esse
760 1653 889 1701 possit,
917 1653 1018 1690 velut
1037 1655 1074 1691 in

31 1700 194 1749 sequenti
217 1704 376 1740 carmine
392 1705 465 1752 jam
490 1704 663 1752 contigit:
694 1705 752 1742 ubi
777 1716 843 1752 pro
858 1704 967 1752 plana
987 1706 1074 1741 Seri-

19 1750 278 1802 Vph0,parvam
293 1755 565 1792 emendandum
588 1754 777 1798 censuere,
806 1755 907 1804 quod
928 1755 1071 1803 planam

25 1801 105 1839 ¹effe
135 1815 216 1841 eain
246 1805 357 1851 <licet
385 1805 554 1842 humilem
590 1806 625 1842 in
649 1806 782 1843 Achill.
808 1818 837 1843 1.
858 1818 942 1849 20⁴3-
970 1807 1073 1853 Papi-

10 1853 114 1891 anius
133 1854 285 1901 dixerit)
312 1868 547 1905 nequaquam
576 1855 813 1894 fittraditum
837 1885 846 1901 ,
875 1857 1072 1903 lapidosam

24 1914 144 1948 aveto,
171 1917 212 1942 ac
234 1917 308 1943 non
330 1919 525 1955 magnam,
553 1907 659 1954 plane
689 1907 838 1945 constet.
896 1908 1073 1945 Ceterum

31 1955 238 1993 meminisse
277 1966 425 2005 oportet
466 1959 663 1995 Poetarum
694 1970 798 1995 inore
832 1958 1016 2007 quaedam
1053 1958 1073 1995 a

31 2007 215 2043 contrario
237 2007 452 2056 plerumque
474 2008 556 2045 dici.
585 2009 700 2057 Quod
722 2021 791 2046 nec
811 2008 906 2056 apud
927 2010 1075 2046 Home-

10 2066 116 2092 *rum
147 2056 272 2093 Strabo
301 2059 412 2095 etiam
443 2058 634 2096 inficiatur.
689 2060 867 2108 Alioquin
889 2061 1072 2098 notissima

32 2105 92 2141 illa
113 2108 193 2153 quis
212 2108 354 2153 ignorat
374 2108 388 2144 ?
426 2108 562 2147 bellurn
578 2110 764 2148 Charonta
787 2139 796 2152 ‚
825 2110 946 2148 Furias
968 2110 1073 2155 εἰμε-

33 2154 132 2196 νὶδκς
153 2184 163 2198 ,
201 2156 345 2194 stultum
377 2157 488 2199 ἐνήθεν
510 2187 520 2204 ,
576 2161 728 2198 ηοέὶεῐῃ
756 2160 922 2208 εὐφρόνην
945 2190 954 2205 ,
991 2170 1070 2200 tuin

19 2205 144 2242 ..etiam
168 2206 328 2245 Pontum
361 2209 545 2248 Euxinum
561 2239 570 2254 ,
594 2211 699 2260 quod
728 2213 949 2250 Ammianus
972 2214 1071 2250 Mar·

11 2255 99 2292 .-cel.
120 2265 316 2301 autumat,
353 2270 395 2296 ac
424 2260 528 2297 nobis
565 2273 717 2311 quoque
746 2263 786 2300 sit
815 2262 1070 2308 verisimilius,

23 2317 118 2343 -cum
149 2308 260 2351 (licet
280 2309 477 2358 aliquando
497 2311 639 2356 minus)
668 2315 830 2350 maxime
849 2314 1070 2362 inhospitalis

21 2354 172 2405 »semper
192 2358 314 2396 suerit.
343 2360 588 2398 Custodienda
607 2362 729 2411 itaque
750 2364 1071 2410 Ovidiarialec‘tio,

12 2414 141 2457 ;‚atque
160 2410 364 2454 τοῦμπαλιν
392 2410 432 2458 (fi
444 2412 502 2448 vel
521 2412 617 2448 nulla
638 2414 761 2460 potior
778 2413 812 2450 se
824 2414 953 2451 offerat
967 2425 1074 2452 tuen-

26 2456 73 2494 *di
93 2459 211 2507 ratio)
241 2462 463 2510 accipienda.
518 2461 659 2499 Scimus
678 2464 777 2500 enim
793 2464 829 2500 &
850 2464 888 2500 in
912 2466 1074 2502 carmine

13 2506 242 2548 ‘Homerico
262 2523 307 2548 ex
331 2524 382 2549 ix.
409 2512 522 2561 Odys.
537 2513 639 2561 quod
651 2513 700 2550 est
726 2513 816 2554 Αὗτῆ
835 2512 875 2549 δὲ
895 2515 1070 2559 χθκμκλῆ

33 2563 306 2605 esayam-&presta
317 2562 368 2598 εἴν
381 2563 448 2600 &M
461 2565 576 2599 κεῖται
589 2591 598 2605 ,
627 2564 805 2601 humilem
822 2564 983 2602 Ithacam
994 2577 1073 2603 non

12 2619 98 2662 35.pro
118 2611 273 2660 depressa
289 2641 299 2658 ,
326 2613 385 2651 sed
404 2626 470 2663 pro
491 2614 695 2651 continenti
716 2614 871 2652 finitima
888 2644 897 2659 ‚
925 2616 1075 2665 quibus-

14 2671 15 2676 *
33 2659 117 2698 dam
138 2663 391 2712 interpretibus
420 2666 549 2712 accipi.
601 2664 732 2702 Rursus
763 2665 945 2703 summani
967 2678 1047 2704 eam
1065 2695 1075 2712 ‚

35 2720 112 2748 non
131 2713 355 2752 celsissimam
375 2715 550 2764 intelligi,
576 2727 705 2752 verum
730 2715 833 2765 super
861 2729 992 2754 omnes
1015 2729 1079 2754 ex-

33 2767 188 2801 tremam
225 2765 271 2802 ad
305 2765 520 2815 Arctonque
552 2767 778 2804 conversam.
833 2769 959 2816 Quam
995 2769 1079 2817 qui-

26 2810 120 2850 sdem
140 2815 421 2861 explicationem
445 2817 571 2854 Strabo
598 2817 880 2867 haudquaquam
906 2828 1077 2856 contem-

28 2863 103 2918 ·nit.
153 2864 362 2902 Meminisse
384 2879 535 2916 quoque
563 2868 712 2916 expedit
732 2869 924 2917 Virgiliani
944 2872 1077 2908 carmi-

36 2923 112 2957 nis,
127 2915 370 2962 Humilemque
389 2917 548 2954 videmus
572 2919 715 2956 Italiam
730 2947 741 2964 ,
769 2928 848 2957 tum
871 2932 947 2968 quo
969 2922 1076 2959 intel-

36 2961 133 3001 iectu
155 2965 297 3003 Servius
318 2965 354 3002 id
383 2967 498 3014 ipsum
532 2970 674 3007 censeat
691 2970 959 3018 accipiendum.
987 2972 1076 3009 MA-

32 3024 181 3070 *xl-ANG.
209 3017 387 3054 Aeetias.
431 3018 469 3054 in
501 3019 684 3058 Diatribis.
715 3027 888 3070 Myconon
922 3034 968 3059 ex
987 3022 1074 3060 scri-

35 3071 116 3110 ptis.
137 3065 193 3103 adi
215 3076 319 3103 notas
342 3066 387 3103 ad
410 3066 518 3115 Epist.
537 3082 616 3108 xxi.
633 3071 690 3114 ᾖε.
713 3071 1000 3110 81.H1=.1Nsms.
1025 3073 1075 3111 fic

16 3112 184 3150 *humiles
206 3116 350 3153 Cleonae
369 3117 428 3154 lib.
449 3129 502 3154 V1.
523 3130 607 3165 417.
634 3122 695 3159 uhi
718 3122 819 3161 vide.

93 3164 177 3211 463.
205 3169 406 3219 Cretosaque
425 3181 510 3204 rura
530 3171 700 3219 T3moli.]
739 3174 795 3209 Sic
824 3172 975 3221 quidem
995 3186 1078 3212 cor·

17 3212 158 3268 aru-pte.
195 3216 320 3251 Ctmoli
342 3217 430 3254 vero
454 3231 517 3266 per
548 3233 563 3255 c
587 3219 685 3256 reete
703 3221 843 3268 legitur.
896 3223 956 3260 Est
974 3226 1075 3262 enim

32 3263 209 3315 §imolus
222 3292 233 3312 ‚
259 3276 353 3315 quae
374 3268 412 3305 δί
431 3269 612 3310 Echinusa
632 3270 785 3318 dicitur,
812 3271 924 3312 insuia
936 3274 974 3313 in
986 3275 1078 3325 Cre:

2034 551 2182 610 Mar-

1133 689 1210 727 tico
1229 688 1320 726 mari
1334 715 1344 732 ,
1372 699 1444 725 una
1467 699 1512 724 ex
1533 687 1771 736 Sporadibns,
1802 688 1821 726 a
1841 699 1912 738 qua
1931 697 2024 726 terra
2046 690 2184 729 Cimo:

1132 740 1180 776 lia
1204 748 1456 787 nuncupatur,
1488 749 1527 776 ut
1556 739 1685 776 §traho
1705 739 1833 778 scribit.
1888 739 1946 776 Ad
1968 740 2071 789 quod
2093 742 2184 780 allii-

1134 790 1222 826 dens
1252 793 1361 837 poeta
1386 790 1534 827 Cretosa
1570 790 1709 828 Cimoli
1730 802 1810 828 rura
1830 791 1997 838 appellat.
2052 791 2093 829 In
2121 793 2182 832 illa

1132 851 1295 888 namque
1313 840 1486 878 effoditur
1499 849 1592 878 creta
1606 869 1615 883 ,
1644 852 1739 888 quae
1758 842 1920 879 Cimolia
1940 841 2083 886 dicitur,
2097 854 2186 891 pur-3

1132 891 1257 938 gandis
1283 892 1436 928 vestibus
1458 901 1551 940 apta.
1582 892 1753 929 RtGius.

1182 942 1265 986 464.
1294 942 1551 992 florentemque
1580 942 1743 990 Cythnon
1764 970 1775 988 ,
1804 948 1932 991 Syron,
1962 942 2182 995 planamque

1131 990 1301 1039 Seriphon.
1316 993 1329 1041 ]
1363 993 1401 1029 In
1413 993 1601 1036 omnibus,
1620 992 1876 1043 florentemque
1891 999 2015 1042 Tyron,
2030 999 2182 1043 Cypron,

1128 1041 1341 1092 planamque
1361 1044 1531 1091 Seriphon.
1558 1043 1638 1080 Nos
1656 1053 1826 1082 neutrum
1850 1046 2044 1092 probamus
2109 1052 2183 1094 Cy-

1124 1102 1213 1141 pron
1233 1094 1270 1129 &
1295 1099 1403 1141 lyron
1420 1122 1428 1135 ‚
1459 1105 1552 1142 quae
1582 1093 1789 1142 longissime
1820 1095 1944 1133 absunt
1965 1107 1984 1131 a
2008 1095 2182 1144 Cycladi-

1133 1143 1219 1187 bus,
1247 1144 1317 1192 legi
1345 1144 1445 1181 nullo
1470 1144 1577 1191 patfto
1600 1145 1726 1191 potest.
1755 1146 1805 1182 uti
1839 1154 1963 1183 tamen
1989 1153 2123 1194 Cypron
2155 1146 2178 1185 ὲ

1131 1194 1270 1241 Cythno
1294 1194 1552 1242 depravatum,
1583 1204 1622 1231 ut
1648 1195 1721 1231 alio
1744 1196 1854 1232 etiam
1889 1197 1927 1233 in
1956 1197 2043 1232 loco
2074 1197 2180 1245 stipe-

1130 1246 1202 1282 rius
1233 1245 1411 1282 diximus:
1441 1247 1487 1282 ita
1509 1257 1583 1282 non
1608 1245 1722 1282 ausim
1760 1245 1923 1293 Cythnon
1952 1247 2066 1295 prima
2097 1259 2181 1284 cor-

1129 1304 1229 1343 repta
1253 1295 1340 1332 loco
1366 1296 1445 1344 iyri
1468 1308 1630 1344 ponere,
1668 1300 1697 1332 ἑκ
1725 1302 1832 1343 Syron
1859 1298 1908 1333 illi
1934 1303 2068 1345 Cypron
2095 1297 2177 1335 sub-

1128 1345 1284 1383 stituere.
1313 1358 1355 1384 ac
1380 1358 1462 1383 mea
1497 1347 1647 1396 quidem
1678 1346 1853 1384 sententia
1871 1375 1879 1390 ‚
1909 1348 2073 1395 Cyihaon
2096 1348 2179 1396 pla-

1130 1410 1281 1446 namque
1309 1397 1468 1444 seriphan
1490 1426 1500 1441 ‚
1537 1398 1635 1435 recte
1661 1397 1792 1446 legitur
1815 1425 1825 1441 ‚
1854 1397 1940 1446 quid
1972 1410 2062 1434 vero
2095 1399 2179 1447 Tyri

1134 1447 1223 1484 loco
1248 1448 1286 1484 iit
1319 1450 1598 1496 reponendum,
1627 1457 1798 1496 quaerant
1823 1450 1891 1486 alii.
1923 1448 2181 1488 NAuoffltius„

1133 1498 1206 1535 Hic
1228 1511 1379 1547 quoquc·
1409 1499 1527 1536 versus
1560 1500 1650 1536 mihi
1680 1498 1826 1536 videtur
1855 1497 1925 1536 effe
1948 1499 2179 1547 depravatus.

1132 1549 1229 1587 Cum
1253 1551 1351 1587 eiiim
1379 1554 1484 1594 ‚osc-'ta
1508 1558 1700 1587 enunieret
1718 1550 1844 1586 insulas
1868 1550 2000 1586 Cretae
2024 1552 2178 1596 vicinas„

1131 1612 1219 1648 quas
1241 1600 1302 1637 sibi
1327 1603 1450 1637 Minos
1472 1601 1658 1649 adjunxit,
1688 1600 1857 1648 imperite
1869 1600 2072 1638 admodum
2086 1602 2180 1649 Spo—

1131 1651 1273 1688 radibus
1294 1661 1403 1699 atque
1424 1652 1642 1701 Cycladibus
1666 1657 1776 1699 Tyron
1797 1678 1806 1695 ,
1834 1663 1928 1700 quae
1957 1652 2179 1690 phoeniciae

1125 1701 1292 1750 adjacet,
1322 1714 1363 1739 ac
1381 1708 1540 1750 Cypron,
1570 1714 1664 1751 quae
1679 1702 1800 1750 syriae
1816 1702 2060 1744 ,admisceret
2089 1701 2182 1740 For-

1131 1752 1219 1789 sitan
1240 1761 1362 1790 autem
1386 1764 1460 1790 non
1484 1758 1595 1801 Tyron
1615 1765 1656 1789 ac
1678 1758 1812 1800 Cypron
1828 1781 1837 1796 ‚
1874 1753 1932 1790 sed
1954 1752 2120 1801 Cythnon
2138 1754 2179 1790 &

1131 1808 1255 1851 Scyron
1278 1803 1325 1840 esi
1345 1803 1556 1852 legendum.
1611 1804 1781 1851 Cythnos
1799 1805 1898 1840 enim
1919 1804 2030 1840 insula
2053 1803 2099 1840 est
2114 1803 2181 1840 Ci-

1132 1855 1236 1891 molo
1259 1855 1486 1904 propinqua„
1506 1855 1581 1892 visu
1600 1853 1799 1903 spe&abilis
1814 1881 1823 1897 ,
1849 1852 1870 1891 a
1891 1854 2042 1902 Cythno
2076 1854 2180 1893 Sunii.

1130 1905 1206 1943 filio
1232 1904 1337 1943 dieta.
1393 1907 1488 1943 Nam
1512 1915 1596 1943 ante
1621 1905 1726 1942 illum
1751 1905 1910 1953 Merope
1931 1905 2181 1943 vocabatur&

1133 1958 1218 1994 Acis
1242 1985 1250 1998 ,
1283 1965 1321 1993 nt
1340 1957 1475 1993 Plinius
1494 1956 1623 1993 scribit.
1675 1956 1809 2004 Scyros
1829 1964 1951 1992 autem
1977 1968 2048 1993 una
2070 1956 2118 1992 est
2138 1957 2178 1993 ὃς

1130 2007 1201 2054 ipsa
1223 2020 1267 2044 ex
1287 2007 1506 2055 Cycladibus
1530 2008 1646 2055 prima
1661 2035 1670 2046 ,
1701 2006 1952 2054 Lycomedis,
1974 2006 2178 2043 Achillis&

1130 2058 1352 2095 Deidamiae
1371 2060 1506 2106 nuptiis
1529 2058 1811 2095 clara-Rectus.
1842 2057 1922 2105 Ego
1945 2055 1992 2093 fic
2007 2084 2016 2098 ‚
2038 2057 2177 2092 Floren-

1130 2119 1264 2159 temque
1287 2114 1421 2158 Gyren,
1454 2109 1623 2157 Siphnius,
1657 2118 1876 2156 parvamque
1897 2106 2065 2154 Seriphon.
2104 2111 2178 2154 Gy-

1130 2174 1181 2196 ros
1204 2161 1305 2198 enim
1336 2160 1422 2208 tiiisi
1444 2160 1641 2197 mendosus
1663 2159 1703 2195 sit
1724 2158 1831 2194 Plinii
1860 2156 1978 2193 codex
1997 2157 2010 2203 )
2041 2168 2111 2193 tina
2123 2156 2175 2194 est

1129 2211 1359 2259 Sporadum,
1389 2211 1537 2260 Syplmos
1564 2223 1635 2247 uria
1664 2208 1867 2258 Cycladum
1886 2235 1896 2250 ,
1925 2208 1962 2243 &
1991 2207 2174 2255 oppidum

1126 2262 1162 2299 in
1186 2263 1289 2300 Melo
1310 2262 1420 2299 insula
1443 2274 1487 2298 cx
1507 2260 1724 2309 Sporadibiis
1744 2271 1825 2296 una.
1847 2264 2006 2294 Parvum
2017 2257 2178 2306 Seriphon

1127 2313 1283 2361 appellat
1308 2341 1318 2355 ‚
1352 2313 1455 2361 quod
1485 2314 1562 2361 ejus
1596 2312 1764 2349 circuitus
1796 2308 1993 2345 duodecim
2026 2317 2173 2346 tantum

1128 2364 1242 2400 millia
1274 2362 1461 2412 passuum,
1490 2363 1578 2400 teste
1611 2361 1745 2398 eodem
1766 2359 2176 2407 Plinio‚amp1ec‘tatur.

1129 2413 1226 2450 unde
1246 2415 1283 2451 in
1302 2425 1337 2449 v.
1366 2414 1473 2461 hujus
1494 2413 1613 2461 operis
1638 2411 1735 2448 Naso
1756 2410 1830 2446 hoc
1850 2409 1983 2446 eodem
2009 2410 2175 2460 epitheto

1129 2464 1243 2500 utitur
1264 2475 1348 2500 cum
1362 2462 1435 2499 ait:
1466 2470 1508 2498 Te
1528 2473 1646 2498 tamen
1659 2490 1669 2505 ,
1691 2475 1707 2496 0
1721 2469 1856 2509 parvae
1875 2463 1981 2496 rec-“ior
1991 2460 2175 2508 Polydefft'ae

1127 2513 1267 2562 Seriphi.
1284 2515 1320 2550 &
1332 2515 1464 2558 juven.
1475 2513 1546 2550 Sat.
1558 2525 1610 2549 VI.
1624 2513 1747 2549 dicens
1763 2516 1950 2560 :Etparva
1962 2511 2105 2547 tandem
2117 2525 2175 2549 ca-

1128 2565 1225 2612 ruiffe
1247 2563 1390 2612 Seripho.
1410 2564 1499 2601 item
1518 2564 1555 2600 in
1579 2576 1612 2600 Χ.
1642 2562 1789 2608 Aestuat
1811 2572 1851 2598 ut
1864 2562 1997 2610 clausus
2018 2563 2147 2610 Gyaris
2161 2591 2173 2609 „

1124 2625 1311 2665 parvaque
1330 2614 1474 2664 Seripho.
1526 2615 1561 2652 Si
1575 2614 1723 2664 planam
1746 2613 1926 2660 Seriphon
1947 2613 2050 2650 voles
2073 2614 2175 2663 lege-

1134 2679 1196 2709 re,
1224 2666 1428 2703 Eustathius
1458 2666 1497 2703 δε
1524 2665 1651 2702 Strabo
1675 2672 1801 2701 contra
1820 2673 1856 2700 te
1878 2664 2050 2701 sentirent
2071 2677 2080 2702 :
2109 2666 2175 2715 qui

1134 2717 1228 2754 adeo
1248 2716 1447 2765 lapidosam
1470 2717 1564 2753 hanc
1588 2715 1741 2753 insulam
1766 2713 1844 2751 -esse
1873 2715 1999 2764 ajunt,
2027 2723 2068 2752 ut
2089 2716 2175 2754 inde

1134 2767 1255 2805 fabula
1284 2767 1551 2812 decantaverit,
1579 2766 1749 2804 Perseum
1781 2765 1918 2802 ibidem
1952 2765 2174 2812 educatum„

1132 2818 1275 2857 ostenso
1298 2819 1485 2866 Gorgonis
1515 2819 1633 2866 capite
1647 2845 1657 2860 ,
1686 2817 1823 2854 incolas
1844 2814 1997 2854 mut-affe
2018 2817 2055 2853 iii
2077 2818 2172 2860 saxa;

1129 2869 1196 2907 nisi
1218 2870 1311 2906 tueri
1332 2869 1407 2906 hoc
1427 2868 1546 2906 modo
1563 2868 1764 2906 lectionem
1785 2868 1880 2905 hanc
1906 2867 2041 2909 velles,
2070 2866 2173 2915 quod

1127 2919 1308 2969 lapidosus
1335 2918 1406 2957 esse
1439 2920 1567 2969 aliquis
1586 2920 1689 2957 locus
1717 2918 1834 2968 potest
1854 2946 1863 2962 ‚
1893 2919 1932 2955 &
1953 2927 2076 2954 tamen
2098 2917 2174 2964 pla-

1128 2983 1196 3009 niis
1218 2969 1288 3008 effe
1304 2999 1314 3014 ‚
1341 2970 1379 3008 id
1400 2971 1448 3008 est
1468 2972 1505 3008 in
1523 2971 1679 3019 planicie
1695 2998 1704 3014 ‚
1732 2982 1808 3007 non
1843 2970 1879 3006 in
1911 2969 2002 3005 colle
2020 2968 2172 3004 locatus.

1130 3022 1252 3059 Cous.
1273 3022 1440 3059 Faunus.
1469 3023 1596 3070 Atque
1619 3021 1692 3059 hoc
1711 3020 1862 3070 quidem
1877 3019 1993 3055 modo
2007 3017 2171 3064 plerique

1129 3073 1256 3110 locum
1270 3073 1368 3110 hunc
1389 3073 1589 3110 emendant
1604 3101 1613 3115 ‚
1626 3081 1664 3109 ut
1684 3084 1749 3120 pro
1764 3076 1848 3118 Tyro
1861 3098 1869 3113 ‚
1884 3068 2089 3123 Cythnum..
2102 3078 2170 3114 pro

1132 3129 1242 3171 Cypro
1256 3151 1266 3166 ‚
1295 3129 1418 3171 Scyron
1434 3151 1444 3168 ,
1463 3132 1525 3160 aut
1538 3129 1644 3171 Syron
1658 3124 1766 3158 etiam
1789 3122 1920 3167 legant.
1948 3116 2005 3172 hii
2018 3127 2115 3173 enim
2131 3118 2172 3155 δί

1132 3179 1229 3220 Syros
1241 3173 1446 3221 Cycladum
1466 3185 1538 3210 una
1553 3200 1563 3216 ‚
1591 3184 1702 3221 quam
1716 3172 1906 3207 Homerus
1919 3172 2035 3214 Syrien
2055 3166 2173 3214 dixit,

1132 3221 1287 3270 utsupra
1303 3234 1348 3258 ex
1364 3223 1539 3259 Strabone
1552 3222 1823 3259 annotavimus.
1843 3220 2084 3266 Quamquam
2107 3229 2174 3256 au·
2215 3229 2218 3231 ’

1130 3279 1207 3311 tem
1229 3280 1335 3311 vetus
1352 3271 1465 3312 iectio
1488 3272 1585 3311 haud
1607 3270 1717 3307 dubie
1737 3276 1904 3319 corrupta
1915 3267 1988 3315 est,
2015 3268 2174 3308 niihita-

1610 3320 1690 3358 ¹Sss
1712 3331 1738 3357 2,
2079 3329 2176 3359 aneti
