2483 3616
217 183 356 225 1000

221 295 289 331 tea
317 283 562 339 latuerant,
598 282 878 342 erumpebant.

696 159 1253 222 P.OV1D11
1325 162 1852 223 NASONIS

948 279 1079 343 Quae
1111 293 1203 325 cum
1226 279 1418 346 frigidae
1440 280 1618 339 hostium
1639 283 1864 331 introitum
1887 297 1965 330 non
1982 281 2251 344 prohiberent
2269 320 2285 345 ,
2321 306 2373 336 ex

221 349 389 409 frigidi-s
421 350 467 394 in
499 348 656 394 calidas
691 345 862 405 versae,
896 342 1047 403 hostem
1080 353 1359 399 averterunt3
1396 349 1406 368 ¹
1439 348 1695 407 viaoriaque
1708 353 1871 409 potitus
1897 350 2131 406 Romulus,
2168 353 2373 400 rebusur-

223 414 286 457 bis
317 415 566 474 compostus,
594 413 705 472 jura
740 409 911 453 reddens
938 409 1118 468 populo,
1140 411 1256 470 ficut
1280 411 1467 470 petierat
1500 420 1666 469 mater,
1699 425 1847 472 raptus
1868 417 1913 461 in
1938 416 2090 461 coelum
2113 416 2196 480 est3
2232 420 2297 465 ita
2325 427 2373 465 ut

218 475 241 537 ἒ
275 477 488 542 Qirinus
507 494 611 524 novo
634 476 792 521 nomine
813 483 1049 521 vocaretur.

616 572 885 627 Roximus
912 571 1172 626 Ausonias
1197 570 1369 642 injusti
1396 571 1545 625 miles
1571 572 1757 626 Amuli

627 646 793 700 Rexit
819 662 948 717 opes
971 663 983 698 :
1024 645 1389 717 Numitorque
1417 643 1577 699 senex
1601 642 1776 699 amiss'a
1799 658 2061 718 nepotum

517 719 752 773 Munere
780 735 943 788 regna
968 718 1107 789 capit
1132 737 1143 772 :
1185 717 1434 790 festisque
1463 717 1710 772 Palilibus
1737 717 1883 772 urbis

377 812 473 861 775
514 792 739 846 Moenia
762 790 1084 844 conduntur.
1123 791 1429 860 Tatiusque
1455 804 1736 863 patresque
1763 790 1941 845 Sabini

516 865 661 919 Bella
685 875 878 935 gerunt
903 881 914 915 :
954 863 1194 937 arcisque
1221 864 1306 917 vizi
1331 863 1568 935 Tarpeia
1595 862 1794 918 reclusa

522 937 702 1009 Digna
727 935 956 990 animam
981 940 1157 1008 poena
1179 936 1441 1009 congestis
1467 936 1635 991 exsuit
1664 938 1836 992 armis,

284 1151 303 1179 ἢ
333 1149 601 1200 scaturientes]
639 1151 813 1189 Scaturire
834 1161 906 1192 &a
934 1159 1105 1201 coeperunt
1126 1152 1283 1189 Raener.

230 1204 459 1241 Staturientes
477 1216 511 1239 a.
537 1217 569 1252 q.
583 1215 615 1238 a.
639 1201 819 1240 latuerant
833 1232 842 1247 ‚
870 1203 976 1239 humo
987 1203 1129 1251 sparsae
1147 1200 1285 1252 preffius

233 1254 360 1299 hostem
385 1262 593 1291 averterunt
625 1253 743 1291 Parm.
776 1253 897 1302 Lugd.
927 1253 1070 1302 Micyll.
1110 1265 1284 1290 currentes

232 1317 344 1392 {aulae
372 1319 404 1353 q.
435 1317 470 1342 a.
499 1304 522 1342 l.
544 1304 651 1341 humo
670 1305 809 1354 sparfize
827 1303 951 1352 hostem
971 1304 1064 1352 aestu
1083 1313 1284 1342 everterunt

269 1367 292 1392 o
310 1367 372 1392 on.

284 1404 293 1431 1'
323 1405 574 1455 Vibioriaque]
608 1406 823 1457 Vibioriaque
845 1406 1010 1444 Romulus
1029 1405 1128 1443 rebus
1148 1418 1182 1443 u.
1210 1416 1284 1446 wc.

234 1456 355 1494 Parin.
383 1456 504 1506 Lugd.
535 1457 646 1493 Victor
666 1457 785 1506 itaque
806 1457 969 1495 Romulus
990 1464 1031 1495 R.
1051 1469 1123 1494 u.c.
1138 1467 1286 1506 cumpo-

230 1506 310 1557 pulo
338 1508 423 1553 jura
454 1507 632 1552 redderet,
652 1505 741 1556 ficut
759 1508 927 1558 petierat,
956 1517 1074 1558 raptus
1091 1508 1115 1546 i.
1136 1520 1162 1545 c.
1184 1521 1212 1546 e.
1238 1512 1287 1544 Et

236 1557 411 1607 §Quirinus
433 1572 522 1595 novo
539 1558 678 1595 nomine
696 1570 840 1596 vocatus
860 1559 1000 1597 Coion.

289 1608 307 1635 k
331 1608 506 1656 Qirinus
544 1622 633 1646 novo
664 1609 812 1647 nomine
847 1609 1071 1660 vocaretur.]
1117 1609 1286 1648 Lastant.

237 1658 350 1696 Firm.
371 1660 454 1698 Lib.
474 1673 500 1698 1.
522 1672 598 1708 cap.
622 1671 682 1698 21.
708 1660 821 1697 Solent
838 1660 930 1697 enim
950 1660 1096 1698 mortuis
1117 1660 1286 1707 consecra-

241 1709 287 1746 tis
311 1711 453 1747 nomina
482 1711 689 1754 immutari;
716 1711 817 1747 credo
837 1725 880 1749 ne
897 1712 973 1760 quis
989 1720 1088 1761 putet
1106 1725 1156 1749 eos
1176 1711 1289 1749 homi-

239 1772 297 1796 nes
317 1761 429 1810 fuiffe.
485 1768 582 1798 Nam
612 1773 655 1801 (9¹
673 1761 841 1799 Romulus
856 1762 926 1812 poll
946 1771 1091 1800 mortem
1113 1761 1290 1811 Qirinus

240 1809 351 1847 elifius
382 1811 423 1857 est
437 1826 447 1854 ;
487 1824 530 1851 ‹⁷5-
550 1812 641 1848 Leda
667 1812 836 1861 Nemefis;
875 1824 918 1852 (9⁶
937 1812 1035 1850 Circe
1057 1813 1218 1857 Marica;
1247 1823 1292 1853 ω’

241 1867 327 1905 Ino,
352 1862 525 1910 postquam
548 1863 583 1907 se
605 1863 873 1913 praecipitavit,
902 1863 1119 1909 Leucothea,
1158 1875 1294 1901 mater-

241 1925 305 1961 que
333 1919 478 1948 Matuta
492 1941 502 1957 ,
539 1924 581 1951 (φ
605 1914 793 1951 Melicertes
816 1913 916 1961 filius
935 1915 1007 1964 ejus
1026 1915 1216 1952 Palaemon
1233 1924 1293 1951 at-

240 1975 306 2012 que
330 1968 552 2000 portumnus.
596 1963 720 2012 Signat
740 1964 894 2002 eandem
918 1977 997 2002 rem
1013 1992 1022 2008 ,
1051 1978 1128 2003 non
1147 1966 1292 2014 eloqui-

242 2021 301 2049 tut
323 2012 448 2050 Florus
474 2014 557 2051 Lib.
578 2027 605 2051 1.
635 2026 711 2062 cap.
734 2027 760 2051 1.
788 2015 983 2063 Quinum
1007 2015 1047 2053 in
1067 2016 1150 2053 coelo
1173 2017 1293 2054 vocari

238 2062 409 2111 placitum
432 2064 508 2100 diis.
537 2065 759 2102 vacxea.

297 2125 379 2158 772.
408 2114 594 2151 Proximus
613 2115 785 2162 Aufhnias
802 2114 922 2164 injusti
941 2115 1039 2152 miles
1051 2115 1179 2153 Amuli
1191 2117 1293 2154 Rexit

245 2163 354 2213 opes]
394 2162 634 2202 Intermiffim
664 2165 891 2215 persequitur
916 2166 1127 2212 historiam,
1155 2166 1201 2205 de
1222 2179 1294 2218 qua

246 2215 296 2253 sic
318 2227 372 2253 xv.
395 2215 483 2253 Fast.

297 2266 585 2317 Qemsequitur
606 2267 689 2304 duri
711 2267 880 2304 Numitor
896 2280 1086 2316 germanus
1107 2268 1258 2314 Amuli,

249 2368 284 2406 C
356 2317 422 2353 Ilia
442 2330 519 2355 cum
542 2320 651 2368 Lauso
668 2319 708 2356 de
733 2319 918 2356 Numitore
931 2319 1018 2368 sati.

288 2379 420 2407 toran.

301 2442 386 2487 772.
420 2432 643 2484 proximan]
674 2433 831 2473 Subaudi
849 2461 859 2479 ‚
884 2434 1045 2479 Procae,
1072 2445 1204 2484 exquo
1217 2434 1298 2473 Nu-

255 2490 369 2519 mitor
391 2484 429 2520 &
453 2484 625 2522 Amulius
647 2486 760 2534 geniti
782 2485 874 2523 sunt.
903 2485 1020 2523 IDEM.

255 2582 262 2588 ι
307 2544 392 2578 772.
421 2534 541 2581 Injusli
568 2535 665 2572 miles
697 2536 868 2585 Amuli]
907 2536 978 2573 Pro
1000 2548 1072 2581 eo,
1100 2536 1204 2585 quod
1223 2536 1300 2582 est,

251 2582 401 2630 injustus
422 2584 604 2622 Amulius.
630 2586 689 2624 Sic
711 2588 898 2625 Horatius.
925 2599 973 2624 11.
1000 2587 1072 2625 Sat.
1092 2599 1120 2624 1.
1142 2599 1201 2637 73.

311 2634 424 2669 Virtus
447 2636 640 2682 Scipiadae,
670 2649 713 2676 ω’
732 2638 827 2675 mitis
836 2637 1012 2687 sapientia
1033 2637 1141 2677 Laeli.

257 2681 426 2719 Croni..
458 2687 587 2721 Intir‘li
609 2687 709 2725 ssafil.

316 2744 398 2781 773.
430 2736 659 2788 Numitorque
681 2739 787 2786 senex
814 2739 936 2788 amiffa
965 2747 1124 2788 nepotum
1158 2746 1306 2776 Munere

263 2795 365 2839 regna
396 2784 521 2838 capta]
560 2786 702 2824 Totam
734 2790 828 2826 lianc
853 2791 964 2836 ipsam
999 2802 1076 2827 rem
1108 2791 1156 2827 ita
1176 2790 1304 2828 litteris

262 2835 630 2881 coniignavitauctor
650 2838 694 2873 de
715 2838 810 2874 Viris
832 2840 1043 2884 Illustribns,
1071 2852 1183 2888 quem
1205 2840 1306 2877 docti

261 2883 412 2932 quidam
444 2883 511 2920 viti
534 2884 757 2922 Cornelium
773 2890 960 2935 Nepotem
984 2898 1131 2926 vocant.
1176 2897 1308 2934 Proca,

261 2934 406 2983 inquit,
435 2946 495 2969 rex
515 2933 761 2978 Albanorum,
797 2938 987 2974 Amulium
1016 2951 1059 2978 <9³
1088 2940 1309 2976 Numitorem

257 2984 350 3031 filios
383 2983 529 3028 habuit,
558 2984 683 3033 quibus
710 2999 851 3033 regnum
879 2988 1007 3023 annuis
1028 2988 1163 3025 vicibus
1180 2988 1310 3025 hahen-

267 3036 352 3072 ‹ium
376 3034 516 3082 reliquit
530 3062 540 3078 ,
579 3045 622 3073 <5³
651 3045 689 3071 ut
708 3036 853 3073 alternis
872 3037 1094 3086 imperarent.-
1113 3038 1173 3084 sed
1192 3045 1310 3075 Amu-

265 3085 335 3122 iius
356 3085 470 3132 fratri
503 3085 684 3132 imperium
715 3100 784 3123 non
812 3086 930 3130 dedit,
959 3099 1022 3132 ω’,
1050 3098 1089 3125 ut
1111 3102 1188 3124 eum
1200 3088 1311 3137 sobole

263 3137 444 3184 privaret,
474 3135 604 3172 Rhesus
625 3136 795 3180 silviam,
817 3138 935 3183 filiam
954 3140 1048 3187 ejus,
1079 3138 1186 3184 Vestae
1197 3142 1312 3187 sacer-

270 3186 405 3229 dotem,
429 3186 613 3236 praefecit,
644 3197 682 3222 ut
713 3188 918 3234 virginitate
944 3199 1102 3238 perpetua
1120 3199 1311 3233 teneretur3

270 3250 360 3284 quae
376 3238 399 3273 a
423 3243 542 3273 Μανιε
563 3238 736 3286 compreffa
759 3239 943 3274 Romulum
963 3252 1005 3279 ω’
1025 3245 1169 3277 Remum
1192 3240 1312 3278 edidit.

267 3287 437 3334 Amulius
463 3288 570 3338 ipsam
602 3288 640 3326 in
658 3288 804 3326 vincula
825 3290 996 3340 compegit:
1013 3291 1179 3342 parvulos
1199 3292 1238 3330 in
1258 3291 1315 3343 Ti:

2304 1014 2388 1070 In—

1338 1149 1447 1188 berim
1469 1149 1592 1199 abjecit
1606 1178 1616 1194 ‚
1644 1163 1726 1200 quos
1742 1162 1836 1199 aqua
1856 1149 1895 1188 in
1908 1149 1993 1200 sicco
2014 1149 2167 1201 reliquit.
2205 1152 2270 1189 Ad
2288 1153 2389 1202 vagi-

1339 1212 1416 1238 tum
1440 1207 1533 1250 Lupa
1551 1202 1709 1237 adcurrit
1725 1229 1734 1244 ‚
1762 1214 1877 1252 eosque
1896 1201 2054 1238 uberibus
2063 1202 2138 1250 suis
2159 1201 2263 1242 aluit.
2302 1209 2390 1240 Mox

1340 1252 1524 1298 Faustulus
1555 1251 1664 1300 pastor
1695 1251 1843 1289 collectos
1872 1258 1985 1291 Accae
2020 1253 2226 1289 Laurentiae
2259 1255 2392 1303 conjugi

1339 1303 1532 1340 educandos
1573 1302 1682 1339 dedit.
1735 1303 1880 1351 Quibus
1917 1304 2027 1341 etiam
2072 1305 2188 1341 verbis
2217 1314 2389 1352 apparet,

1340 1366 1453 1403 quare
1474 1356 1586 1402 po'e'ta
1612 1353 1732 1390 noster
1754 1354 1950 1391 Amulium
1977 1353 2167 1402 injustum,
2195 1355 2231 1391 ὅ(
2246 1361 2390 1391 Durum

1341 1405 1545 1442 vocaverit.
1581 1403 1680 1441 Vide
1710 1405 1820 1442 etiam
1844 1433 1853 1448 ‚
1891 1404 1916 1442 fi
1947 1415 2074 1447 vacas,
2104 1405 2255 1442 Livium
2277 1405 2338 1442 lib.
2361 1417 2393 1443 1.

1341 1456 1443 1504 cujus
1463 1454 1573 1493 verba
1588 1483 1598 1500 ,
1628 1455 1808 1504 quoniam
1830 1455 1984 1504 longum
2005 1463 2080 1492 erat
2103 1455 2300 1500 recensere,
2316 1456 2391 1494 huc

1339 1506 1468 1544 afferre
1488 1518 1549 1544 me
1569 1506 1714 1555 pigebat
1732 1506 1848 1544 valde.
1879 1507 1962 1544 Hac
1980 1506 2024 1544 de
2044 1517 2081 1543 re
2104 1505 2221 1544 scribit
2233 1514 2394 1555 praeter<

1341 1569 1384 1596 ea
1405 1557 1561 1605 Justinus
1580 1557 1640 1595 lib.
1655 1568 1769 1594 xt111.
1796 1558 1966 1595 Ciofan.
1996 1556 2134 1606 Nepotis
2156 1557 2315 1605 plurimi.

1395 1630 1478 1667 774.
1509 1619 1672 1671 Festisque
1694 1619 1867 1658 Palilibus
1879 1620 1978 1658 Urbis
2001 1620 2142 1657 Moenia
2163 1617 2391 1668 condantur]

1342 1670 1399 1708 Ita
1419 1678 1560 1709 veteres
1581 1671 1640 1709 lib.
1662 1671 1810 1720 Vulgati
1824 1670 2276 1713 verohabennparilihus.
2305 1671 2395 1710 Huc

1346 1720 1500 1760 mirifice
1528 1723 1636 1768 facit,
1664 1723 1767 1772 quod
1792 1722 1911 1761 scribit
1933 1724 1977 1760 C.
1999 1721 2164 1771 Vellejus
2188 1721 2395 1760 Paterculus

1344 1771 1406 1811 lib.
1428 1785 1456 1811 1.
1483 1779 1611 1818 Sexta,
1638 1774 1782 1823 inquit,
1822 1772 2047 1823 Olympiade,
2079 1772 2148 1821 post
2167 1772 2252 1809 duos
2271 1784 2314 1812 (9·
2336 1772 2395 1810 vi-

1344 1823 1439 1872 ginti
1465 1837 1596 1866 annos,
1623 1824 1735 1873 quam
1755 1824 1873 1874 prima
1895 1824 2077 1872 constituta
2087 1824 2236 1869 fuerat,
2264 1829 2393 1860 Romu-

1348 1874 1423 1919 lus,
1453 1875 1586 1911 Martis
1606 1875 1726 1923 filius,
1753 1875 1850 1912 ultus
1874 1875 2023 1922 injurias
2047 1873 2134 1918 avi,
2162 1879 2305 1910 Romam
2328 1879 2395 1910 Ur-

1349 1924 1424 1962 bem
1455 1925 1626 1962 Palilibus
1652 1926 1691 1963 in
1720 1926 1860 1964 Palatio
1890 1924 2054 1963 condidit.
2109 1928 2146 1960 A
2169 1937 2234 1972 quo
2251 1932 2397 1973 tempore

1349 1976 1398 2012 ad
1417 1989 1477 2014 vos
1495 1977 1655 2026 Consules
1671 1977 1859 2023 annisum
1873 1986 2101 2013 Dcctxxxn.
2129 1972 2169 2010 Id
2183 1972 2304 2011 astum
2318 1974 2399 2022 post

1349 2027 1510 2076 Trojam
1542 2037 1683 2076 captam
1713 2028 1816 2063 annis
1835 2038 2040 2064 cnxxxvu.
2069 2023 2213 2061 Solinus
2237 2023 2328 2062 vero
2347 2026 2398 2064 ait

1348 2088 1436 2115 ann.
1464 2089 1660 2115 cnxxxm.
1689 2077 1892 2127 Dionyfius
1909 2076 1969 2114 lib.
1992 2088 2034 2114 11.
2057 2086 2234 2113 cnxxxn.
2258 2076 2398 2124 Olym÷

1350 2127 1457 2176 piade
1484 2140 1555 2165 vu.
1586 2129 1665 2175 Qui
1693 2127 1768 2166 dies
1804 2128 1873 2165 fuit
1891 2139 1945 2164 x1.
1967 2125 2123 2164 Kalend.
2145 2125 2250 2174 Maji.
2276 2126 2399 2166 Cicer.

1349 2178 1411 2216 lib.
1431 2190 1477 2215 11.
1508 2179 1567 2216 De
1588 2179 1755 2216 Divinat.
1781 2178 1833 2216 At
1851 2178 2010 2216 Zonaras
2032 2189 2066 2215 x.
2092 2175 2247 2214 Kalend.
2266 2176 2302 2214 id
2314 2177 2400 2215 fuis-

1350 2228 1385 2266 se
1416 2228 1533 2266 scribit
1563 2229 1622 2266 lib.
1646 2241 1693 2268 11.
1725 2229 1817 2267 Hist.
1840 2229 2003 2267 Roman.
2033 2239 2146 2277 quem
2167 2254 2177 2271 ,
2215 2228 2314 2265 ut&
2334 2229 2398 2266 alii

1353 2280 1486 2318 Graeci
1515 2279 1682 2317 auctores
1711 2281 1748 2317 in
1778 2280 1958 2318 Romanis
1977 2279 2082 2317 rebus
2102 2276 2286 2316 interdum
2311 2277 2400 2327 lapsi

1352 2329 1458 2375 sunt,
1486 2342 1603 2368 errare
1622 2330 1803 2368 existimo.
1843 2331 2021 2368 Ciceroni
2043 2331 2143 2368 enim
2166 2330 2281 2378 magis
2300 2329 2402 2369 credi

1350 2389 1526 2430 oportere
1554 2381 1645 2419 mihi
1666 2380 1773 2430 plane
1794 2381 2006 2430 persuadeo.
2041 2381 2212 2419 Natalem
2239 2389 2400 2428 praeter-

1353 2444 1395 2469 ea
1423 2432 1532 2470 Urbis
1554 2430 1573 2469 a
1599 2432 1779 2470 Romanis
1805 2445 1860 2470 x1.
1886 2431 2039 2470 Kalend.
2056 2431 2242 2469 hodierno
2264 2429 2324 2468 die
2341 2442 2404 2469 ce-

1347 2482 1481 2527 lebrari
1501 2482 1683 2521 videmus.
1714 2483 1756 2521 In
1777 2491 1901 2521 vetere
1924 2494 2077 2532 quoque
2088 2480 2310 2519 Kalendario
2322 2482 2403 2519 Ro-

1354 2545 1469 2572 mano
1495 2547 1584 2571 PAR.
1604 2534 1676 2579 est,
1704 2546 1757 2571 xt.
1776 2533 1931 2572 Kalend.
1951 2533 2057 2583 Maji.
2078 2533 2137 2570 De
2150 2531 2322 2569 Parilibus
2336 2543 2402 2569 au-

1354 2593 1433 2623 tem
1454 2584 1502 2622 fic
1519 2585 1659 2622 Marius
1677 2584 1892 2622 Victorinus
1909 2585 1945 2622 in
1957 2584 2019 2621 lib.
2048 2584 2106 2621 De
2118 2582 2400 2630 Orthographia:

1361 2635 1498 2672 Parilia
1528 2635 1694 2672 dicuntur
1723 2648 1792 2672 non
1811 2634 1957 2672 Palilia.-
1979 2647 2047 2672 non
2067 2634 2092 2671 a
2114 2632 2197 2670 Pale
2217 2637 2292 2667 Dea
2308 2659 2317 2676 ,
2334 2632 2400 2676 fid

1361 2686 1454 2735 quod
1491 2699 1525 2723 eo
1563 2696 1707 2736 tempore
1742 2685 1860 2722 omnia
1883 2687 1968 2734 sata
2002 2683 2202 2732 arboresque
2238 2692 2281 2720 (φ’
2322 2682 2400 2720 her-

1360 2737 1422 2774 bae
1452 2736 1657 2786 parturiant
1679 2736 1898 2786 pariuntque.
1935 2736 2102 2773 CroFAN.
2139 2732 2308 2780 Plerique
2336 2744 2403 2771 ve-

1360 2796 1474 2831 teres,
1512 2785 1697 2823 Parilibus.
1735 2786 1833 2824 Vide
1860 2786 1924 2824 lib.
1957 2797 2010 2821 1v.
2034 2782 2167 2819 Fastor.
2197 2793 2281 2826 721.
2309 2794 2402 2822 mox

1363 2838 1562 2884 Tatiusque,
1581 2849 1657 2874 non
1673 2837 1806 2879 Tatius,
1817 2836 1942 2873 iidem.
1971 2834 2112 2871 Heius.
2126 2832 2291 2882 festisque
2297 2842 2405 2882 para-

1364 2887 1456 2926 tibus
1478 2887 1648 2925 Cantabr.
1669 2887 1707 2924 &
1726 2894 1883 2935 quatuor
1901 2884 1971 2921 alii.
2114 2922 2116 2924 ,

1421 2949 1502 2986 775.
1531 2937 1651 2974 Tatius
1672 2946 1851 2985 patresque
1875 2932 1994 2971 Sabini
2025 2933 2120 2970 Bella
2145 2933 2307 2983 gerunt.]
2337 2936 2405 2974 Li.

1365 2987 1428 3024 ber
1490 2999 1593 3024 meus
1647 2987 1686 3024 δε
1755 2985 1907 3024 Caelest.
1972 2985 2159 3035 Tatiusque
2208 2993 2405 3036 patresque.

1367 3037 1535 3075 CIOFAN.
2175 3071 2177 3073 ,

1418 3088 1500 3134 776.
1528 3087 1699 3136 Arcisque
1728 3087 1794 3124 via
1818 3087 1957 3135 Tarpeja
1974 3085 2129 3135 reclusa,
2156 3085 2311 3134 Dignam
2332 3087 2412 3125 ani-

1366 3152 1465 3176 mam
1488 3148 1596 3188 poena
1622 3138 1773 3186 congestis
1803 3137 1914 3185 exsuit
1942 3136 2091 3187 armis.]
2129 3137 2169 3174 In
2192 3139 2378 3176 nonnullis
2396 3165 2409 3184 ‚

1369 3189 1489 3226 edidit.
1520 3190 1710 3226 Nauem.
1740 3188 1913 3232 Rectius,
1943 3186 2293 3236 opinor,legiturin
2307 3200 2410 3234 meo,

1372 3240 1518 3284 Edidit,
1546 3252 1622 3278 non
1643 3239 1779 3288 Exsuit.
1817 3240 1874 3276 De
1894 3238 1990 3276 bello
2009 3250 2093 3275 cum
2113 3238 2232 3275 Tatio
2254 3240 2292 3276 &
2315 3239 2414 3276 Sabi-

1371 3291 1426 3329 nis
1443 3290 1544 3341 gesto
1559 3319 1569 3338 ,
1597 3301 1640 3330 ac
1659 3290 1705 3330 de
1723 3290 1908 3341 Tarpcja,
1939 3289 1987 3329 fic
1997 3288 2115 3328 scribit
2133 3288 2327 3328 Cornelius
2339 3289 2416 3328 Ne-

2329 3348 2417 3388 pos:
