2483 3616
694 237 696 239 ’
766 222 827 278 Ρ.
903 217 1307 279 OVIDII
1376 214 1908 275 NASONIS

561 317 680 376 ‘Vix
704 330 861 390 tergo
891 317 1101 389 eripuit.
1139 316 1342 371 ferrum
1365 327 1544 369 tamen
1569 311 1764 367 offibus
1789 312 1988 369 haeret,

570 390 723 446 Tum
747 409 905 454 vei-0,
942 388 1220 463 postquam
1244 387 1417 441 solitas
1445 384 1659 441 acceflit
1687 385 1753 439 ad
1780 386 1880 440 iras

563 464 723 535 Plaga
751 480 930 517 recens
952 503 966 524 ,
1006 462 1172 532 plenis
1197 473 1509 531 tumuerunt
1534 471 1749 529 guttura
1771 458 1949 513 venis:

567 537 872 609 Spumaque
893 534 1171 607 pestiferos
1198 531 1524 587 circumfluit
1551 529 1721 583 albida
1744 529 1929 586 rieius:

458 626 523 680 75
563 610 847 682 Terraque
871 607 977 662 rasa
1001 607 1150 661 sonat
1174 605 1429 677 squamis3
1471 603 1673 674 quique
1700 602 1886 658 halitus
1912 604 2025 659 exit

567 683 682 737 Ore
705 683 856 752 niger
882 680 1100 752 Stygi0‚
1137 679 1342 731 vitiatas
1368 676 1536 729 inficit
1565 692 1727 729 auras,

561 756 675 827 Ipse
700 754 870 809 modo
895 751 1214 806 immensum
1238 749 1385 820 spiris
1410 747 1724 802 facientibus
1749 749 1939 806 orbem

561 827 840 897 Cingitur:
882 824 1159 877 interdum
1184 822 1343 892 long-21
1368 822 1516 876 trabe
1543 820 1737 875 reffior
1758 823 1887 876 exit.

563 901 768 971 Impete
792 915 934 950 nunc
960 896 1131 958 vast0‚
1171 913 1272 948 ceu
1299 895 1545 948 concitus
1571 893 1827 948 imbribus
1853 896 2050 960 amniS,

455 972 523 1029 80
560 968 782 1034 Fertur,
823 970 879 1023 δε
904 968 1167 1023 obstantes
1191 967 1469 1038 proturbat
1497 965 1714 1038 petrose
1742 968 1902 1020 filvas.

561 1045 731 1100 Cedit
761 1041 1105 1114 Agenorides
1131 1041 1390 1113 paullum:
1429 1039 1703 1112 spolioque
1731 1040 1899 1094 leonis

559 1118 788 1174 Sustinet
811 1115 1078 1177 incursus;
1118 1112 1464 1186 instantiaque
1491 1131 1582 1167 ora
1608 1113 1843 1167 retardat

559 1189 800 1263 Cuspide
826 1190 1118 1261 praetenta.
1158 1186 1286 1241 furit
1310 1187 1423 1250 ille,
1460 1188 1514 1239 δε
1539 1186 1712 1239 inania
1736 1185 1876 1239 duro

555 1264 797 1321 'Vulnera
821 1263 912 1317 dat
937 1261 1110 1319 ferro:
1152 1259 1456 1332 frangitque
1479 1260 1535 1314 in
1557 1259 1802 1314 acumine
1828 1259 2033 1316 dentes„

2169 1334 2237 1403 85
2268 1336 2412 1408 Jam-

311 1466 374 1504 71.
402 1454 558 1507 Haefit.]
587 1455 864 1494 PraestantiOres
878 1482 888 1497 ,
913 1453 1042 1490 haeret.
1064 1450 1269 1488 Hmasms.
1414 1448 1505 1496 Qis
1523 1458 1599 1485 tam
1620 1447 1716 1495 vasto
1736 1449 1856 1499 impete
1873 1447 1937 1487 has
1947 1450 2041 1497 fores
2060 1459 2129 1487 toto
2149 1451 2312 1502 convolfit
2330 1465 2408 1500 cair-⁴

316 1518 375 1557 73.
404 1508 530 1557 Caussa
561 1507 710 1556 recem]
750 1507 803 1542 Ita
835 1504 922 1542 editi
956 1505 1032 1541 fere
1064 1513 1208 1540 omnes.
1246 1498 1307 1538 sed

255 1558 361 1611 plaga
384 1571 477 1596 unus
501 1558 643 1596 Heinsii
669 1559 707 1596 &
738 1555 926 1596 Leidensis
947 1566 1051 1592 unus.
1090 1553 1202 1602 caussa
1233 1552 1307 1589 huc

263 1610 435 1658 migravit
454 1621 498 1647 ex
521 1610 608 1646 vers.
632 1609 717 1647 260.

314 1659 375 1705 76.
404 1660 518 1706 Infict't
537 1660 684 1710 auras.]
724 1658 854 1696 Herbas
875 1657 1025 1707 plurimi
1046 1655 1192 1693 Codices
1215 1681 1226 1699 ,
1268 1654 1307 1690 δε

262 1708 445 1748 Vivianus
467 1711 503 1748 in
533 1720 676 1748 textum
701 1711 848 1758 recepit.
876 1717 916 1746 ut
934 1708 993 1745 lib.
1017 1719 1103 1744 vti.
1129 1718 1209 1755 1c5.
1238 1710 1306 1741 Ta·-

260 1762 400 1811 biaeque
420 1761 602 1810 vaporibus
623 1761 754 1798 herbae.
783 1761 869 1797 Stat.
891 1759 1014 1797 Theb.
1037 1769 1074 1795 V.
1099 1769 1183 1806 527.

314 1813 483 1860 Percussae
503 1812 623 1848 calidis
642 1811 814 1861 afflatibus
835 1810 970 1847 herbae.

259 1862 366 1899 Nihil
387 1870 513 1899 tamen
535 1870 676 1899 temere
698 1871 853 1899 mutem.
880 1873 967 1898 nam
997 1860 1090 1897 libro
1122 1871 1196 1896 vti.
1223 1857 1304 1904 548.

262 1912 397 1950 Noster
429 1913 518 1950 dixit
543 1941 551 1952 ,
580 1913 759 1949 vitiantur
792 1912 946 1949 odoribus
977 1925 1098 1950 aurae.
1137 1911 1175 1947 &
1196 1909 1245 1946 ita
1268 1909 1304 1946 in

257 1963 349 2002 loco
384 1963 483 2000 Statii
505 1963 687 2012 postrema
720 1963 833 2001 editio
855 1961 1060 2000 Parisiensis
1086 1990 1096 2005 ,
1133 1960 1304 2008 Percussae

253 2014 384 2053 calidis
394 2014 567 2063 afflatibus
579 2028 685 2051 aurae
696 2015 817 2051 habet.
831 2013 997 2050 Avienus
1011 2014 1088 2050 Ora
1102 2012 1303 2048 Maritima:

313 2065 452 2112 Pestifir
472 2065 612 2114 adflatu
625 2066 759 2115 serpens
781 2079 891 2113 vagus
909 2064 1076 2114 inquinat
1097 2062 1270 2099 aethram.

256 2114 464 2153 I-Ifflusms.
491 2117 643 2164 Inepte,
672 2128 755 2152 mea
776 2114 1108 2158 sentcntia,Gebh.
1136 2126 1191 2151 11.
1216 2114 1307 2150 Cre-

252 2167 373 2215 pund.
398 2179 429 2213 7.
459 2168 609 2216 Viscatas
631 2167 742 2214 inficit
764 2166 884 2202 herbas
898 2182 908 2201 :
936 2164 1036 2214 quasi
1059 2164 1158 2202 visco
1179 2164 1281 2201 illitas
1295 2193 1305 2209 ,

256 2217 429 2255 fallituras
450 2246 465 2266 μ,
499 2226 608 2268 atque
651 2226 814 2266 capturas
854 2217 1027 2253 homines
1065 2213 1306 2264 pecudesque.

258 2267 393 2304 haiitus
421 2280 512 2305 vero
539 2269 669 2306 retftius
699 2281 829 2311 auras,
858 2279 970 2315 quam
1004 2266 1125 2302 herbas
1156 2265 1305 2303 inficere

258 2319 352 2356 mihi
375 2319 545 2364 videtur,
573 2331 668 2371 quae
682 2319 783 2369 fiinie
804 2318 934 2359 melius
957 2317 1057 2358 infici
1087 2317 1305 2355 dicerentur.

255 2378 298 2406 ut
321 2382 411 2408 mox
446 2370 535 2408 vers.
559 2371 618 2408 86.

313 2421 371 2465 78.
401 2422 530 2459 Rec‘iior
549 2421 698 2472 exstat]

256 2470 371 2520 longe
392 2473 521 2510 rectius
541 2472 696 2522 legitur,
724 2472 843 2509 rectior
864 2471 966 2519 astat.
999 2473 1219 2508 emmaus.
1247 2475 1305 2506 A-

253 2521 329 2569 flat
349 2522 405 2559 lib.
430 2524 467 2560 δε
491 2524 575 2560 MS.
596 2523 694 2573 quasi
716 2522 851 2572 pedem
875 2523 1067 2560 collaturus
1091 2521 1305 2558 cumhoste.

257 2571 463 2610 ansmau.
492 2574 615 2621 Exstat
636 2573 809 2623 plerique.
836 2574 995 2610 Urbinas
1016 2573 1054 2610 ὃς
1077 2571 1302 2620 Thyfianus‚

250 2622 342 2660 exit.
373 2624 565 2672 eleganter.
592 2626 665 2662 hoc
689 2625 761 2669 est,
789 2624 892 2674 quod
912 2624 1014 2672 supra
1036 2623 1195 2660 dixerat:

737 2421 781 2458 In
811 2433 891 2459 uno
925 2432 1013 2458 meo
1048 2420 1085 2456 &
1120 2417 1215 2455 Abb.
1241 2417 1305 2457 lib.

495 2687 672 2735 Immenfhs
693 2687 792 2735 saltu
804 2686 971 2736 sinuatur
991 2689 1029 2724 in
1045 2701 1167 2733 arcus,

306 2740 365 2773 Ac
384 2737 496 2772 media
509 2737 586 2785 plus
601 2746 701 2786 parte
726 2737 815 2774 leves
835 2740 960 2778 erebi-us
987 2739 1025 2775 in
1048 2751 1153 2776 auras

306 2786 457 2837 Despicit
479 2801 576 2823 omne
597 2800 727 2827 nemus.

248 2854 388 2900 §tatius
410 2857 536 2898 Theb.
556 2870 615 2896 Vt.
639 2857 727 2908 834.

609 2933 757 2944 --·
788 2922 841 2958 Sic
862 2922 1055 2971 grandibus
1080 2922 1152 2958 alte

309 2973 490 3023 Insurgens
509 2972 661 3009 humeris
682 2971 857 3009 hominem
871 2973 974 3022 super
993 2973 1163 3022 improbus
1181 2974 1265 3010 exit.

253 3033 397 3072 flexas.
436 3034 522 3071 Vid.
543 3034 608 3071 inf.
642 3046 700 3071 1v.
729 3044 811 3082 731.
840 3035 878 3071 ἅτ
914 3048 968 3071 11.
998 3034 1086 3072 Fast.
1121 3047 1203 3081 712.
1244 3035 1306 3073 scd

253 3083 490 3133 praecesserat
512 3084 629 3122 modo
652 3085 745 3128 exit,
774 3096 888 3133 quare
910 3097 979 3122 ncc
1011 3086 1071 3122 hic
1104 3085 1213 3132 exstat
1245 3095 1303 3123 te-

252 3146 357 3172 mere
379 3135 643 3184 repudiandum
660 3164 669 3178 ,
697 3146 773 3184 quo
798 3136 911 3172 vei-bo
935 3147 1000 3183 pro
1033 3136 1197 3172 eminere
1227 3136 1302 3173 sae-

250 3195 299 3237 pe
322 3186 433 3222 utitur
451 3186 593 3223 Noster.
623 3186 766 3234 vulgata
790 3185 939 3222 defendi
961 3184 1078 3233 poffet
1110 3198 1154 3222 ex
1187 3187 1301 3225 Statio

249 3233 310 3280 lib.
338 3247 392 3273 11.
416 3237 500 3282 678.
525 3237 701 3274 mediisin
723 3236 879 3273 caedibus
896 3237 1022 3284 adstat.
1051 3236 1262 3274 Buamaa.

271 3295 362 3371 179.
392 3293 515 3336 impete
531 3301 622 3327 nunc
646 3286 787 3341 vasta]
813 3287 870 3327 Sic
893 3289 932 3326 &
954 3288 1098 3327 Plautus
1129 3289 1168 3328 in
1198 3288 1298 3339 Ain-A

238 3343 267 3388 f
281 3343 442 3380 utruone
458 3351 465 3375 ς

1533 1501 1612 1537 dine
1632 1510 1646 1539 ,Ρ

1361 1549 1410 1587 Et
1433 1550 1537 1588 Silius
1557 1551 1617 1589 lib.
1645 1564 1699 1590 11.

1593 1618 1656 1654 Sed
1674 1626 1868 1654 contortum
1882 1617 1976 1667 prior
1994 1618 2114 1666 impete
2138 1616 2235 1664 vasto
2258 1635 2262 1638 ·

1414 1669 1579 1705 Daunius
1599 1668 1679 1705 huic
1699 1668 1802 1706 robur
1813 1669 1958 1718 juvenis
1969 1669 2076 1718 jacet.

1361 1728 1512 1766 Lucret.
1533 1729 1593 1767 lib.
1618 1742 1675 1769 11.

1419 1792 1683 1841 Transmittunt
1701 1793 1820 1830 valido
1842 1793 2035 1845 quatientes
2051 1793 2174 1843 impete
2195 1796 2340 1845 campesi
2407 1797 2411 1800 ’

1362 1853 1577 1893 ConANUS.
1605 1856 1691 1893 Vid.
1713 1857 1774 1895 lib.
1795 1870 1907 1896 viri.
1932 1870 2015 1907 359.

1413 1905 1471 1943 80.
1500 1907 1715 1953 Perturbat]
1746 1909 1887 1946 Omnia
1901 1937 1911 1953 ‚
1932 1916 2122 1958 quotquot
2143 1921 2212 1946 nos
2232 1909 2410 1956 vidimus,'

1361 1958 1581 2006 exemplaria
1595 1987 1605 2003 ‚
1627 1959 1811 2007 perturbat
1831 1960 1980 2008 legunt;
1996 1959 2056 1997 sed
2072 1959 2259 2010 proturbat
2280 1961 2407 2010 legen·

1362 2006 1463 2094 dugi.
1492 2009 1703 2048 GLAREAN.
1741 2011 1933 2048 Proturbat
1960 2023 2047 2048 cum
2080 2011 2240 2059 optimis.
2271 2010 2319 2048 fic
2340 2012 2407 2052 inf⁴

1364 2070 1407 2107 52
1439 2089 1447 2096 .

1415 2111 1514 2148 Talia
1535 2112 1702 2149 dicentem
1711 2113 1898 2163 proturbat
1918 2112 2066 2150 Echione
2091 2122 2208 2150 natus.

1363 2161 1439 2198 Ubi
1459 2163 1569 2200 etiam
1604 2164 1700 2201 male
1731 2172 1876 2201 mutant
1902 2164 2050 2201 codices
2071 2163 2245 2212 quidam:
2276 2162 2409 2201 Statius

1366 2223 1448 2250 111.
1475 2214 1530 2251 18.
1559 2221 1743 2265 Asanuque
1762 2214 1967 2265 proturbare
1989 2224 2131 2263 parant.
2160 2215 2199 2251 &
2229 2213 2279 2251 ibi
2310 2215 2408 2253 male

1363 2263 1510 2301 codices
1532 2265 1683 2314 quidam
1698 2294 1708 2310 ,
1728 2265 1941 2315 perturbare.
1961 2265 2020 2301 lib.
2043 2276 2082 2302 v.
2107 2264 2192 2301 662.

1414 2316 1558 2364 Impiger
1576 2316 1702 2365 objefft'a
1715 2316 1901 2365 proturbat
1915 2317 2047 2365 pectora
2065 2325 2205 2364 parma.

1359 2366 1511 2403 Cornel.
1533 2367 1686 2403 Severus
1707 2366 1831 2403 Aetna
1855 2380 1890 2403 v.
1913 2367 1973 2414 63.
2001 2366 2110 2411 Jatto
2130 2366 2317 2416 proturbat
2327 2367 2407 2415 ful-

1361 2417 1453 2453 mine
1471 2428 1611 2454 montes.
1641 2417 1687 2454 sic
1711 2417 1749 2453 &
1762 2427 1961 2466 proterrere.
1989 2417 2075 2454 Stat.
2105 2429 2159 2454 11.
2180 2418 2305 2455 Theb.
2321 2420 2407 2466 645.

1362 2468 1576 2506 His-nisius.
1603 2467 1831 2506 Vid.Hcins.
1853 2468 1892 2505 ὃς
1914 2467 2101 2506 Drakenb.
2122 2467 2169 2505 ad
2188 2468 2261 2505 Silii
2279 2468 2339 2505 lib.
2352 2481 2407 2507 Ix-

1361 2532 1471 2615 4484.
1508 2570 1662 2621 Figitque
1693 2571 1732 2607 in
1755 2572 1915 2608 acumine
1944 2568 2094 2618 dentes]
2123 2570 2336 2619 frangitque
2364 2569 2406 2608 in

1355 2620 1518 2659 secundo
1542 2622 1703 2659 Palatino
1717 2651 1727 2667 ‚
1749 2621 1852 2671 quod
1873 2621 2031 2658 omnino
2060 2619 2257 2658 nervosius.
2296 2619 2345 2657 sic
2367 2632 2407 2658 a·

1361 2673 1436 2721 pud
1458 2672 1616 2709 Persium
1633 2701 1643 2715 ,
1666 2674 1855 2719 genuinum
1873 2671 1975 2718 fregit
1995 2671 2033 2706 in
2051 2671 2131 2708 iltis.
2168 2670 2230 2707 ubi
2252 2671 2324 2719 agit
2355 2670 2404 2708 de

1361 2722 1595 2759 mordacibus
1614 2722 1747 2769 scriptis
1770 2721 1916 2758 Lucilii.
1934 2722 2114 2757 retundere
2142 2721 2283 2758 Solinus
2312 2721 2405 2760 dixit

1361 2771 1408 2808 de
1422 2771 1631 2809 Leonibus:
1647 2772 1851 2808 Gradientes
1861 2785 2056 2808 mucronem
2073 2772 2242 2820 unguium
2265 2772 2405 2820 vaginis

1363 2832 1537 2871 corporum
1565 2822 1735 2859 claudunt
1760 2851 1771 2867 ,
1798 2837 1838 2859 ne
1861 2823 2026 2859 acumina
2048 2824 2180 2859 attritu
2210 2823 2405 2860 retundan-

1361 2883 1432 2910 tur.
1452 2875 1616 2921 frangere
1632 2885 1699 2921 pro
1721 2882 1874 2910 atterere
1888 2902 1898 2917 ,
1922 2874 1985 2911 vel
2005 2873 2214 2922 infringere.
2249 2885 2319 2911 nec
2342 2873 2406 2920 ali<
2438 2877 2440 2882 ’

1361 2930 1417 2960 ter
1439 2925 1611 2961 Lucanus
1633 2924 1678 2961 de
1700 2925 1778 2961 fera
1799 2936 1934 2962 caveae
1953 2924 2087 2961 inclusa
2101 2952 2111 2969 ,
2135 2925 2193 2961 lib.
2215 2937 2251 2962 x.

1411 2980 1459 3010 Et
1467 2976 1610 3023 frangit
1629 2975 1794 3012 validum
1807 2975 2000 3025 praemorfh
2019 2989 2148 3012 carcere
2167 2976 2316 3015 dentem.

1360 3024 1490 3063 Statius
1513 3026 1728 3063 Thebaidos
1756 3039 1810 3064 11.
1835 3038 1918 3075 ¹513-

1410 3093 1482 3126 Nec
1504 3102 1601 3124 mora
1616 3117 1625 3133 ‚
1653 3089 1737 3138 quin
1757 3102 1878 3125 acuens
1898 3088 2041 3136 exstenos
2055 3089 2212 3138 protinus
2227 3092 2377 3136 ungues,¹

1409 3140 1635 3189 Liventesque
1657 3153 1782 3176 manus
1795 3168 1805 3183 ‚
1822 3139 2019 3189 frac‘tosque
2040 3139 2077 3175 in
2097 3139 2240 3176 vulnere
2261 3141 2398 3186 dentes,

1410 3190 1568 3225 Terribili
1585 3189 1748 3239 applausu
1767 3191 1894 3226 circum
1914 3189 2043 3238 hospita
2053 3189 2206 3239 surgeret
2226 3204 2296 3226 ora.

1356 3240 1518 3277 Minuere
1533 3241 1670 3276 dentem
1687 3240 1787 3277 idem
1809 3240 2023 3278 Thebaidos
2043 3253 2078 3277 x.
2099 3253 2156 3286 47.
2185 3241 2230 3278 de
2251 3240 2363 3290 lupis:

1409 3291 1514 3338 Qod
1524 3290 1668 3340 superest
1681 3319 1692 3335 ,
1719 3292 1815 3328 duris
1836 3291 2045 3339 adsringunt
2054 3291 2200 3341 postibu5
2218 3305 2342 3340 ungues
2359 3318 2371 3335 ,

1401 3343 1618 3393 *pestemque
1629 3370 1640 3389 ,
1668 3355 1712 3384 (ν’
1721 3341 1824 3394 fictos
1841 3342 2011 3381 minuunt
2027 3343 2067 3381 in
2083 3342 2207 3382 limine
2221 3343 2346 3380 dentes.

2313 3391 2395 3436 Nez'
