2483 3616
346 163 1570 230 “META'MORPHOSEON
1640 166 1781 224 Lm.

1854 171 1927 229 V.
2101 193 2123 239 3
2135 178 2197 245 69

202 283 316 352 5585
353 277 504 336 Laffa
527 273 831 333 revertebar
872 273 1162 345 (memini)
1203 271 1566 346 Stymphalide
1591 270 1728 328 filva.

346 352 535 407 Aestus
559 362 698 403 erat:
739 358 1101 420 magnumque
1127 344 1274 400 labor
1299 346 1659 418 geminaverat
1683 344 1907 410 aestum;

327 423 564 478 ‘Invenio
592 420 698 475 fine
720 422 928 475 vortice
954 437 1139 492 aqua3‚
1175 418 1281 473 fine
1308 435 1583 473 murmure
1609 432 1796 475 euntes
1812 456 1830 482 ,

326 495 642 567 ,Perspicuas
666 495 809 553 imo3
849 511 945 565 per
967 510 1094 566 quas
1116 491 1454 546 numerabilis
1478 491 1583 544 alte

341 568 589 621 Calculus
613 567 784 621 omnis
812 579 951 628 erat;
992 583 1119 638 quas
1149 580 1206 619 tu
1230 565 1320 619 vix
1343 564 1420 618 ire
1443 578 1670 636 putares,

187 659 302 711 {590
339 639 484 694 Cana
508 638 677 694 salicta
703 639 926 702 dabant,
960 638 1268 709 nutritaque
1290 638 1518 710 populus
1545 637 1690 692 unda,
1712 676 1731 701 ‚

339 712 542 784 Sponte
565 712 652 767 sua
674 725 818 766 natas
843 711 967 783 ripis
994 710 1286 764 declivibus
1310 710 1537 764 umbras.

333 785 579 848 Acceffi3
620 786 961 857 primumque
986 783 1136 854 pedis
1163 781 1378 854 vestigia
1402 783 1563 837 tinxi:

338 858 549 929 Poplite
576 857 772 912 deinde
798 870 965 910 tenus,
1006 872 1181 927 neque
1213 873 1279 908 eo
1304 868 1586 924 contenta,
1624 858 1900 931 recingor:

331 930 632 1003 Molliaque
657 931 878 1001 impono
900 927 1039 982 salici
1064 928 1322 980 velamina
1347 947 1564 983 curvae:

171 1023 287 1074 ⁴<5⁵95·
330 1003 596 1077 Nudaque
620 1020 834 1071 mergor
859 1000 1020 1072 aquis.
1057 1016 1184 1072 quas
1210 998 1340 1053 dum
1366 999 1613 1072 ferioque
1630 1040 1645 1064 ‚
1684 1002 1974 1077 trahoque,

327 1076 481 1130 Mille
505 1076 681 1130 modis
703 1073 907 1135 labens,
934 1070 1260 1145 excuffaque
1286 1072 1495 1126 brachia
1514 1073 1684 1143 jacim

323 1149 525 1203 ‘Nescio
552 1146 703 1220 quod
725 1145 907 1199 medio
932 1144 1063 1198 sensi
1088 1144 1180 1198 sub
1208 1145 1418 1215 gurgite
1442 1162 1712 1201 murmur:

328 1220 652 1292 Territaque
675 1217 848 1273 insisto
876 1217 1141 1290 propioris
1170 1218 1408 1289 margine
1433 1218 1593 1289 ripae.

38 1435 124 1463 351.
152 1423 236 1471 &3.
253 1419 445 1468 Aen.694.
473 1421 653 1469 Antigon.
675 1418 809 1458 Mirab.
829 1419 923 1458 Hist.
947 1430 1071 1471 c.153.

6 1494 7 1498 =
27 1475 201 1513 strabon.
219 1470 277 1510 lib.
299 1483 351 1508 vx.
375 1471 522 1509 Pausan.
552 1472 613 1509 lib.
633 1482 670 1507 v.
694 1484 728 1518 7.
759 1473 901 1509 Lucan.
924 1470 983 1507 lib.
1006 1484 1070 1509 111.

42 1527 121 1571 176.
148 1524 206 1563 Sil.
228 1534 307 1560 xw.
341 1535 396 1572 54.
427 1523 514 1560 Stat.
534 1535 561 1558 1.
590 1521 674 1558 Silv.
699 1535 745 1560 11.
775 1522 906 1559 Lib-an.
931 1521 1070 1572 Diege-

35 1584 126 1614 mat.
156 1587 232 1624 cap.
260 1585 365 1611 xxvx.
387 1574 426 1610 ὃς
446 1585 566 1611 xxvn.
592 1573 717 1611 Lutat.
751 1573 797 1610 ad
829 1573 914 1610 Stat.
940 1585 1071 1620 1·27¹·

39 1626 186 1664 Suidam
220 1625 256 1662 in
279 1624 440 1674 Alpheus.
467 1623 646 1661 Plutarch.
669 1623 713 1661 de
740 1623 946 1660 fluminibus
975 1625 1013 1661 ὃς
1035 1636 1072 1662 a·

38 1677 128 1722 lios,
155 1687 246 1726 quos
265 1675 379 1723 longo
400 1674 529 1712 ordine
539 1673 701 1712 recenset
713 1675 861 1713 Cluver.
874 1673 969 1713 Sicil.
981 1675 1071 1714 Ant.

37 1726 141 1765 lib.1.
163 1738 238 1775 cap.
254 1739 308 1764 12.
337 1726 462 1763 BuRM.
706 1763 708 1768 ,

86 1789 168 1826 577.
197 1784 239 1814 In
260 1776 454 1825 Achaida]
510 1775 661 1813 Ache'ide
692 1776 750 1813 alii
783 1776 924 1814 malunt
944 1776 1067 1827 legere

35 1836 179 1878 propter
190 1827 440 1878 quantitatem.
472 1827 650 1877 quoniam
673 1828 711 1864 ὃς
731 1827 815 1864 alibi
834 1827 934 1865 idem
956 1833 1069 1877 poe'ta

38 1878 124 1916 dixit
144 1891 208 1927 per
230 1878 404 1915 Acheidas
423 1878 518 1915 urbes
532 1906 543 1923 ,
570 1877 702 1916 eadem
728 1878 861 1916 forma.
889 1879 1067 1917 chru..

35 1928 193 1967 Achaide
214 1929 382 1966 meliores
402 1941 544 1966 omnes.

6 2010 7 2026 z
82 1980 166 2028 578.
191 1986 261 2016 Nec
282 1993 334 2017 me
346 1977 563 2029 studiofius.]
592 1982 677 2028 Qu
688 1993 746 2016 nec
760 1979 803 2027 st.
824 1987 895 2017 tres
913 1988 1066 2019 veteres.

5 2030 92 2080 luet
112 2044 181 2079 qua
201 2030 304 2068 Barb.
325 2043 393 2079 qua
417 2044 484 2067 non
504 2031 686 2078 Excerpta
708 2031 908 2078 Langerm.

6 2090 7 2103 ³
88 2091 171 2128 579.
198 2080 315 2128 Legit,
347 2093 404 2116 nec
439 2080 549 2129 posuit
572 2079 752 2129 studiosius
790 2081 903 2117 altera
926 2081 1060 2132 caffi‘s.]

6 2131 7 2153 ἒ
33 2130 215 2178 Quamvis
237 2130 285 2166 ita
315 2130 411 2167 reete
431 2131 590 2179 legatur:
617 2131 767 2180 quidam
789 2140 915 2168 tamen
937 2144 1063 2169 corru-

6 2192 7 2215 ι
30 2188 94 2228 pte
111 2180 182 2228 legi
202 2179 327 2228 fingit,
352 2191 393 2217 ac
412 2180 544 2219 deinde
563 2182 732 2230 corrigit,
757 2194 828 2220 nec
838 2183 939 2219 aliter
950 2195 1062 2231 quam

6 2231 70 2267 ‘in
100 2230 225 2267 nostris
257 2231 517 2278 exemplaribus
548 2232 597 2269 est
627 2232 810 2280 scripturn.
851 2234 1063 2272 M1crnus.

7 2324 8 2327 Ἴ
30 2281 127 2328 Legit
147 2281 330 2317 Fontanus
351 2280 526 2328 explicat,
553 2282 631 2320 obit
649 2283 865 2333 vestigandis
886 2284 981 2323 feris.
1002 2284 1062 2323 sed

30 2330 79 2368 est
98 2330 221 2379 eligit,
240 2339 281 2368 ut
305 2343 361 2369 11.
384 2331 442 2368 Μ.
462 2331 544 2378 448.

152 2404 254 2436 Dum
275 2399 392 2436 Saltus
414 2399 509 2449 eligit
535 2410 639 2450 aptos.

26 2463 70 2504 δε
88 2465 217 2504 millies
235 2467 284 2503 ita
304 2466 405 2516 legere
432 2468 600 2505 occurrit.

76 2531 158 2580 580.
185 2535 366 2584 Formae]
406 2542 532 2572 Forma
553 2534 660 2572 MSS.
685 2534 905 2573 Bersmanni.
926 2533 987 2572 sed
998 2532 1057 2571 lib.

19 2590 80 2619 ΝΣ.
102 2594 159 2632 31.
185 2590 296 2620 Fama
314 2595 454 2635 petatur
465 2586 649 2632 faciendae
669 2584 782 2624 lanae.
1008 2616 1019 2623 c

75 2645 158 2694 585.
182 2647 416 2696 Stymphalide
429 2647 558 2695 stiva]
573 2647 802 2695 Astaphatide
814 2647 911 2695 filva
933 2647 1057 2685 Medi-

29 2704 111 2732 ceus
132 2707 234 2734 unus.
260 2697 486 2747 stimphalide
514 2698 655 2746 lympha
675 2697 777 2735 Bassl.
810 2701 848 2735 δε
871 2698 946 2734 duo
966 2699 1058 2734 Mo-

29 2745 106 2782 reti.
127 2746 199 2795 ripa
222 2747 366 2785 Lovan.
389 2748 633 2797 Stymphalam
662 2747 753 2785 olim
785 2748 923 2785 dietum
956 2747 1059 2785 fuisse

8 2795 215 2842 Alpheum
254 2797 363 2835 docet
398 2799 576 2836 Plutarch.
608 2798 654 2835 de
696 2797 798 2836 flum.
831 2799 868 2835 in
895 2798 1057 2846 Alpheo.

8 2843 236 2883 *Rumam

8 2920 9 2923 =
77 2894 160 2943 586.
187 2897 438 2948 Magnufique]
494 2905 732 2949 Magnumque
762 2911 807 2936 ex
837 2898 1059 2937 melioribus.

28 2945 233 3043 nsulmsms.
268 2947 310 2985 In
332 2957 461 2997 quarto
480 2949 643 2987 Palatino
671 2958 770 2995 erat,
801 2951 1058 3000 glomeraverat

27 3006 68 3032 ae
94 3009 164 3033 um.

9 3066 10 3071 ¹
84 3056 165 3103 588.
197 3058 388 3107 perspicuas
409 3061 456 3095 ad
477 3058 666 3109 hamam]
697 3060 881 3097 Adimam
897 3060 1056 3098 nonnul-

9 3104 54 3143 'li
72 3115 213 3143 veteres
234 3118 318 3143 cum
340 3110 459 3156 primo
481 3110 738 3147 Gronoviano.
766 3111 887 3157 primo
906 3111 1056 3148 Vatica-

31 3165 106 3198 no,
135 3156 172 3191 &
200 3155 267 3191 see.
285 3157 472 3197 Mediceo.
508 3160 652 3204 Scribe,
690 3161 882 3208 Perspicuas
902 3161 982 3199 imo.
1008 3159 1055 3198 fic

10 3231 11 3235 ,
33 3205 71 3241 in
90 3204 321 3242 Halieutico:

86 3285 187 3333 Qae
207 3283 306 3327 vada
323 3282 479 3332 subnatis
494 3285 565 3323 >imo
587 3284 787 3323 viridantur
806 3283 851 3322 ab
873 3283 996 3322 herbis.

2048 1293 2178 1366 Quo

1129 1418 1171 1455 ἐκ
1192 1417 1295 1464 βύθῡυ
1318 1417 1408 1455 dixit
1430 1417 1679 1464 Theocritus,
1706 1417 1800 1467 Idyl.
1820 1431 1886 1456 xxi
1896 1431 1939 1456 11.
1968 1418 2100 1457 Noster
2113 1419 2177 1458 ali-

1127 1469 1162 1506 bi
1182 1469 1327 1518 gurgitis
1351 1470 1438 1507 ima.
1458 1469 1517 1506 lib.
1544 1483 1597 1507 xx.
1624 1482 1708 1518 177.
1736 1470 1782 1507 de
1805 1470 1947 1508 auribus
1957 1470 2109 1517 Midae,
2137 1478 2178 1508 ut

1127 1521 1165 1558 ὃ(
1187 1520 1258 1557 illic
1277 1520 1506 1558 scribendum
1522 1549 1533 1566 ‚

1180 1596 1420 1648 Instabilesque
1438 1597 1506 1634 imo
1520 1596 1616 1644 facit
1637 1607 1681 1635 <y
1703 1596 1766 1632 dat
1779 1593 1863 1644 poffe
1886 1591 2035 1631 moveri.

1129 1668 1215 1709 Stat.
1230 1683 1285 1708 tv.
1310 1671 1433 1710 Theb.
1457 1673 1543 1718 817.

1280 1734 1384 1770 Modo
1408 1733 1479 1770 lene
1500 1734 1616 1770 virens
1631 1762 1641 1777 ,
1670 1743 1713 1771 &¹
1730 1731 1864 1780 gurgite
1882 1741 1970 1781 puro

1178 1785 1373 1870 Pelrspicuus
1387 1812 1397 1829 ,
1425 1798 1515 1821 nunc
1525 1785 1642 1833 sordet
1662 1784 1761 1833 aquis
1781 1782 1901 1832 egestus
1921 1783 1966 1820 ab
1987 1782 2056 1819 imo

1177 1840 1216 1871 A
1233 1849 1328 1872 veus.

1124 1897 1200 1934 Ubi
1222 1897 1303 1946 lege
1318 1926 1328 1942 ‚
1350 1897 1542 1948 perspicuis.
1570 1895 1860 1935 Senec.Medea.
1884 1908 1970 1946 755.
1995 1907 2041 1934 ex
2065 1895 2169 1935 cedia

1125 1958 1167 1984 ce
1189 1948 1392 1986 Mediceo:

1172 2024 1300 2074 Egique
1318 2024 1367 2061 ad
1387 2023 1500 2060 imum
1522 2023 1638 2060 maria
1654 2051 1664 2068 ‚
1677 2034 1720 2062 ω’
1742 2028 1894 2058 Oceanus
1910 2033 2037 2069 graves

1172 2076 1320 2112 Interius
1342 2075 1455 2111 undas
1479 2074 1620 2122 aestibus
1641 2073 1745 2110 vitiis
1767 2073 1873 2108 dedit.

1120 2145 1177 2183 Sic
1199 2160 1239 2183 ex
1270 2146 1338 2183 imo
1366 2145 1426 2183 lib.
1449 2158 1503 2183 xx.
1524 2145 1675 2194 499.‘in
1695 2144 1768 2181 ima
1789 2141 1874 2180 ibid.
1900 2152 1981 2191 557.
2016 2141 2065 2178 ad
2086 2140 2160 2178 ima

1119 2209 1198 2234 X1v.
1217 2209 1300 2246 793.
1330 2197 1471 2234 Hfflus.

1172 2259 1254 2296 591.
1282 2254 1401 2297 Sponte
1422 2248 1490 2296 sua
1521 2256 1624 2282 natas
1654 2245 1734 2294 ripis
1755 2242 1942 2280 declivibus
1973 2241 2158 2291 umbras.]

1119 2304 1237 2335 Natas
1256 2299 1446 2346 epitheton
1468 2296 1514 2334 ad
1534 2296 1675 2333 umbras
1696 2305 1830 2343 genere
1842 2293 1962 2329 retulit
1976 2320 1986 2334 ‚
2014 2303 2100 2328 cum
2113 2293 2158 2330 ad

1109 2349 1238 2398 salit-ia
1261 2349 1500 2398 intelligatur,
1528 2355 1568 2383 ut
1596 2345 1637 2382 fit
1659 2345 1796 2382 sensus:
1823 2343 1940 2379 salicta
1960 2350 2071 2398 atque
2089 2354 2161 2398 po-

1115 2399 1218 2446 pulus
1238 2399 1371 2436 dabant
1392 2398 1560 2441 umbras,
1587 2396 1681 2444 ipsae
1704 2403 1810 2432 natae
1831 2393 1891 2430 sua
1911 2392 2040 2440 sponte
2061 2403 2098 2429 m
2113 2405 2161 2430 ri=

1115 2450 1168 2496 pis
1190 2448 1407 2486 declivibus2
1449 2458 1536 2484 nam
1563 2446 1709 2482 umbras
1739 2443 1834 2481 nasci
1865 2444 1903 2480 in
1925 2443 2009 2491 ripis
2030 2442 2163 2480 intelli-

1114 2499 1209 2547 gitur
1220 2499 1341 2547 aliquo
1361 2497 1484 2546 paeto,
1495 2496 1556 2533 sed
1577 2496 1704 2544 frigide
1716 2493 2075 2540 admodum,sponte
2085 2492 2160 2531 sua.

1115 2560 1245 2585 verum
1272 2550 1363 2585 haec
1385 2546 1529 2585 fortaffe
1559 2545 1722 2594 argutula
1751 2544 1885 2581 merito
1908 2543 2156 2588 videbuntur„

1113 2598 1274 2648 ideoque
1296 2597 1500 2636 omittenda
1513 2625 1523 2640 ,
1551 2607 1761 2645 quanquam
1776 2593 1871 2642 apud
1883 2594 2067 2638 Servium,
2079 2594 2156 2630 exi-2

1115 2650 1211 2686 miae
1245 2649 1457 2686 eruditionis
1483 2648 1602 2684 virum
1617 2675 1627 2691 ‚
1648 2645 1826 2683 nonnulla
1849 2644 2030 2692 ejusmodi
2052 2655 2157 2692 repe⁴³

1111 2700 1190 2736 rias.
1218 2700 1473 2739 GLAREANUS.
1528 2699 1572 2735 In
1602 2694 1807 2734 Oxonienfi
1840 2695 1879 2731 &
1910 2706 1986 2731 uno
2010 2694 2155 2733 Heinfii

1113 2750 1162 2787 est
1177 2779 1186 2794 ‚
1205 2753 1323 2800 sponte
1331 2751 1400 2800 sua
1415 2760 1536 2798 gratas
1556 2747 1709 2784 umbras.
1730 2747 1768 2783 in
1790 2743 2027 2790 Lovanienfi,
2049 2745 2156 2783 latas.

1115 2801 1299 2838 declinibus
1329 2803 1438 2838 etiam
1470 2800 1645 2847 Junianus
1675 2798 1714 2834 ὅ(
1745 2794 1945 2833 Leidenfis.
1961 2796 2049 2831 rivis
2060 2807 2153 2833 unus

1116 2852 1258 2889 Heinfii
1282 2853 1320 2889 &
1342 2851 1552 2888 Bersmanni
1571 2848 1681 2887 MSS.
1702 2855 1742 2885 ut
1762 2847 1854 2895 supr.
1874 2845 1962 2883 vers.
1987 2845 2070 2895 558.
2092 2857 2154 2882 ea:=

1114 2901 1201 2939 dem
1224 2903 1387 2939 varietas.
1412 2902 1542 2939 Euam.

1167 2977 1250 3013 595.
1279 2967 1378 3013 Qas
1395 2964 1481 3000 dum
1493 2961 1671 3011 ferioque,
1709 2955 1914 3008 numqua]
1968 2955 2011 2992 ln
2034 2962 2147 2996 mec),

1110 3025 1245 3065 teroque
1259 3044 1270 3060 ,
1294 3027 1372 3052 non
1394 3013 1572 3064 trahoque.
1601 3012 1812 3049 CxofANus.

1165 3078 1248 3126 598.
1276 3078 1437 3126 Margine
1450 3074 1600 3124 fhntis.]
1626 3073 1716 3111 Duo
1737 3071 1904 3108 Vatican.
1927 3065 1999 3121 mei
2015 3092 2024 3107 ,
2048 3064 2150 3118 δεμ-

1110 3140 1178 3166 nus
1202 3128 1333 3166 Maffei
1349 3156 1358 3172 ‚
1390 3127 1555 3173 Margine
1578 3125 1679 3173 ripae.
1731 3123 1843 3158 Clor.
1892 3123 1997 3171 ‘Ripae
2017 3113 2150 3170 ‘melios‘

1110 3191 1176 3215 res.
1232 3180 1437 3214 Hzmsms.
1464 3175 1552 3211 Vid.
1573 3173 1681 3221 Epist.
1704 3184 1738 3207 v.
1759 3182 1817 3214 27.
1840 3167 2065 3222 ubimargme
2076 3177 2151 3201 νινε

1110 3228 1353 3277 probabamus
1368 3254 1379 3272 ,
1410 3225 1471 3263 sed
1491 3236 1568 3263 non
1589 3223 1663 3261 hic.
1692 3219 1792 3266 existo
1812 3227 1916 3255 etiam
1946 3215 2116 3251 Gronov.

1591 3325 1739 3363 ἈΜΖ
1979 3319 2152 3370 5¹99.AE
