2483 3616
256 155 1916 244 METAMORPHOSEONLmvm

2080 187 2178 255 589

320 303 471 357 Pone
496 313 622 368 age,
660 312 760 350 nec
786 294 969 349 titulos
992 295 1279 370 intercipe,
1318 297 1514 353 femina
1539 299 1772 363 nostr03‚

319 369 640 428 Thestiadae
665 369 920 422 clamant:
961 385 1061 422 nec
1088 381 1142 424 te
1170 371 1362 435 fiducia
1390 371 1593 427 formae

179 465 279 516 435
319 442 596 516 Decipiat;
636 441 904 514 longeque
933 454 1027 496 tuo
1054 441 1112 496 s1t
1138 457 1320 516 captus
1345 462 1527 499 amore

318 515 542 572 Auctor.
584 513 640 567 δε
664 514 787 569 huic
815 514 1058 569 adimunt
1082 533 1302 581 mmm,
1338 517 1417 588 jus
1442 519 1673 573 muneris
1698 518 1785 573 illi.

308 590 436 645 Non
464 588 616 651 tulit;
661 589 717 642 &
746 587 953 660 tumida
977 587 1230 646 frendens
1256 589 1558 646 Mavortius
1583 592 1689 656 ira,

313 663 518 718 Discite
546 675 783 733 raptores
808 662 991 725 alieni,
1031 660 1196 728 dixit,
1234 662 1479 728 honori3‚

309 735 466 790 Facta
492 735 647 791 minis
671 748 928 808 quantum
961 733 1171 790 distent.
1210 736 1483 810 hausitque
1507 736 1741 792 nefando

169 827 273 879 440
311 808 537 864 Pectora
568 808 842 880 Plexippi,
881 808 955 862 nil
982 809 1084 861 tale
1108 808 1380 875 timentia,
1419 811 1577 866 ferro.

310 881 505 937 Toxea
526 922 540 947 ‚
577 881 707 955 quid
732 880 890 935 faciat
917 879 1170 950 dubium,
1209 884 1514 956 pariterque
1541 885 1814 940 volentem

314 954 512 1010 Ulcisci
536 955 786 1018 fratrem,
824 953 1163 1026 fraternaque
1190 954 1294 1009 fata
1318 957 1629 1021 timentem,

308 1028 477 1084 Haud
502 1029 701 1102 patitur
729 1026 974 1081 dubitare
1001 1025 1120 1080 diu:
1163 1029 1504 1102 calidumque
1531 1029 1699 1102 priori

306 1101 490 1156 Caede
518 1100 786 1156 recalfecit
815 1098 1050 1152 consorti
1075 1099 1323 1170 sanguine
1349 1104 1530 1156 telum.

165 1193 265 1246 445
305 1174 465 1229 Dona
489 1174 670 1228 Deum
695 1172 930 1244 templiS‚
974 1184 1101 1225 nato
1132 1172 1364 1238 victore,
1400 1175 1633 1238 serebat,

305 1246 450 1303 Cum
475 1247 624 1302 videt
649 1243 911 1301 extinctos
934 1243 1148 1310 fratres,
1176 1247 1428 1311 Althaea,
1467 1247 1667 1302 referri.

1975 1320 2129 1394 Quae
2144 1354 2164 1382 2

12 1459 128 1510 'paulo
147 1468 231 1499 ante
259 1472 327 1510 pro
354 1459 422 1498 mei
444 1459 537 1510 juris
558 1488 568 1505 ,
598 1458 809 1509 Cantabrig.
836 1457 901 1495 tibi
928 1486 938 1503 ,
966 1469 1060 1496 unus
1116 1458 1177 1497 De
1198 1458 1341 1498 obseffis
1363 1458 1606 1510 Sagunthinis.
1632 1457 1726 1497 libro
1747 1458 1926 1497 xv11.80.

25 1511 229 1557 Leidenfis‚
258 1513 310 1549 tui
323 1512 427 1561 juris.
454 1511 557 1561 quod
576 1510 718 1548 arridet.
747 1521 787 1549 ut
809 1510 884 1559 apri
906 1510 1058 1547 interfe-

12 1561 73 1607 ,ai
92 1562 247 1611 gloriam
272 1563 322 1600 illi
348 1562 475 1606 cedat,
503 1574 598 1611 quae
633 1563 750 1610 prima
773 1562 990 1600 vulnerarat.
1017 1559 1063 1598 ad

25 1624 99 1650 rem
121 1614 281 1658 faciunt,
310 1624 403 1661 quae
424 1613 524 1660 supra
545 1613 760 1650 habuimus:

12 1670 13 1697 1
73 1669 148 1700 Nee
163 1674 280 1701 tamen
300 1662 363 1699 illa
376 1663 431 1710 sui
446 1663 589 1712 succeffu
612 1662 732 1700 laetior
752 1664 861 1709 mus,

12 1716 13 1720 ’
75 1715 196 1762 Qum
218 1714 405 1762 Meleagros
424 1724 509 1751 erat.

1169 1540 1277 1585 Longe
1298 1537 1454 1585 conjugia
1469 1565 1478 1581 ‚
1504 1550 1544 1574 ac
1565 1536 1658 1587 longe
1678 1536 1794 1586 Tyrios
1815 1543 2028 1586 Hymenaeos

1172 1592 1268 1624 Inter
1295 1588 1505 1625 Dardanias
1524 1588 1611 1625 acies
1625 1589 1710 1635 fore.

1122 1663 1177 1700 Ex
1202 1664 1330 1713 quibus
1350 1665 1440 1704 locis
1462 1675 1609 1715 apparet
1635 1666 1733 1716 apud
1744 1666 1933 1704 Caesarem
1956 1666 2018 1704 lib.
2035 1666 2166 1706 1.Beli.

1121 1714 1213 1751 Gall.
1234 1727 1263 1752 c.
1281 1717 1337 1765 36.
1363 1717 1413 1754 nil
1428 1716 1496 1755 effe
1508 1718 1727 1756 mutandum
1742 1731 1750 1755 :
1767 1723 1875 1766 Longe
1893 1716 1946 1754 his
1964 1718 2166 1762 fraternum

12 1749 237 1814 ¹Ithuaeibi
261 1765 471 1813 sequuntur.
484 1776 551 1814 pro
574 1764 718 1813 vulgata
745 1772 872 1803 tamen
895 1765 1059 1809 faciunt,
1112 1765 1228 1814 populi
1244 1768 1393 1805 Romani
1425 1782 1546 1805 nomen
1574 1768 1804 1815 abfuturum,
1842 1768 1916 1806 five
1947 1776 1988 1805 ut
2018 1770 2055 1805 in
2089 1769 2165 1805 aliis

13 1825 119 1864 :quae
137 1816 244 1864 paulo
276 1815 354 1864 post
383 1815 645 1864 subjungentur
667 1844 678 1861 ,
716 1827 760 1855 ω’
786 1816 866 1854 huic
895 1816 1063 1853 adimunt

30 1877 173 1912 munus,
193 1867 255 1915 jus
276 1865 429 1903 muneris
450 1865 517 1904 illi.
546 1866 692 1905 Hssms.

74 1928 159 1966 429.
185 1922 232 1954 Et
249 1916 383 1965 magnis
404 1914 550 1965 insignia
578 1916 738 1955 dentibus
759 1918 858 1968 ora.]
910 1919 1000 1956 Non
1020 1918 1064 1956 ab

27 1977 64 2005 re
83 1968 217 2017 magnis
239 1971 391 2017 po'e'tam
421 1966 546 2005 dixisse
567 1968 789 2007 censendum
802 1970 1064 2019 est2quonia1n

13 2028 156 2069 'eorum
177 2019 469 2057 circumferentia
486 2019 597 2057 trium
619 2028 694 2058 erat
712 2019 988 2068 spithamarum‚
1002 2033 1066 2059 au-

14 2067 129 2117 pctore
150 2069 336 2117 Procopio
364 2069 424 2106 lib.
437 2069 619 2108 Historiae
642 2071 826 2109 Gothicae
847 2073 981 2120 primo.
1012 2072 1066 2109 vi-

25 2117 72 2156 de
101 2118 324 2156 couestanea
343 2119 460 2157 nostra
481 2121 619 2169 primae
648 2122 880 2172 hecatostyos
909 2134 984 2171 cap.
1007 2134 1067 2172 53.

28 2168 181 2206 CoNsT.
199 2168 406 2206 Faunum.

78 2229 164 2268 435.
203 2225 258 2256 Ne
278 2217 326 2267 fit
359 2218 451 2267 longe
482 2220 545 2259 tibi
576 2231 692 2273 captus
724 2236 838 2261 amore
872 2225 1018 2262 Aeaor.
1046 2223 1063 2275 J

30 2273 137 2319 Longo
157 2268 223 2306 tibi
242 2269 399 2307 Florent.
416 2270 450 2307 S.
463 2271 580 2310 Marci
593 2301 603 2318 ‚
632 2274 847 2325 Bernegger.
866 2276 1065 2324 prim.tert.

31 2327 145 2370 quart.
174 2320 350 2358 Medicei.
388 2321 562 2359 Arondel.
607 2324 646 2361 ὃ(
676 2325 736 2363 alii
771 2326 1066 2374 quatuordecim.

34 2369 96 2408 tibi
114 2370 207 2420 longo
227 2372 334 2420 prim.
360 2371 471 2408 Palat.
493 2372 532 2409 ὅ(
555 2374 720 2423 quinque
748 2376 819 2414 alii.
837 2389 930 2414 unus
954 2377 1066 2415 Palat.

36 2420 75 2458 &
92 2422 339 2471 fragmentum
362 2422 502 2459 Moreti
516 2450 526 2467 ,
564 2423 722 2480 longeque
748 2434 805 2462 tuo
815 2424 864 2474 fit
883 2436 997 2475 captus
1027 2440 1067 2463 a-

14 2503 15 2510 ,
37 2483 131 2510 more.
157 2472 260 2522 quod
277 2471 419 2510 arridet.
456 2473 522 2510 nisi
548 2484 665 2511 mavis
694 2473 747 2511 tui
766 2488 892 2512 amore.
919 2485 958 2514 ut
975 2476 1069 2514 libro

35 2531 86 2560 xx.
104 2534 188 2572 5¹0·

14 2602 15 2609 ,
83 2574 118 2610 8ἱ
135 2583 255 2611 tamen
273 2573 331 2611 ille
349 2573 416 2611 mei
438 2583 554 2625 captus
570 2573 663 2624 prior
681 2573 754 2623 effet
771 2587 897 2615 amore.

14 2639 15 2657 ³
35 2620 160 2673 sVirgil.
181 2625 242 2662 lib.
262 2637 333 2662 xxx.
358 2637 413 2674 52.

79 2678 190 2724 'Longe
208 2674 263 2712 illi
284 2676 347 2712 dea
363 2685 477 2713 mater
497 2675 574 2714 erit.

38 2722 164 2763 Noster
180 2725 272 2763 libro
293 2738 344 2763 1v.
369 2727 453 2774 649.
507 2754 510 2757 .

282 2789 323 2813 ne
342 2776 433 2826 longe
448 2775 559 2826 gloria
581 2790 698 2826 regum
947 2813 950 2816 ,

64 2826 180 2873 94ης
201 2827 387 2872 mentiris‚'
407 2828 482 2873 ait,
511 2827 605 2876 longe
629 2828 693 2865 n'bi
715 2827 860 2877 Jupiter
880 2828 980 2880 absit.

14 2907 17 2913 ι
38 2884 140 2936 Epist.
159 2888 317 2926 Medeae
338 2901 408 2926 xix.
428 2901 459 2927 c.
482 2902 516 2940 3.

14 2965 17 2980 ,
84 2939 202 2984 Qum
222 2937 285 2975 tibi
303 2948 386 2975 tunc
404 2939 497 2988 longe
515 2953 657 2989 regnum
677 2940 790 2978 dotale
808 2940 952 2990 Creusae
966 2950 981 2980 ἕ

10 3010 17 3043 2
35 2983 202 3026 Tibullus
219 2989 313 3026 libro
342 3002 372 3026 1.
392 2989 493 3039 Eleg.
512 3004 550 3028 v.

14 3046 18 3072 f
86 3042 139 3074 At
158 3039 245 3076 mihi
267 3053 359 3076 nunc
378 3039 470 3088 longe
486 3041 596 3089 gloria
606 3041 712 3089 fortis
729 3041 842 3089 abest?

15 3090 17 3113 ³
36 3095 237 3148 Propertius
252 3102 313 3140 lib.
341 3116 368 3140 ι.
389 3103 491 3152 Eleg.
511 3116 582 3143 vn.

16 3167 18 3179 ›
68 3155 193 3206 ‘'Longe
214 3153 320 3200 castra
339 3153 403 3191 tihi
416 3182 426 3199 ,
448 3154 540 3203 longe
557 3181 568 3199 ,
595 3155 697 3205 miser
710 3184 720 3202 ,
746 3156 889 3206 agmina
901 3156 1041 3208 septem.

16 3211 18 3230 ἰ
42 3197 142 3246 Sillus
163 3201 255 3239 libro
281 3215 311 3240 1.
333 3215 419 3253 301.

89 3277 188 3285 ...-.
217 3299 222 3306 Ι
239 3251 330 3299 longe
349 3253 467 3306 clausis
480 3255 549 3305 sua
560 3255 701 3305 foedera
721 3282 730 3304 ,
758 3256 850 3305 longe

89 3300 281 3350 Aufhntam
294 3304 377 3350 fore.

1119 1816 1231 1854 exstat
1251 1819 1516 1867 exemplaribus
1532 1847 1540 1863 ,
1568 1819 1661 1868 longe
1681 1819 1726 1856 ab
1747 1820 1801 1855 his
1820 1818 2165 1868 abfuturum.quem

1119 1866 1246 1905 locum
1276 1880 1362 1907 cum
1392 1870 1473 1913 alii,
1509 1879 1589 1908 tum
1621 1869 1809 1908 Salmasius
1837 1869 1883 1907 ad
1911 1868 2012 1907 Flori
2030 1869 2090 1906 lib.
2120 1883 2167 1908 ιι.

1121 1918 1241 1966 cap.6.
1271 1921 1309 1957 ὃς
1331 1921 1369 1958 in
1387 1921 1511 1959 indice
1531 1921 1806 1960 Freinshemius
1831 1919 2068 1958 sollicitarunt
2086 1932 2167 1969 per-

1121 1980 1246 2018 peram
1261 1998 1270 2012 ,
1283 1980 1502 2021 reponentes
1516 2000 1524 2016 ‚
1543 1975 1725 2019 futurum.
1754 1972 1882 2010 Florus
1893 1970 1955 2008 lib.
1973 1982 1987 2008 1
2000 1982 2029 2009 1.
2052 1983 2169 2020 capa.

1122 2019 1216 2069 longe
1234 2020 1305 2059 illis
1324 2024 1486 2061 nauticae
1504 2034 1609 2060 artes.
1634 2023 1722 2062 Stat.
1735 2022 1858 2060 Theb.
1872 2034 1935 2060 111.
1946 2021 2031 2060 666.

1249 2122 1350 2134 ——·
1396 2107 1516 2155 procul
1537 2107 1620 2144 haec
1636 2105 1703 2142 tibi
1726 2104 1839 2142 mollis

1179 2155 1298 2204 Insula
1318 2157 1524 2208 terrificique
1543 2157 1652 2195 aberit
1674 2155 1848 2193 dementia
1872 2152 2009 2192 Phoebi.

1122 2230 1227 2271 Plura
1274 2236 1491 2275 Gronovius
1527 2235 1572 2274 ad
1619 2233 1780 2271 Senecae
1818 2232 1961 2282 Hypol.
1994 2231 2044 2270 vs.
2082 2232 2167 2280 674.

1123 2280 1334 2326 Hfimsms.

1173 2360 1258 2398 437.
1286 2355 1367 2386 Non
1396 2349 1481 2387 tulit
1503 2379 1513 2395 ‚
1541 2361 1585 2391 ω’
1615 2348 1758 2388 tumida
1779 2348 1942 2396 frendens
1962 2346 2172 2385 Mavortiua

1122 2399 1218 2448 irai]
1250 2400 1362 2437 Liber
1389 2401 1585 2439 Dominic.
1614 2402 1653 2439 &
1678 2399 1828 2449 quidam
1849 2399 1929 2443 alii,
1957 2409 2002 2439 ω’
2026 2399 2169 2436 tumida

1117 2451 1273 2496 fervens.
1302 2451 1393 2497 Quo
1416 2451 1532 2499 prope
1553 2451 1670 2488 modo
1690 2451 1835 2488 locutus
1856 2450 1904 2487 est
1922 2449 2081 2498 superius
2106 2449 2170 2487 lib.

1128 2511 1184 2537 11.
1201 2499 1286 2547 603.
1313 2505 1423 2549 thue
1440 2501 1582 2538 animus
1598 2499 1737 2537 tumida
1750 2499 1915 2548 fervebat
1935 2500 1979 2536 ab
2001 2500 2066 2537 ira.
2121 2499 2170 2537 Et

1125 2549 1276 2586 inferius
1295 2550 1380 2594 466.
1416 2556 1515 2599 Saepe
1538 2552 1644 2600 suum
1665 2553 1811 2598 fervens
1840 2549 1944 2588 oculis
1973 2549 2083 2587 dabat
2112 2549 2171 2587 ira

1126 2598 1294 2636 ruborem.
1322 2600 1426 2638 Silius
1448 2601 1508 2639 lib.
1521 2613 1553 2638 v.
1577 2602 1640 2639 illo
1662 2601 1800 2639 modo:
1832 2600 1999 2638 Lentulus
2011 2601 2171 2648 hicfren-

1118 2650 1208 2687 edens
1228 2650 1294 2687 ira.
1323 2650 1370 2688 Et
1390 2664 1442 2689 xx.
1470 2653 1608 2702 Excipit
1625 2651 1679 2689 his
1688 2653 1857 2699 frendens
1876 2652 2020 2691 Fabius.
2053 2652 2169 2690 CIOF.

1124 2706 1275 2738 fervens
1297 2701 1408 2739 etiam
1430 2702 1536 2740 multi
1567 2702 1726 2740 codices.

1179 2763 1264 2800 439.
1292 2752 1623 2801 Distent.]D1]'stant
1643 2752 1796 2791 Cantab.
1809 2752 1885 2792 duo
1898 2752 2171 2792 LeId.Thuan.

1128 2802 1201 2840 vid.
1222 2803 1314 2851 supr.
1337 2803 1395 2845 3213.
1416 2816 1499 2852 392.

1177 2865 1260 2900 440.
1273 2853 1484 2904 Timentia.]
1500 2855 1696 2894 Trementia
1716 2867 1809 2895 unus
1822 2854 2039 2906 Med.quod
2049 2855 2170 2897 Heinf

1127 2902 1178 2942 fio
1200 2903 1397 2950 arridebat,
1425 2907 1512 2956 quia
1531 2907 1692 2957 sequitur
1712 2907 1906 2945 timentem.

1179 2967 1261 3002 442.
1292 2961 1527 3007 Fraternaque
1543 2959 1624 3002 fata
1649 2957 1871 3007 timentem]
1903 2957 1944 2995 In
1966 2968 2040 2995 uno
2052 2957 2167 2998 me02‘

1127 3007 1261 3043 Fratris
1279 3021 1410 3056 quoque
1424 3010 1506 3054 fata
1526 3009 1719 3047 timentem.
1748 3009 1860 3045 CIOF.

1175 3069 1259 3106 443.
1286 3057 1416 3095 Prioris
1434 3059 1569 3109 caede.]
1586 3061 1697 3097 Priori
1709 3061 1814 3097 Cant.
1836 3058 1994 3096 Florem.
2015 3056 2048 3093 S.
2062 3055 2167 3092 Mar·-

1124 3109 1154 3146 ci
1170 3135 1179 3153 ,
1208 3109 1276 3146 sec.
1300 3109 1438 3147 Medic.
1459 3112 1497 3147 ὃ(
1520 3111 1626 3148 multi
1645 3111 1715 3148 alii.
1745 3111 1886 3146 Hiems.

1175 3171 1256 3205 444.
1293 3160 1406 3196 Caede
1433 3161 1606 3207 recalfifcit
1635 3159 1777 3207 confhrti
1801 3156 1966 3206 sanguine
1997 3154 2117 3192 telum.
2146 3153 2162 3203 ]

1129 3209 1172 3246 In
1196 3221 1273 3246 uno
1303 3221 1391 3247 meo
1414 3237 1424 3254 ,
1471 3211 1583 3246 Caede
1618 3210 1774 3258 calefecit.
1822 3209 1862 3244 In
1889 3207 2026 3250 altero,
2054 3205 2175 3243 Caede

1132 3258 1325 3306 madefecit.
1367 3259 1586 3299 CIOFANUS.

1932 3370 2014 3406 447.
2042 3356 2178 3408 Moestis
