2483 3616
356 203 1597 272 METAMORPHOSEON
1667 207 1966 267 L1ss.1X.

368 313 622 371 Naturale
647 309 846 366 malum
869 309 1054 367 saltem
1078 311 1133 367 δε
1159 311 1232 369 de
1258 329 1410 369 more
1434 310 1712 368 dedissent.

218 398 327 455 730
360 388 479 444 Nec
502 400 717 441 vaccam
743 401 964 449 vaccae,
1002 403 1103 440 nec
1130 403 1290 459 equas
1318 403 1468 440 amor
1490 387 1597 441 urit
1624 402 1901 460 equarum.

367 459 490 514 Urit
517 475 643 513 oves
670 457 829 511 aries:
865 457 1102 531 sequitur
1126 459 1215 513 sua
1242 459 1439 514 femina
1463 476 1700 515 cervum.

363 530 451 586 Sic
478 531 535 585 &
558 548 679 586 aves
703 534 935 593 coeunt3
975 531 1222 604 interque
1247 528 1484 586 animalia
1511 531 1702 586 cundia

360 602 582 658 Femina
607 603 843 658 femineo
868 618 1116 676 correpta
1140 604 1393 677 cupidine
1416 603 1556 657 nulla
1582 604 1672 658 est.

368 675 583 732 Vellem
606 677 747 731 nulla
769 676 959 730 forem.
999 695 1067 731 ne
1093 694 1203 731 non
1229 692 1407 732 tamen
1431 676 1610 730 omnia
1636 674 1804 733 Crete

224 764 323 818 735
362 746 605 804 Monstra
631 750 791 812 ferat;
834 762 1044 803 taurum
1070 748 1259 804 dilexit
1283 749 1386 804 filia
1410 748 1577 810 Solis,

364 821 585 876 Femina
610 839 804 892 nempe
832 838 1050 875 marem.
1087 839 1234 876 meus
1260 821 1334 876 est
1359 820 1603 876 furiosior
1625 822 1746 885 illo,

359 894 415 948 Si
440 912 628 950 verum
661 894 1004 967 profitemur,
1041 911 1205 948 amor.
1247 909 1425 949 tamen
1448 895 1530 948 illa
1555 894 1732 949 secuta
1755 893 1831 948 est

359 966 523 1039 Spem
547 966 804 1024 Veneris:
846 978 1025 1020 tamen
1049 967 1135 1020 illa
1162 966 1298 1020 dolis
1315 1008 1330 1033 ,
1371 966 1426 1020 &
1451 967 1682 1038 imagine
1707 984 1930 1032 vaccae,

355 1037 502 1095 Passa
531 1040 727 1094 bovem
754 1037 854 1092 est:
897 1040 950 1091 ἅ
977 1053 1118 1099 erat,
1157 1040 1247 1111 qui
1274 1039 1646 1111 deciperetur,
1685 1037 1911 1096 adulter.

215 1130 321 1182 740
360 1110 493 1167 Huc
521 1113 644 1166 licet
671 1113 701 1166 e
728 1123 848 1165 toto
871 1110 1099 1165 sollertia
1127 1110 1366 1165 confluat
1392 1112 1552 1177 orbe,

364 1185 476 1256 Ipse
503 1185 628 1239 licet
654 1184 860 1238 revolet
886 1185 1074 1237 ceratis
1102 1183 1368 1238 Daedalus
1394 1185 1514 1246 alis;

360 1256 513 1329 Quid
539 1257 726 1311 faciet?
768 1273 897 1310 num
922 1274 1009 1309 me
1035 1273 1261 1328 puerum
1288 1256 1356 1311 de
1381 1257 1589 1328 Virgine
1612 1256 1783 1312 doetis

361 1329 585 1384 Artibus
610 1329 843 1384 efficiet?
884 1346 1014 1383 num
1039 1342 1095 1384 te
1117 1328 1344 1383 mutabit
1370 1328 1587 1383 Ianthe?

359 1402 511 1475 Quin
533 1403 768 1457 animum
796 1401 997 1465 firinaS,
1036 1414 1198 1474 teque
1226 1402 1331 1474 ipsa
1354 1402 1650 1474 1·ecolligi3‚
1683 1401 1827 1475 Iphi:

214 1494 315 1546 745
354 1474 683 1548 Confiliique
709 1475 896 1545 inopes
920 1474 975 1528 &
1001 1473 1187 1530 stultos
1211 1474 1418 1530 excutis
1440 1475 1622 1545 ignes?

360 1548 514 1620 Quid
541 1548 601 1602 fis
627 1560 746 1602 nata
769 1546 923 1601 vide:
966 1548 1095 1619 (nifi
1121 1561 1176 1602 te
1200 1564 1421 1621 quoque
1448 1547 1650 1619 decipis
1675 1545 1871 1619 ipsam)

358 1621 430 1675 Et
456 1635 579 1692 pete
604 1619 754 1693 quod
778 1619 855 1674 fas
880 1619 979 1674 est:
1021 1621 1077 1674 &
1103 1638 1220 1675 ama
1236 1661 1250 1684 ‚
1288 1618 1439 1693 quod
1464 1619 1661 1674 femina
1674 1620 1851 1676 debes,

357 1692 522 1767 [Spes
549 1693 623 1748 est
650 1710 786 1767 quae
814 1693 1010 1766 capiat:
1049 1694 1164 1766 spes
1187 1694 1262 1752 est
1287 1709 1424 1767 quae
1447 1692 1619 1765 pascat
1644 1695 1937 1764 amorem]

117 1926 201 1962 720.
230 1914 374 1966 Utrique
394 1910 529 1964 dedit.]
556 1912 876 1965 UtrisqueRegius.
896 1913 981 1952 tulit
993 1914 1106 1954 etiam

69 1965 240 2005 Gronov.
272 1968 310 2005 &
343 1969 392 2006 ita
418 1968 497 2016 jam
529 1964 701 2004 Heinfius
722 1965 895 2004 ediderat.
908 1967 988 2013 furit
1013 1979 1107 2006 unus

0 2034 4 2056 ι
66 2017 222 2055 Heinfii.
250 2017 358 2053 dabat
375 2026 459 2054 tres.
478 2016 645 2065 discordia
667 2016 783 2065 dispar
806 2016 980 2055 Gronov.

119 2078 202 2112 722.
230 2069 417 2117 Qamque
434 2066 555 2123 viram?
569 2068 675 2117 pudet
694 2066 773 2116 effe,
800 2068 922 2104 virum
948 2069 1021 2112 {bre
1039 2081 1109 2106 cre·

0 2142 2 2152 ,
65 2116 151 2167 dit.]
168 2116 287 2153 Virum
303 2126 407 2165 putat
430 2118 486 2165 effe
507 2130 626 2154 varum
637 2119 804 2168 plerique
824 2127 979 2156 veteres.
1001 2128 1109 2169 putat

0 2169 18 2208 t,
65 2166 241 2217 effesuxm
260 2169 367 2215 prim.
387 2167 510 2205 Vatic.
531 2167 675 2207 Arond.
702 2168 884 2219 multique
916 2168 987 2208 alii.
1014 2181 1110 2209 unus

2 2232 19 2260 ,ι
69 2229 194 2257 meus:

118 2271 306 2318 Qamque
329 2267 451 2305 virum
464 2276 570 2317 putat
589 2268 645 2319 effe
666 2269 801 2310 virum.

0 2318 20 2337 ·“
70 2317 190 2358 Scribe
204 2347 214 2363 ‚

116 2372 306 2420 Qamque
334 2368 455 2456 ‘Zirum
492 2376 599 2417 putat
627 2370 683 2419 effe
708 2398 719 2417 ‚
755 2371 864 2421 suum
890 2374 971 2421 fere
1004 2373 1112 2411 credit

259 2427 339 2457 Iant
368 2434 393 2456 e.

22 2481 23 2509 l
69 2468 181 2509 Suum
203 2482 339 2520 nempe
360 2471 494 2508 virum.
547 2471 688 2508 Hsms.

120 2532 200 2571 723.
228 2524 307 2570 ἕξω
323 2522 405 2571 poffe
414 2521 494 2568 frui
514 2520 700 2571 desperat]
732 2522 815 2569 ἐξω
831 2520 983 2560 MS.sed
1000 2529 1109 2560 nota-

70 2581 150 2610 runt
167 2572 276 2621 aliqui
296 2573 396 2609 hune
409 2574 565 2610 Poetam
585 2572 795 2620 frequenter
814 2573 866 2610 uti
888 2573 956 2610 hac
966 2575 1108 2621 generis

25 2650 27 2658 .
72 2622 239 2672 enallage.
261 2623 463 2660 BERSMAN.
491 2624 574 2671 Qu
594 2634 679 2660 curn
700 2623 923 2660 melioribus.
960 2624 1107 2661 Hans.

121 2673 201 2718 728.
232 2674 372 2710 Perdere
398 2673 636 2722 debuerant.)
677 2673 776 2716 Alii,
814 2679 955 2709 Parcere
989 2673 1110 2710 debue-

27 2747 29 2752 ι
73 2733 162 2812 riam.
189 2725 372 2763 Neutrum
392 2723 498 2762 bene.
526 2723 585 2762 fist
606 2724 706 2762 enim
730 2723 850 2761 versus
877 2723 1110 2762 adulterinus.

96 2786 186 2812 niam.

30 2868 31 2874 ἵ
121 2836 203 2873 730.
232 2830 302 2862 Nec
334 2838 480 2862 vaccam
510 2837 637 2861 vaccae
660 2851 670 2868 ‚
711 2837 771 2860 nec
792 2837 896 2874 equas
916 2837 1016 2860 amor
1035 2825 1110 2861 urit

30 2887 32 2902 ι
76 2883 246 2923 uquarum.
272 2877 350 2912 Urit
373 2891 451 2913 oves
473 2876 560 2912 aries
581 2892 591 2912 .-
612 2876 772 2926 sequitur
785 2876 853 2925 Jisa
874 2875 1016 2922 femina
1039 2888 1108 2912 cer-

32 2931 33 2934 ’
77 2926 197 2976 vum]
230 2939 259 2964 1.
283 2929 412 2963 Amor.
433 2941 468 2963 x.
488 2938 548 2971 25(-

32 2975 33 2978 ’
123 2981 203 3014 Non
220 2991 306 3027 equa
327 2989 454 3013 munus
474 2989 599 3025 equum
614 3004 624 3021 ‚
653 2990 721 3014 non
749 2986 896 3014 taurum
920 2989 1029 3013 vacca
1047 2986 1109 3027 po-

265 3042 280 3063 ο
300 3038 344 3063 ctt
360 3056 368 3070 ‚

81 3100 85 3103 -
174 3037 262 3114 NoriJ
273 3029 361 3114 asries
378 3076 553 3125 placidam
572 3091 711 3114 munere
729 3087 844 3126 captat
862 3091 973 3115 ovem.
994 3079 1111 3117 CIOF.

124 3138 207 3177 731.
233 3127 426 3176 Cervam]
457 3132 612 3163 Taurum
632 3128 783 3166 Thuan.
804 3130 948 3176 Junian.
966 3131 1003 3167 ὃς
1016 3129 1111 3167 duo-

79 3175 192 3215 decim
210 3177 283 3216 alii.

128 3238 209 3275 732.
236 3234 408 3277 correpta.
428 3228 444 3277 ]
481 3234 653 3276 corrupta
684 3227 855 3266 Cantabr.
877 3229 915 3265 δε
935 3237 1112 3278 quatuor-

36 3270 41 3322 ἱῑ
79 3275 194 3315 decim
217 3277 284 3315 aiii.
298 3279 453 3323 feminea
473 3278 618 3316 libidine
633 3279 810 3326 quinque.

39 3327 41 3335 ’
128 3338 209 3378 734.
233 3334 333 3366 Crete
354 3329 503 3378 monstra
516 3327 657 3378 ferat.]
703 3334 830 3364 Ferant
854 3327 902 3365 est
923 3328 962 3366 in
986 3327 1109 3364 multis

200 3385 292 3417 Tem.
321 3385 367 3416 ΙΙ.

2046 1764 2210 1822 Hanc

1163 1913 1364 1955 codicibus.
1398 1913 1502 1966 quod
1534 1913 1623 1952 licet
1659 1911 1777 1963 poffet
1802 1912 1976 1959 defendi,
2011 1911 2140 1950 malim
2162 1917 2217 1951 ta*

1161 1978 1251 2005 men
1268 1995 1280 2012 ,
1318 1972 1435 2005 Cretes
1461 1965 1611 2015 monstra
1631 1967 1757 2012 ferant
1777 1993 1792 2011 ,
1825 1964 1851 2003 fi
1870 1965 1960 2015 quid
1989 1962 2212 2004 mutandum

1167 2017 1236 2115 sit.7
1245 2017 1490 2117 {LiR‘iidurum
1503 2066 1639 2105 dilexit.
1652 2065 1668 2117 ]
1706 2067 1814 2105 Haec
1836 2066 2003 2115 expreffit
2019 2064 2210 2104 manifesta

1166 2119 1376 2157 imitatione
1403 2120 1541 2157 Seneca
1560 2118 1715 2167 Hippoi.
1739 2130 1818 2166 115.
1841 2119 1879 2155 δε
1899 2117 1972 2166 seq.

1217 2171 1302 2220 738.
1328 2175 1374 2206 Et
1399 2168 1588 2219 imagine.]
1621 2175 1661 2205 In
1679 2168 1828 2217 imagine
1849 2176 1964 2216 quart.
1986 2166 2126 2204 Medic.

1216 2232 1300 2267 742.
1327 2220 1442 2258 Dialis
1462 2219 1613 2257 Artibus
1641 2218 1795 2268 efficiet.]
1837 2219 1945 2260 Imo,
1970 2217 2073 2253 [laetis
2097 2214 2206 2253 Arti-·
2282 2258 2284 2262 ¹

1165 2269 1227 2308 bus
1247 2271 1362 2319 efficiet
1378 2299 1387 2316 ,
1415 2270 1672 2320 praeeuntibus
1702 2269 1883 2308 Palatinis.
1934 2267 2040 2304 DAN.
2063 2267 2207 2306 Hiems.

1165 2324 1285 2359 Doetis
1312 2321 1447 2359 artibus
1478 2321 1690 2359 vetustiores
1727 2321 1902 2368 plerique.
1940 2317 2051 2355 redie.
2091 2329 2209 2366 quan-

1164 2384 1276 2420 quam
1311 2385 1378 2421 pro
1406 2372 1552 2421 vulgata
1584 2378 1721 2420 pugnat
1749 2371 1888 2406 amicus
1907 2367 2028 2406 noster
2047 2369 2140 2405 curis
2161 2367 2208 2406 ad

1166 2424 1335 2460 Gratium
1366 2423 1542 2460 secundis.
1584 2421 1697 2458 nullas
1725 2419 1880 2457 Daedali
1910 2427 2001 2456 artes
2028 2418 2209 2457 recensuit

1166 2473 1288 2515 Naso,
1317 2480 1459 2519 praeter
1483 2472 1673 2509 volatum:
1709 2471 1773 2519 qui
1806 2470 1866 2507 hic
1895 2469 2022 2507 locum
2043 2481 2120 2506 non
2141 2470 2208 2507 ha-

1164 2521 1341 2559 bet.mox
1352 2522 1515 2558 animum
1525 2520 1652 2568 firmas
1671 2519 1785 2565 dixit,
1812 2532 1879 2570 pro
1895 2519 2067 2568 obfirmas.
2095 2526 2208 2569 atque

1163 2572 1213 2609 ita
1233 2572 1385 2609 fortassis
1395 2570 1635 2609 scribendum.
1655 2571 1802 2608 Hfims.
1829 2571 1888 2608 Sic
1903 2582 1933 2608 1.
1949 2569 2057 2608 Pont.
2070 2582 2132 2608 111.
2147 2569 2209 2617 18<

1217 2622 1399 2659 Interdum
1422 2621 1523 2658 doeld
1537 2621 1618 2670 plus
1635 2620 1732 2657 valet
1749 2631 1825 2658 arte
1842 2620 1991 2659 malum.
2018 2621 2149 2658 BURM.

1217 2683 1300 2721 745.
1330 2674 1473 2709 Excutis
1492 2671 1619 2721 ignes.]
1673 2671 1791 2720 Exigis
1812 2672 1989 2718 Junianus
2013 2672 2050 2709 δε
2071 2670 2210 2711 Bersm.

1165 2723 1246 2760 MS.
1276 2723 1321 2760 de
1342 2735 1419 2771 quo
1442 2723 1556 2760 verbo
1576 2723 1718 2771 egimus
1744 2721 1790 2760 ad
1811 2723 1869 2760 lib.
1891 2734 1937 2759 11.
1967 2722 2050 2761 Art.
2079 2721 2210 2762 Amat.

1165 2775 1250 2823 653.
1277 2773 1337 2811 sed
1357 2774 1417 2811 lib.
1435 2785 1505 2811 vn.
1527 2785 1579 2817 17.

1216 2829 1348 2860 Excute
1364 2823 1516 2871 virgineo
1534 2831 1703 2872 conceptas
1715 2824 1843 2872 peffore
1856 2820 2040 2873 flammas.

1166 2874 1239 2912 Ubi
1261 2874 1370 2918 vide,
1403 2877 1440 2911 ὃς
1466 2887 1528 2911 111.
1551 2873 1635 2922 689.
1662 2885 1781 2910 excute
1801 2875 1896 2911 corde
1916 2885 2038 2910 metus.
2074 2870 2206 2909 Euam:

1216 2926 1298 2971 746.
1325 2924 1425 2972 Qid
1439 2923 1483 2973 sis
1506 2934 1592 2962 nata
1611 2924 1746 2974 vides]
1804 2925 1884 2962 Vide
1912 2924 2017 2961 multi
2038 2935 2082 2958 ex
2102 2922 2203 2975 casti-

1163 2975 1372 3025 gatioribus.
1399 2975 1585 3025 sequentia
1601 3004 1610 3020 ,
1633 2984 1866 3024 pete‚e7ama
1884 2973 2112 3011 confirmant.
2135 2968 2202 3007 mfi

1165 3027 1283 3064 mavis
1304 3038 1417 3071 mox,
1448 3032 1464 3063 1
1474 3036 1659 3076 pete.nam
1676 3026 1736 3064 sex
1754 3026 1896 3074 scripti,
1916 3023 1954 3060 ld
1959 3032 2042 3071 pete.
2056 3021 2202 3058 Heius.

1168 3078 1222 3116 lta
1244 3077 1306 3116 lib.
1327 3089 1379 3115 vr.
1399 3078 1483 3127 634.

1293 3128 1363 3165 Cui
1373 3126 1422 3177 fis
1443 3137 1551 3177 nupta
1567 3128 1659 3164 vide.

1219 3178 1301 3225 748.
1330 3178 1454 3227 Pascat
1475 3191 1638 3214 amorem.
1666 3177 1680 3224 ]
2080 3222 2085 3226 .

1167 3230 1423 3266 NAUGERIUS.
1476 3228 1577 3274 Piget
1606 3226 1758 3263 diversas
1785 3224 1961 3260 lectiones
1978 3220 2200 3277 adscribere,

1166 3289 1262 3324 quae
1282 3277 1361 3312 sunt
1381 3277 1568 3322 plurimae.
1625 3276 1810 3312 Nimirum
1843 3273 2032 3308 sententias
2063 3271 2122 3308 hic
2150 3270 2200 3309 est

1163 3327 1308 3364 locutus
1329 3325 1459 3374 aliquis
1481 3326 1655 3364 carnifex,
1708 3325 1809 3360 Cave
1835 3334 1935 3361 enim
1957 3320 2079 3361 credas
2103 3322 2204 3359 hunc

1644 3375 1675 3410 R
1688 3385 1703 3410 r
1714 3384 1728 3410 r
1737 3383 1754 3410 r
2057 3373 2205 3411 versum

1713 3175 1754 3213 In
1781 3172 1963 3212 nonnullis
1977 3198 1987 3215 ,
2005 3168 2203 3208 amantem}
