2483 3616
689 164 750 220 P.

828 159 1241 220 OVIDII
1314 157 1848 215 NASONIS

497 267 661 326 Hanc
685 267 836 323 Deus
862 266 1191 327 arcitenen3‚
1231 261 1287 316 ἅτ
1314 278 1608 335 numquam
1634 264 1822 320 talibus
1847 265 2022 320 armis-

500 345 677 405 Ante‚
714 340 809 394 nifi
834 341 890 394 in
914 339 1083 393 damis
1107 334 1419 408 capreisque
1444 335 1721 406 fugacibus
1738 376 1753 400 ‚
1793 338 1911 392 usus
1927 376 1944 400 ,

497 413 654 470 Mille
681 431 899 484 gravem
921 412 1068 474 teliS,
1105 407 1352 464 exhausta
1376 425 1514 479 pene
1540 407 1787 480 pharetra
1799 449 1823 474 ,.

499 486 748 542 Perdidit
764 525 778 549 ‚
815 483 982 539 effuso
1009 501 1108 556 per
1131 482 1351 536 vulnera
1375 481 1525 552 nigra
1549 497 1777 535 veneno,

361 581 462 633 445
502 561 655 617 Neve
684 558 859 631 operis
883 557 1081 612 famam
1103 553 1264 628 poffit
1286 553 1466 608 delere
1502 552 1730 609 vetustas
1746 593 1776 619 ,.

507 633 735 688 instituit
760 632 930 685 sacros
955 629 1153 684 celebri
1180 626 1471 682 certamine
1495 624 1678 690 ludos,

503 705 724 778 Pythia,
764 704 833 758 de
861 703 1098 757 domitae
1121 699 1378 772 serpentis
1403 698 1622 753 nomine
1650 698 1840 755 diffitos.

508 778 616 833 His
636 778 893 848 juvenum
919 776 1250 848 quicumque
1278 788 1467 834 mann,
1503 772 1830 842 pedibusve,
1869 776 2065 831 rotave.

506 851 557 906 V
565 851 759 910 ice1·at;
802 848 1067 901 aesculeae
1092 843 1332 918 capiebat
1357 843 1565 898 frondis
1591 845 1870 902 honorem.

365 944 467 996 450
506 922 766 978 Nondum
788 920 961 974 laurus
987 930 1130 980 erat;
1173 918 1447 990 longoque
1473 916 1723 973 decentia
1751 921 1897 975 crine

508 995 788 1067 Tempora
813 992 1059 1065 cingebat
1086 991 1155 1046 de
1180 989 1416 1065 qualibet
1440 988 1630 1047 arbore
1654 991 1921 1048 Phoebus,

265 1201 349 1252 2443.
377 1197 564 1248 Gravem]
593 1197 710 1235 Gravi
736 1196 917 1246 Bernegg.
951 1207 985 1233 a<
1006 1207 1121 1234 manu
1141 1195 1262 1244 prima

220 1253 258 1292 a&
278 1254 346 1291 alii.
374 1252 490 1290 bene:
516 1249 644 1286 Livius
666 1248 836 1286 Andron.
860 1249 1001 1284 Inone:

274 1304 448 1354 Preffaque
462 1302 543 1351 jam
561 1300 716 1350 gravida
730 1300 890 1349 crepitent
902 1298 966 1335 tibi
979 1308 1072 1348 terga
1080 1297 1261 1348 pharetra.

217 1354 318 1392 Silius
340 1355 397 1392 lib.
426 1364 499 1390 vn.

271 1403 491 1452 Monstrabat
508 1402 701 1451 gravidam
722 1401 796 1438 telis
809 1400 956 1449 fiefi’rre
971 1400 1191 1450 pharetram„
1209 1433 1212 1436 ,

222 1456 366 1494 Petron,
393 1455 438 1492 de
459 1454 555 1490 bello
579 1453 699 1490 civili:

270 1515 399 1544 Haeret
421 1505 567 1541 detritus
589 1504 710 1541 laevae
734 1503 938 1540 Mavortius
960 1502 1061 1540 umbo
1075 1531 1086 1548 ,

271 1555 584 1594 Innumerabilibus
616 1555 691 1592 telis
720 1554 853 1604 gravis,
895 1555 1101 1591 HEINSIUS.
1139 1553 1206 1591 Ita*
1228 1554 1266 1591 &

222 1608 468 1656 Zinzerlingio
492 1617 572 1654 cap.
608 1604 925 1643 L1,‚Proniuls1dis
947 1605 1083 1654 placuit
1097 1632 1108 1650 ‚
1134 1616 1180 1642 cx
1202 1604 1264 1642 illo
1282 1643 1286 1646 c

217 1659 366 1696 Horatii
389 1671 415 1694 1=
432 1656 512 1695 Od.
534 1668 591 1693 22.

271 1708 452 1746 Venenatis
469 1707 624 1756 gravida
638 1706 783 1756 sagittis
799 1707 971 1755 pharetra
986 1711 1011 1752 ,ss

218 1758 301 1808 Ego
323 1766 450 1796 tamen
471 1769 550 1795 non
570 1757 689 1805 probo
710 1757 806 1794 hanc
827 1757 1030 1795 lectionem
1047 1786 1058 1803 ‚
1085 1769 1181 1807 quae
1194 1759 1264 1795 mi-

223 1809 257 1846 hi
280 1809 415 1858 aliquid
436 1808 546 1845 scabri
557 1807 683 1845 sonare
695 1807 850 1844 videtur.
879 1820 922 1846 cy
928 1810 1035 1856 gravi
1059 1809 1155 1846 mille
1166 1808 1242 1846 telis
1256 1838 1266 1854 ,

219 1859 383 1906 exhausta
410 1858 578 1908 pharetra
614 1856 837 1894 inconcinne
865 1858 970 1907 jungi
1004 1867 1094 1907 puto
1120 1888 1130 1903 ‚
1166 1868 1206 1897 ut
1229 1861 1267 1897 ὃς

222 1910 410 1947 Pontanus
433 1908 530 1946 redte
553 1908 707 1946 notavit.
730 1915 917 1955 praeterea
929 1910 1141 1957 Pythonem
1165 1908 1269 1948 fuiffe

225 1969 422 1997 oneratum
463 1959 594 2008 sagittis
635 1959 678 1996 ab
724 1958 900 2006 Apolline
949 1960 1041 1998 ultra
1085 1960 1243 1998 modum
1258 1991 1268 2007 ,

220 2010 377 2048 ostendit
411 2011 540 2048 Statius
571 2009 629 2047 lib.
664 2023 698 2046 v.
736 2021 818 2059 532.
865 2021 979 2060 quem
1012 2011 1139 2049 locum
1172 2012 1270 2050 redte

218 2061 404 2101 Fontanus
426 2060 594 2099 adduxit:

534 2117 648 2148 Donec
675 2110 761 2156 tibi,
790 2111 913 2156 Delie,
934 2111 1032 2159 fixus

275 2164 377 2200 Vexit
397 2162 631 2199 arundineam
654 2172 790 2198 centeno
814 2162 956 2199 vulnere
971 2162 1118 2212 filvam.

224 2213 301 2250 ‘Ubi
313 2224 448 2250 centeno
469 2213 612 2249 vulnere
633 2224 676 2249 ex
698 2212 843 2250 historia
866 2213 1025 2251 fabulosa
1047 2215 1146 2252 recie
1159 2215 1267 2256 dicit:

221 2272 278 2301 tot
312 2264 411 2301 enim
442 2263 573 2312 sagittis
603 2262 750 2300 stratum
786 2261 855 2300 esse
886 2264 1033 2301 tradunt
1059 2294 1068 2309 ,
1117 2267 1155 2303 &
1186 2268 1272 2305 inde

223 2314 354 2351 ἕκατον
385 2314 525 2351 dicium
559 2314 636 2351 vult
672 2313 835 2360 Julianus
867 2314 975 2362 Epist.
1011 2328 1113 2353 xxxv.
1153 2319 1192 2354 &
1223 2319 1273 2356 ita

229 2365 353 2411 paffim
377 2364 557 2404 vulnerati
576 2378 703 2413 graves
729 2364 807 2401 telis
831 2393 841 2409 ,
881 2365 1089 2404 vulneribus
1111 2368 1182 2405 &o
1217 2368 1272 2407 di-

228 2423 368 2452 cuntur.
392 2416 498 2452 Idem
523 2415 653 2452 Statius
676 2415 736 2452 lib.
759 2428 810 2452 ιχ.
833 2427 892 2464 43.

281 2472 314 2501 It
327 2465 464 2512 moestus
473 2479 584 2513 genua
595 2479 696 2513 aegra
709 2465 864 2510 trahens,
877 2465 1077 2518 hastamque
1080 2468 1279 2520 sequentem

280 2515 482 2552 Vulneribus
505 2528 560 2552 ceu
582 2516 676 2552 mille
695 2518 817 2564 gravis
833 2545 843 2562 ,
868 2518 1017 2568 totosque
1031 2528 1093 2568 per
1114 2532 1214 2559 artus

281 2572 434 2602 Saucms.
450 2602 453 2603 γ

232 2616 359 2653 Livius
379 2616 437 2653 lib.
451 2627 649 2654 xxxvnzo.
678 2621 726 2653 Eo
745 2619 868 2665 gravis
888 2618 1090 2657 vulneribus
1112 2622 1276 2661 Alexan-

230 2666 291 2702 der
312 2671 484 2702 Acarnan
499 2694 509 2709 ‚
533 2667 677 2702 nuntius
704 2669 869 2716 adversae
887 2679 1018 2717 pugnae
1033 2698 1043 2713 ‚
1072 2685 1180 2720 quum
1197 2683 1276 2723 per-

222 2716 371 2765 fugisset.
410 2715 571 2763 Vellejus
596 2717 768 2753 Patercul.
802 2730 848 2754 11.
883 2730 960 2766 cap.
996 2732 1053 2768 55⁶
1100 2725 1277 2774 Pompejus

225 2768 346 2816 gravis
372 2766 519 2804 vulnerer
535 2766 723 2810 inventus,
761 2767 853 2804 inter
866 2768 1072 2815 solitudines
1095 2774 1199 2810 avias
1221 2775 1277 2811 in-

228 2828 403 2856 teremtus,
440 2817 562 2866 gravis
600 2817 640 2853 de
672 2816 815 2853 vulnere
840 2846 852 2863 ‚
900 2818 990 2856 dixit
1032 2821 1114 2858 Val.
1160 2824 1277 2862 Flacc.

229 2880 283 2905 vx.
307 2869 368 2917 65.

342 2926 487 2964 Dathin
501 2926 757 2965 Achaemeniae
773 2929 917 2976 gravior
930 2931 970 2966 de
992 2932 1137 2971 vulnere
1143 2944 1278 2985 pugnae

283 2977 385 3028 Mifit
407 2979 447 3014 in
469 2992 572 3014 arma
595 2984 746 3028 Daraps.

232 3044 278 3080 Et
301 3054 391 3081 vers.
407 3041 489 3092 3531ss
507 3051 552 3082 ,ut
574 3042 672 3080 reete
695 3041 762 3078 viri
784 3042 883 3080 docti
906 3044 1151 3085 constituunt-2

541 3105 602 3142 Ille
623 3106 684 3142 diu
706 3105 858 3154 conjeclis
871 3106 1000 3155 sufficit
1025 3109 1129 3158 hastis
1143 3140 1153 3156 ‚

287 3151 377 3196 Qis
394 3154 562 3203 gravior,
590 3167 745 3208 nutuque
768 3170 884 3193 carens
905 3162 1076 3197 exterruit
1104 3166 1215 3199 Idam=

237 3209 402 3309 gin-atur
432 3231 542 3267 porro
574 3219 673 3262 hunc
706 3219 835 3269 Ovidii
867 3221 993 3262 locum
1018 3224 1148 3265 Statius
1167 3226 1226 3266 h'b.
1250 3238 1278 3267 1·

244 3274 269 3293 >0
288 3272 339 3302 7

2209 1068 2378 1126 FAEe

1370 1194 1521 1232 Perculit
1534 1223 1544 1240 ‚
1571 1194 1759 1246 absumptis
1782 1194 1961 1244 numerosa
1982 1195 2020 1234 in
2042 1195 2192 1235 vulnera
2213 1198 2301 1238 telis.

1318 1244 1578 1284 BURMANNUS.

1372 1308 1455 1343 447.
1482 1297 1614 1346 Pythia
1638 1298 1850 1348 perdomitae
1881 1297 1981 1348 erc]
2008 1299 2098 1336 Hoc
2126 1311 2277 1349 quoque
2307 1300 2368 1339 lo·‘

1323 1358 1370 1385 co
1409 1356 1484 1385 vet.
1517 1359 1648 1386 omnes
1680 1349 1815 1386 habent
1846 1349 2013 1398 Phythia.
2053 1349 2273 1389 CIOFANUS.
2311 1364 2372 1389 re=

1325 1397 1414 1436 &ius
1447 1399 1486 1435 de
1512 1399 1662 1436 domitae
1698 1400 1883 1438 meliores.
1916 1413 1984 1449 pro
2018 1401 2083 1437 Hic
2114 1401 2215 1439 versu
2242 1403 2371 1451 proxi-

1324 1460 1390 1486 mo
1424 1450 1582 1499 Neapol.
1621 1451 1660 1488 ὃς
1699 1450 1876 1489 secundus
1909 1452 2100 1489 Mediceus
2134 1464 2219 1490 cum
2264 1453 2371 1491 codi-

1324 1511 1366 1537 ce
1388 1501 1564 1548 johannis
1588 1501 1745 1552 Georgii
1767 1502 1917 1540 Graevii
1935 1502 2003 1540 viri
2025 1502 2223 1541 doetiffimi.
2243 1532 2254 1549 ,
2291 1505 2370 1543 His.

1326 1551 1531 1590 Hnmsms.

1374 1615 1456 1652 449.
1485 1603 1683 1654 Esculeae.]
1713 1604 1896 1641 Herculeae
1926 1604 2062 1643 habent
2084 1613 2242 1655 quatuor
2264 1606 2368 1644 codi-

1322 1665 1380 1691 ces
1395 1683 1406 1699 ,
1433 1655 1613 1703 &margo
1637 1655 1804 1703 Gryphii.
1826 1654 1928 1705 quod
1948 1668 2063 1706 nuper
2083 1657 2231 1706 arripuit
2251 1657 2391 1695 erudi-v

1321 1705 1472 1743 tiffiinus
1494 1706 1639 1743 Auelor
1661 1704 1914 1743 dissertationis
1935 1708 1973 1745 in
1996 1706 2191 1745 Historiae
2211 1708 2370 1746 Criticae

1322 1756 1491 1804 Reipubl.
1524 1757 1722 1794 Literariae
1743 1765 1838 1794 tom.
1862 1770 1890 1794 1.
1912 1769 1947 1806 p.
1974 1771 2053 1806 159.
2083 1758 2128 1796 de
2151 1770 2224 1808 qua
2245 1759 2375 1808 conje-

1324 1806 1423 1844 <stura
1446 1807 1535 1857 quid
1556 1807 1732 1845 censuerit
1754 1807 1809 1844 vir
1830 1808 2082 1856 Ampliffimus
2115 1809 2213 1847 Gisb.
2247 1810 2373 1858 Cupe-

1323 1869 1382 1895 rus
1396 1887 1407 1903 ,
1429 1858 1529 1896 malo
1562 1858 1668 1908 ipsius
1689 1858 1806 1896 verbis
1820 1887 1830 1903 ‚
1843 1870 1939 1908 quae
1959 1860 2050 1898 olim
2073 1859 2118 1898 ad
2141 1871 2203 1898 me
2225 1860 2373 1908 perscri-

1324 1907 1415 1958 psit,
1441 1909 1571 1947 lecftori
1592 1921 1745 1947 narrare.
1774 1909 1932 1947 Invenio
1953 1911 1991 1948 in
2014 1918 2123 1948 tomo
2156 1923 2183 1948 1.
2214 1910 2260 1949 de
2292 1910 2374 1948 l’hi-

1319 1959 1420 2007 stoire
1443 1961 1537 1997 Criti
1563 1974 1602 1998 ue
1624 1962 1663 1997 de
1684 1960 1720 1997 la
1743 1960 1948 2011 Republique
1969 1963 2024 1999 des
2059 1968 2213 2008 Lettres‘,
2251 1959 2375 2000 disser-

1327 2011 1507 2049 tationem
1559 2023 1578 2048 e
1610 2011 1777 2060 praemio
1792 2039 1802 2056 ‚
1826 2011 1930 2061 quod
1952 2013 2045 2050 olim*
2066 2013 2216 2051 dabatur
2241 2012 2377 2051 vietori

1327 2060 1501 2100 ludorum
1540 2063 1780 2111 Pythicorum
1810 2091 1820 2107 ,
1874 2063 1912 2100 δε
1950 2062 2082 2100 differit
2118 2064 2173 2100 vir
2213 2063 2373 2101 eruditus

1329 2111 1375 2149 de
1405 2113 1492 2150 loco
1528 2113 1658 2150 Ovidii
1687 2113 1749 2151 lib.
1786 2126 1812 2149 1.
1845 2114 2101 2162 Metamorph.
2132 2114 2195 2151 ubi
2227 2114 2346 2152 canit:

1378 2165 1444 2200 Hic
1448 2166 1625 2214 juvenum
1638 2164 1829 2214 quicunque
1841 2179 1952 2201 manu
1965 2194 1975 2209 ‚
1984 2165 2188 2215 pedibusque
2202 2193 2212 2209 ‚
2225 2175 2347 2201 rotave

1379 2215 1514 2251 Vicerat
1529 2243 1539 2260 ,
1557 2219 1851 2252 HERCULEAE
1873 2216 2024 2265 capiebat
2039 2217 2180 2263 frondis
2202 2215 2375 2253 honorem,
2392 2247 2396 2249 i

1330 2273 1506 2314 putatque
1527 2266 1625 2302 illam
1647 2265 1848 2303 lefflonem
1871 2265 2148 2314 praeferendam
2173 2263 2243 2302 effe
2276 2265 2377 2303 alteri

1329 2315 1479 2354 lestioni
1495 2345 1505 2361 ,
1531 2328 1626 2366 quae
1638 2316 1743 2353 nobis
1755 2328 1821 2365 pro
1835 2316 2017 2354 Herculeae
2031 2345 2041 2362 ,
2055 2316 2116 2354 dat
2128 2321 2157 2351 E
2151 2315 2295 2364 sculeae.
2320 2316 2377 2355 id-

1328 2377 1402 2415 que
1434 2367 1544 2412 ideo,
1573 2366 1836 2416 -quiaYEsculus
1859 2368 1908 2405 est
1930 2367 2095 2405 dedicata
2126 2367 2236 2415 Jovi,
2269 2368 2308 2405 δε
2330 2366 2380 2405 ob

1336 2417 1418 2455 alias
1452 2419 1636 2463 rationes,
1674 2430 1769 2468 quae
1799 2417 1889 2455 mihi
1920 2417 2120 2456 levidenses
2143 2418 2301 2455 omnino
2322 2417 2378 2454 vi-

1336 2468 1468 2506 dentur
1500 2467 1583 2507 effe.
1618 2469 1812 2518 praecipua
1843 2477 1970 2506 tamen
2003 2469 2051 2506 est
2075 2497 2085 2513 ‚
2132 2476 2277 2516 praeter
2298 2467 2379 2517 jam

1336 2529 1585 2558 memoratam
1601 2549 1611 2565 ,
1639 2534 1702 2570 que
1725 2521 1754 2557 le
1767 2523 1864 2570 po'e'te
1883 2520 1926 2557 ici
1940 2519 2018 2566 fait
2038 2517 2182 2569 allufien
2204 2532 2276 2555 aux
2299 2519 2379 2555 ieux

1336 2571 1556 2621 Olympiques
1586 2572 1749 2618 instituez
1775 2580 1843 2620 par
1874 2569 2039 2614 Hercule,
2076 2569 2238 2618 longtems
2259 2579 2378 2606 avant

1334 2619 1606 2671 l'e‘tabliffement
1628 2623 1684 2658 des
1705 2622 1784 2658 ieux
1806 2620 2005 2670 Pythiques.
2060 2625 2109 2656 Or
2123 2648 2133 2665 ‚
2169 2619 2353 2669 adjout’-il
2367 2647 2378 2664 ‚

1333 2681 1409 2707 tout
1431 2672 1460 2706 le
1481 2672 1604 2707 monde
1616 2671 1711 2718 ssait
1724 2698 1735 2715 ‚
1757 2683 1821 2720 que
1841 2669 1878 2706 la
1899 2684 2063 2707 couronne
2085 2671 2263 2708 d'Hercule
2287 2699 2298 2716 ,
2336 2682 2380 2710 &⁶
2398 2690 2399 2693 ¹

1333 2720 1374 2756 de
1404 2734 1488 2769 feux
1520 2721 1580 2771 qui
1611 2721 1813 2758 devenoient
1844 2721 2057 2772 vainqueurs
2088 2721 2177 2758 dans
2209 2721 2253 2759 les
2275 2721 2381 2765 ieux,

1334 2769 1418 2807 etoit
1444 2771 1615 2808 d’Olivier
1636 2777 1804 2821 sauvage.
1858 2771 1928 2810 Sed
1962 2771 2054 2809 mihi
2073 2772 2165 2810 haec
2188 2780 2278 2810 nota
2299 2783 2380 2810 non

1330 2828 1408 2859 tam
1430 2821 1566 2871 liquida
1587 2822 1732 2860 videtur
1752 2851 1763 2868 ,
1804 2823 1843 2860 δε
1863 2821 1888 2859 fi
1911 2822 2118 2872 respicimus
2144 2823 2302 2870 primam
2325 2823 2382 2860 in-

1332 2872 1558 2911 stitutionem
1581 2874 1801 2923 Pythiorum
1816 2902 1826 2918 ‚
1849 2874 1976 2923 utique
1988 2873 2037 2911 illi
2047 2873 2122 2911 ludi
2135 2885 2221 2911 cum
2245 2873 2382 2922 Olym·-

1333 2923 1399 2971 piis
1421 2933 1557 2961 certare
1578 2922 1721 2972 poffent
1743 2924 1788 2962 de
1809 2924 2034 2974 antiquitate.
2088 2924 2188 2961 Nam
2221 2935 2265 2960 ex
2301 2922 2382 2971 opi-

1334 2974 1448 3011 nione
1471 2975 1599 3012 Ovidii
1620 2975 1760 3024 Apollo
1780 2975 1886 3024 hujus
1909 2975 2122 3012 celebritatis
2145 2973 2285 3012 auctor.
2306 2971 2378 3022 ipse

1334 3024 1393 3061 lib⁰
1421 3037 1450 3062 1„
1470 3026 1631 3062 Metam.

1386 3081 1485 3111 Neve
1506 3077 1607 3125 operis
1622 3077 1767 3123 famam
1784 3075 1885 3126 poffet
1907 3077 2013 3114 delere
2024 3074 2191 3122 vetustas,

1385 3125 1541 3172 Instituit
1554 3127 1669 3175 [Δῖνος
1688 3127 1804 3163 celebri
1826 3128 2012 3165 certamine
2033 3127 2144 3170 ludos,

1385 3176 1533 3224 Pythica
1552 3177 1737 3226 perdomiti
1751 3177 1917 3227 sterpentis
1940 3178 2076 3215 nomine
2101 3177 2217 3213 dic‘los.

1335 3225 1468 3263 Pateor
1499 3239 1563 3275 per
1596 3227 1706 3264 breve
1739 3235 1885 3277 tempus
1916 3228 1994 3265 illos
2028 3226 2130 3265 fuiffe
2154 3226 2356 3265 celebratos
2369 3231 2384 3273 ,'

1332 3276 1372 3316 ὅ(
1383 3277 1544 3325 primum
1567 3277 1611 3316 ab
1623 3278 1960 3329 Amphictyonibus
1981 3286 2178 3319 renovatos
2189 3278 2306 3365 Anoqo
2319 3289 2386 3315 1110

2281 3337 2384 3377 YmP·
