2483 3616
0 2869 2 2960 Q

308 171 1557 242 METAMORPHOSEON
1630 184 1777 243 Lm.
1836 191 2006 248 XIII.
2116 206 2219 266 925

73 296 172 357 qui,
203 288 221 317 ‘¹
254 301 302 338 ut
337 291 517 351 Scyllam
543 289 785 337 Crataeidis
804 290 953 351 filiam
974 327 990 352 ,
1035 295 1170 342 eodem
1192 302 1306 345 mari
1330 301 1598 361 versantem,
1643 301 1875 364 conspexit,
1901 308 2216 366 pulchritudine

71 358 157 419 ejus
180 363 196 383 ⁶
228 357 417 417 accensus
437 356 519 416 est,
553 370 680 416 quam
700 372 749 401 ne
771 357 939 418 adloqui
953 360 1113 420 postet,
1147 368 1261 410 mari
1283 367 1497 413 recondita
1520 367 1590 428 ιβ.

358 449 694 587 DEfierat
721 449 941 505 Galatea
968 453 1116 524 loqui
1145 471 1156 505 :
1195 467 1465 527 coetuque
1492 454 1667 510 soluto

508 523 804 578 Discedunt
829 542 841 578 :
881 525 1211 598 placidisque
1235 541 1416 582 natant
1442 528 1708 583 Nereides
1733 529 1909 586 undis.

208 613 313 670 900
354 597 523 667 Scylla
549 596 689 650 redit
715 615 726 650 :
767 600 968 669 (neque
991 598 1134 652 enim
1162 599 1345 654 medio
1368 599 1420 653 se
1444 600 1667 654 credere
1692 617 1864 674 ponto

349 669 561 735 Audet)
589 669 643 722 ἃ
669 683 756 723 aut
786 669 961 723 bibula
988 670 1094 725 fine
1119 670 1344 726 vestibus
1369 684 1506 726 errat
1531 676 1721 736 arena;

353 744 469 796 Aut
496 741 587 795 ubi
611 741 780 795 laflata
805 742 909 805 est,
948 742 1191 797 seduci&
1220 744 1367 798 nacta
1392 743 1620 798 recessus

353 814 595 885 Gurgitis
613 859 625 874 ‚
646 815 859 887 vinclusa
885 814 970 868 sua
996 815 1236 869 membra
1262 816 1537 888 refrigerat
1564 817 1724 872 unda.

353 885 500 941 Ecce
527 887 725 940 fretum
751 886 956 940 finde-ns
981 888 1069 940 alti
1095 905 1265 943 novus
1288 890 1461 943 incola
1486 892 1669 961 ponti,

210 975 310 1029 905
348 960 534 1031 Nuper
557 959 612 1012 in
640 957 885 1012 Euboica
911 959 1069 1012 versis
1096 961 1428 1016 Anthedone
1454 962 1736 1027 membri8‚

352 1032 588 1086 Glaucus
612 1029 757 1084 adest
781 1048 792 1084 ε
835 1029 1078 1102 visaeque
1105 1034 1358 1104 cupidine
1385 1035 1599 1105 virginis
1624 1035 1832 1090 haeret:

351 1103 457 1167 Et,
497 1120 868 1176 quaecumque
893 1116 1041 1173 putat
1067 1103 1364 1175 fugientem
1396 1106 1541 1177 poffe
1569 1109 1793 1170 morari,

350 1175 532 1230 Verba
558 1175 721 1229 refert
747 1193 758 1228 :
799 1175 937 1246 fugit
963 1175 1046 1229 illa
1075 1189 1253 1231 tamen
1279 1197 1290 1231 ε
1333 1181 1598 1250 veloxque
1625 1179 1821 1234 timore

349 1249 601 1303 Pervenit
626 1248 678 1301 in
707 1248 967 1302 summum
996 1248 1150 1320 positi
1179 1268 1347 1322 prope
1372 1252 1527 1304 litora
1553 1254 1767 1306 montis.

202 1339 304 1389 910
343 1323 491 1374 Ante
516 1320 713 1374 fretum
740 1319 813 1372 est
836 1320 1052 1391 ingens,
1077 1322 1281 1393 apicem
1310 1322 1559 1378 colleclus
1586 1324 1641 1378 in
1668 1341 1865 1386 unum,

344 1392 536 1465 Longa
562 1392 669 1447 sine
696 1391 972 1448 arboribus
998 1410 1274 1451 convexus
1304 1397 1371 1450 ad
1403 1413 1635 1469 aequora
1662 1410 1865 1452 vertex.
2057 1470 2105 1525 C

2110 1488 2207 1527 on-

56 1600 225 1643 Emenda
242 1604 370 1643 locum
391 1604 483 1643 Festi
512 1604 648 1643 Avieni
668 1604 924 1654 Descriptione
956 1605 1066 1644 Orbis
1085 1610 1097 1652 ;
1204 1610 1371 1657 Qaeque
1388 1617 1494 1645 natat
1515 1606 1611 1657 clufis
1633 1606 1790 1657 anguilla
1809 1607 1987 1655 domestica
2007 1607 2170 1658 lymphis.

53 1653 107 1697 Jlss.
143 1657 246 1694 1166.
280 1656 343 1705 qui
370 1656 484 1704 vulgo
512 1656 804 1693 mendosissimus
834 1657 1097 1696 circumfertur.
1151 1665 1302 1696 secretus
1333 1659 1503 1707 conclusae
1536 1659 1676 1707 uliginis
1712 1659 1835 1695 humor
1858 1659 2026 1697 Ausonio
2057 1661 2093 1696 in
2118 1659 2206 1707 Epi-

48 1715 120 1744 nos
144 1707 288 1755 vestigia
309 1707 435 1743 vetusti
457 1707 592 1743 codicis
612 1706 721 1743 secuti
742 1706 876 1744 sumus.
1152 1710 1260 1747 stolis.
1297 1710 1442 1746 Hiems.
1478 1710 1632 1757 Gurgitis
1664 1708 1786 1758 inclusi
1811 1710 1968 1758 Argent.
2003 1709 2041 1746 in
2060 1708 2203 1754 summa

103 1758 203 1805 §Quin
225 1769 268 1797 ω’
288 1756 387 1803 vasta
402 1756 503 1806 palus
524 1756 633 1792 medio
652 1757 857 1803 distenditur
875 1770 968 1805 agro.
1155 1761 1325 1798 Gronov.
1356 1760 1394 1796 in
1423 1759 1537 1806 clausa
1562 1760 1699 1797 Medic.
1716 1760 1754 1796 in
1776 1758 1910 1808 liquida
1931 1771 2023 1797 unus
2044 1757 2206 1797 Heinfii.

104 1808 290 1844 Maximus
311 1807 403 1844 hanc
414 1806 529 1857 flullu
551 1808 660 1854 Tigris
680 1809 829 1856 insecat,
857 1807 972 1844 intrat
990 1808 1098 1857 aperti
1153 1811 1191 1849 in
1212 1811 1308 1847 clara
1334 1809 1472 1848 Medic.
1493 1810 1594 1847 alius.
1621 1810 1790 1858 immensa
1811 1811 1981 1848 Gronov.
2002 1817 2085 1846 tert.

104 1863 209 1908 Terga
222 1859 326 1895 lacus.
341 1858 452 1906 stupet
463 1856 667 1905 undafilens
682 1886 690 1900 ‚
711 1859 910 1908 tacitaeque
922 1857 1075 1906 refidunt
1205 1874 1288 1910 904.
1316 1867 1455 1897 Fretum
1474 1860 1678 1910 Jbindensi]
1718 1860 1822 1898 Malo
1844 1860 1982 1907 findens
1996 1887 2007 1904 ,
2037 1871 2081 1896 ex
2104 1858 2201 1897 duo-

101 1912 265 1959 Aequora
284 1908 462 1958 Thofippes.
488 1909 678 1951 fhlidarum
700 1909 845 1957 denique
866 1923 957 1946 more
1151 1911 1227 1950 bus.
1254 1914 1289 1950 in
1312 1911 1472 1949 Florem.
1492 1911 1527 1949 S.
1547 1912 1665 1949 Marci
1689 1912 1728 1948 &
1744 1920 1826 1949 tert.
1844 1911 1993 1948 Bonon.
2013 1911 2104 1955 freto
2116 1910 2202 1957 stri-

103 1959 268 2006 Riparum
281 1959 395 2008 stagni
406 1958 515 2004 facies
529 1958 661 2007 inclusa
682 1960 833 2009 quiescit.
1150 1963 1245 2000 dens.
1275 1974 1367 2001 unus
1387 1961 1525 2000 Medic.
1548 1963 1585 1999 δε
1607 1974 1698 1999 unus
1718 1963 1809 2010 Reg.
1821 1962 1959 2008 fretum
1973 1960 2205 2010 findernam,

108 2011 350 2058 Inveelumque
359 2008 440 2058 sinu
461 2009 614 2046 cohibens
635 2009 836 2057 altrinsecus
855 2023 1009 2048 amnem.
1142 2015 1280 2060 fretum
1295 2013 1490 2062 stringens?
1514 2022 1552 2050 ut
1570 2013 1663 2050 libro
1687 2025 1738 2050 xi.
1762 2023 1848 2061 733.

52 2056 223 2097 Secundo
253 2059 354 2096 versu
383 2061 425 2095 τὸ
453 2059 579 2107 insecat
600 2061 806 2106 exciderat,
833 2061 936 2110 quod
956 2073 1025 2099 nos
1047 2074 1092 2099 ex
1202 2080 1567 2130 Stringebassummas
1585 2079 1654 2117 ales
1675 2079 1877 2129 miserabilis
1899 2079 2025 2118 unda„

50 2107 194 2146 vetusto
225 2108 353 2146 codice
379 2112 645 2149 revocavimus.
664 2113 781 2155 *tertio
814 2112 917 2149 versu
941 2111 1093 2161 reficiunt

48 2158 356 2203 emendavimus,
392 2170 476 2196 curn
505 2159 593 2198 liber
622 2163 791 2212 antiquus
811 2162 972 2199 recedunt
990 2164 1092 2200 exhi·
1148 2146 1243 2184 libro
1265 2158 1320 2183 IV·
1350 2147 1435 2193 562·
1466 2197 1473 2203 ,
1704 2194 1710 2201 ,
1863 2194 1869 2200 ,
1992 2191 1999 2198 ,

50 2207 163 2246 beret.
196 2210 364 2258 quamvis
392 2210 430 2246 &
457 2210 643 2258 vulgatum
664 2213 868 2250 recumbunt
888 2213 1005 2262 potest
1029 2213 1093 2251 ad,
1198 2203 1354 2245 AEquora
1374 2196 1585 2245 destringunt
1598 2196 1727 2242 sumtis
1746 2193 1928 2246 Ismenides
1947 2192 2027 2231 alls.

48 2259 242 2308 mitti.pro
259 2259 370 2306 facies
388 2259 494 2307 inscia
513 2263 902 2311 correximus,inclusa.
931 2275 1094 2301 cumco-
1149 2256 1342 2299 Claudiam.
1361 2262 1422 2299 lib.
1445 2275 1489 2299 11.
1518 2262 1555 2299 in
1580 2260 1690 2297 StiliC.
1717 2269 1802 2307 273·

34 2308 120 2351 ,dex
143 2321 256 2348 manu
278 2319 440 2348 exaratus
461 2309 723 2351 Ambrofianae
741 2314 985 2352 bibliothecae
1007 2314 1094 2351 inciu
1201 2313 1457 2350 Transvehitur
1470 2311 1627 2360 Thuscos,
1645 2308 1935 2358 Appenninusque
1944 2306 2068 2345 volatu
2080 2308 2198 2347 Strinss

38 2359 86 2409 sa
105 2361 304 2398 exhiberet.
318 2360 420 2410 quod
431 2372 499 2398 nec
511 2362 666 2400 omnino
679 2363 941 2402 damnandum.
960 2365 1093 2402 ultimo
1146 2360 1254 2409 gitur.
1282 2363 1388 2410 poffis
1411 2365 1520 2402 etiam
1539 2392 1547 2405 ‚
1572 2362 1706 2405 fretum
1723 2359 1858 2396 radem-
1888 2359 2031 2395 Hfims.

46 2411 150 2449 versu
171 2423 237 2460 pro
248 2411 317 2460 fibi
339 2424 384 2450 ex
405 2410 541 2449 eodem
564 2413 691 2450 codice
706 2412 788 2461 sinu
817 2415 1095 2460 depromfimus.
1201 2413 1287 2460 906.
1316 2413 1477 2463 Visaeque
1507 2412 1661 2461 cupidine
1691 2410 1838 2457 virginis
1867 2408 2006 2458 ardet.]
2047 2412 2198 2455 Haeret,

43 2473 186 2499 amnem
214 2475 280 2511 pro
312 2475 431 2500 amnes
458 2462 599 2500 nostrae
622 2463 669 2501 est
691 2463 936 2511 conjecturae.
989 2465 1093 2503 Idem
1153 2461 1188 2498 S.
1210 2464 1349 2500 Marci.
1379 2464 1537 2512 Neapol.
1560 2462 1691 2499 Urbin.
1709 2461 1779 2498 sec.
1800 2459 1909 2497 Palat.
1931 2460 2061 2496 Oxon.
2084 2460 2196 2498 &sex

44 2511 211 2551 Avienus
233 2515 310 2551 Ora
333 2514 519 2551 Maritima
534 2541 544 2558 ‚
571 2526 651 2561 542.
1152 2513 1211 2549 alii
1233 2525 1278 2549 ex
1298 2514 1522 2552 melioribus.
1550 2514 1657 2562 prim.
1674 2511 1843 2549 Vatican.
1863 2509 2199 2558 prim.Palat.Can-

96 2564 249 2610 Qiescit
268 2578 413 2613 aequor,
436 2563 574 2612 pelagus
596 2563 766 2613 inclusum
778 2563 902 2614 stupet.
1151 2562 1276 2612 tabrig.
1297 2565 1403 2611 prim.
1427 2565 1559 2602 Erfurt.
1583 2565 1619 2599 ὅ(
1639 2562 1697 2599 alii
1721 2562 1849 2598 decem
1867 2588 1876 2603 ,
1905 2560 2041 2597 ardens.
2063 2561 2100 2597 ὃ(
2114 2572 2197 2598 ver-

48 2612 206 2653 Rutilius
227 2614 388 2652 Itinerar.
408 2614 500 2652 libro
525 2615 645 2663 primo
661 2642 670 2658 ,
700 2614 783 2663 380.
1149 2612 1188 2650 su
1210 2616 1382 2661 proximo
1398 2642 1408 2658 ,
1436 2622 1529 2651 Haec
1548 2625 1792 2662 quaecumque.
1821 2610 1879 2648 sed
1903 2619 1982 2647 tum
1997 2639 2006 2654 ‚
2037 2616 2078 2646 Ut
2091 2623 2197 2660 quae-

96 2664 220 2713 Egreffi
237 2665 367 2701 villam
382 2664 554 2714 petimus,
582 2665 719 2715 lutoque
740 2678 937 2711 vagamur,
1150 2676 1282 2713 cunque
1311 2664 1435 2709 videt,
1472 2665 1512 2702 fit
1539 2662 1782 2702 scribendum.
1811 2660 1941 2698 Urbin.
1979 2660 2068 2703 Hic,
2105 2672 2193 2700 cum

149 2722 277 2764 Stagna
292 2715 531 2766 placentsepte
553 2716 706 2764 deliciosa
726 2715 831 2754 vado.
1148 2713 1278 2751 decem
1307 2715 1395 2753 aliis.
1413 2716 1520 2764 prim.
1542 2716 1635 2762 Reg.
1659 2713 1719 2750 His
1733 2741 1743 2758 ,
1774 2712 1917 2749 Hmus.
1945 2717 2071 2748 Haeret
2091 2723 2196 2760 prae-

99 2766 229 2803 Ludere
247 2767 391 2814 lascivos
411 2766 501 2802 inter
522 2766 668 2803 vivaria
684 2765 785 2815 pisces
998 2786 1009 2794 κ
1147 2765 1354 2802 ferendum.
1382 2766 1456 2803 vid.
1475 2766 1519 2803 ad
1537 2765 1668 2802 Amor.
1692 2777 1719 2800 1.
1737 2775 1824 2800 vm.
1844 2775 1904 2803 24.
2020 2812 2039 2818 ..

151 2818 304 2865 Gurgitis
325 2816 447 2864 inclufi
465 2815 577 2854 laxior
598 2817 693 2853 unda
706 2815 803 2864 finit.
1197 2827 1282 2863 910.
1311 2816 1478 2853 Collatus
1509 2816 1546 2853 in
1578 2814 1725 2861 unum.]
1772 2813 1805 2850 S.
1836 2813 1953 2849 Marci
1980 2812 2117 2859 aliique
2146 2823 2191 2849 ex

50 2865 109 2905 ubi
138 2867 239 2904 versu
260 2868 379 2915 primo
400 2866 627 2905 scribendum
644 2896 652 2911 ,
680 2866 815 2916 lateque
833 2880 1018 2916 vagamur.
1038 2868 1088 2905 la·
1146 2866 1356 2904 melioribus
1370 2867 1598 2914 complures,
1627 2865 1802 2912 conjectus.
1830 2862 2189 2910 conjunlYusThuan.

47 2926 145 2966 teque
171 2926 358 2955 exaratum
388 2926 461 2954 erat
490 2920 632 2956 ratione
664 2918 966 2965 Longobardicae
983 2919 1090 2966 scrip·
1146 2928 1239 2953 unus
1259 2929 1361 2956 meus
1378 2945 1387 2960 ,
1415 2917 1568 2954 collatus.
1595 2928 1639 2953 an
1656 2943 1666 2959 ,
1693 2924 1868 2951 cuneatus.

0 2961 3 3003 ξ
46 2972 147 3006 turae
165 2996 174 3010 ,
202 2980 295 3018 quae
313 2981 335 3004 a
354 2969 391 3005 &
413 2981 436 3004 u
455 2969 573 3007 literas
592 2968 797 3007 confundit.
824 2969 1008 3016 Juvenalis
1029 2970 1090 3008 Sa·
1198 2967 1374 3004 Prominet
1392 2969 1430 3006 in
1443 2978 1587 3018 pontum
1608 2977 1772 3003 cuneatus
1791 2963 1949 3000 acumine
1966 2961 2062 3007 longo

1143 3018 1416 3117 supfglssisierat·
1442 3068 1502 3107 fed
1526 3068 1679 3105 collatus
1699 3066 1793 3103 bene
1819 3063 1854 3100 se
1871 3063 2002 3104 habet,
2039 3059 2084 3115 de
2103 3071 2184 3108 quo

1144 3120 1188 3157 ad
1218 3121 1413 3158 Maronem
1446 3118 1600 3157 AEneid.
1628 3130 1697 3154 xii.
1728 3115 1813 3152 862.
1852 3115 1996 3151 Hiems.
2022 3109 2121 3148 Vide
2144 3113 2184 3149 &

48 3023 63 3053 t
91 3029 125 3055 ra
149 3031 204 3056 x11
284 3019 318 3056 6.

64 3028 250 3106 yTandena
260 3030 386 3105 7intrat
401 3069 521 3117 positas
538 3069 672 3117 inclusa
689 3077 747 3118 per
767 3083 914 3121 aequora
937 3070 1038 3109 moles
1051 3099 1063 3117 ,

93 3121 373 3170 Tyrrhenamque
396 3119 545 3157 Pharon.

2 3155 3 3158 Ἴ
41 3166 114 3206 huc
133 3171 231 3207 trahe
251 3171 338 3208 illud
363 3170 592 3207 Columellae
614 3170 658 3206 de
681 3169 827 3207 marinis
846 3171 988 3217 piscinis
1008 3201 1018 3216 ‚
1043 3174 1088 3211 li·
1144 3170 1308 3208 Broukh.
1329 3171 1374 3207 ad
1393 3169 1522 3207 Tibul.
1544 3182 1568 3205 1.
1593 3181 1644 3204 ix.
1668 3179 1722 3211 14.

38 3216 103 3254 bro
126 3231 222 3264 vm,
260 3233 334 3267 cap.
361 3221 416 3258 16.
445 3227 530 3257 Max
556 3221 655 3267 istam
690 3232 809 3255 curam
833 3221 976 3268 sequens
994 3233 1088 3260 aetas
1196 3233 1281 3267 911.
1309 3226 1423 3267 Longa
1437 3219 1502 3266 sub
1519 3214 1732 3264 arboribus]
1767 3215 1845 3251 Sine
1860 3210 2035 3249 arboribus
2056 3211 2187 3251 Oxou,

3 3263 6 3302 l
37 3266 206 3315 abolevit,
243 3282 284 3310 (φ
307 3272 466 3309 lautitiae
495 3271 696 3318 locupletum
728 3269 842 3306 maria
865 3271 933 3318 ipsa
954 3277 1085 3320 Neptuf
1142 3271 1180 3310 &
1203 3279 1273 3308 tres
1295 3270 1365 3306 alii.
1386 3279 1424 3306 ut
1441 3269 1532 3306 libro
1553 3281 1638 3304 viix.
1660 3267 1742 3312 780.

4 3329 5 3337 ¹
37 3329 186 3369 numque
207 3320 410 3375 claruerunt.
436 3321 612 3361 Martialis
632 3321 724 3360 libro
744 3332 815 3359 xxi.
834 3320 957 3370 Epigr.
980 3332 1038 3371 31,
1189 3333 1288 3362 :·-·‘
1314 3319 1438 3368 stssff‘lll'·5
1451 3318 1527 3369 stne
1538 3319 1578 3366 fr
1580 3331 1638 3368 1⁴3⁶
1651 3344 1659 3363 2
1676 3315 1749 3367 fine
1769 3313 1886 3353 arbore
1907 3312 2021 3352 '‘Mu''
2101 3362 2166 3401 vid
