2483 3616
700 185 770 244 P.
845 186 1263 246 OVIDII
1335 185 1866 246 NASONIS

392 296 448 345 13
459 295 489 349 5
523 277 650 336 Hos
671 296 891 353 quoque
911 280 1019 352 jam
1037 279 1276 351 juvenes.
1312 279 1434 346 sed,
1470 280 1700 346 scilicet,
1737 283 1922 339 ultima
1943 280 2150 358 semper

535 352 905 426 Exspestanda
932 352 1045 407 dies
1069 352 1302 407 homini:
1343 354 1562 427 dicique
1585 354 1770 409 beatus

533 428 683 483 Ante
708 426 919 481 obitum
944 442 1107 480 nemo
1130 425 1481 499 supremaque
1505 427 1693 481 funera
1718 427 1896 483 debet.

609 499 786 554 Prima
812 516 979 572 nepos
1003 499 1141 554 inter
1166 512 1251 553 tot
1276 517 1359 555 res
1383 500 1509 563 tibi,
1546 498 1784 565 Cadme,
1825 501 2081 558 secundas

534 571 724 627 Caussa
746 572 848 627 fuit
871 570 1039 627 lueius
1053 612 1068 636 ,
1106 572 1379 646 alienaque
1403 590 1605 626 cornua
1628 572 1795 629 fronti

392 661 494 715 140
531 645 766 709 Addita,
803 662 1007 718 vosque
1030 663 1185 700 canes
1211 645 1421 699 satiatae
1446 645 1696 717 sanguine
1723 647 1892 704 herili.

534 720 613 774 At
639 718 776 773 bene
799 718 836 771 fi
860 736 1106 791 quaeras;
1151 717 1423 774 Fortunae
1445 719 1653 774 crimen
1673 720 1729 774 in
1751 720 1843 776 illo
1858 761 1874 787 ,

533 791 662 845 Non
686 790 851 845 scelus
875 791 1129 844 invenies,
1170 792 1321 863 quod
1346 792 1492 846 enim
1516 792 1681 848 scelus
1706 812 1858 849 error
1881 793 2140 850 habebat?

524 861 693 916 Mons
720 874 862 924 erat,
900 860 1125 916 infecius
1152 864 1417 921 variarum
1441 865 1606 920 caede
1632 865 1888 922 ferarum:

525 933 756 1006 Jamque
783 933 896 989 dies
921 952 1104 990 rerum
1125 935 1327 995 medias
1350 952 1689 995 contraxerat
1716 939 1959 1003 umbras;

247 190 341 246 182

2195 1028 2293 1084 145
2317 1007 2390 1067 Et

293 1158 378 1209 ⁴136.
408 1156 556 1209 Dicique
575 1155 695 1195 beatus
717 1160 817 1195 Ante
847 1157 981 1195 obitum
1011 1155 1149 1206 nemo]
1196 1157 1289 1195 Hoc

1501 1161 1695 1211 Castalium
1715 1177 1835 1201 nemus

237 1209 339 1249 idem
364 1210 508 1249 dicebat
527 1208 735 1247 Antiochus
750 1237 760 1253 ,
782 1208 931 1258 quintus
953 1219 1017 1246 rex
1044 1208 1180 1258 Syriae.
1207 1208 1289 1244 Au-

1501 1214 1670 1251 Umbram
1692 1215 1828 1252 sidonio
1843 1213 2007 1265 praebuit
2026 1212 2173 1264 hospiti,

238 1260 321 1299 &or
341 1260 517 1309 Josephus
537 1260 598 1298 lib.
621 1272 675 1298 vx.
702 1261 764 1298 De
786 1260 854 1298 bel.
876 1259 961 1308 Jud.
997 1259 1088 1298 Hoc
1110 1259 1222 1297 etiam
1245 1256 1290 1296 fi-

237 1311 388 1362 gnificat
408 1311 497 1350 illud
518 1310 784 1360 Euripideum:

342 1373 458 1414 Μῆπω
478 1368 565 1420 μέγ’
583 1373 685 1420 εἴπῃς
699 1402 710 1419 ,
739 1374 821 1419 πρῖν
842 1367 1110 1416 τελευτήσαντ’
1129 1371 1220 1419 ἴδῃς.

237 1433 283 1474 Id
304 1435 371 1475 est:
387 1436 575 1475 Neminem
595 1450 763 1487 magnum
780 1464 790 1481 ,
809 1435 1016 1487 beatumque
1039 1435 1168 1473 dixeris
1173 1435 1289 1485 prius,

261 1499 346 1524 uam
367 1487 476 1538 obiiffi„³
496 1488 640 1527 videris.
688 1490 736 1528 Et
756 1487 815 1526 illa
837 1487 1029 1538 Sophoclis
1051 1487 1090 1525 in
1110 1485 1183 1525 fine
1208 1487 1289 1524 Oe·

264 1538 310 1587 'pi
331 1539 526 1589 Tyranni:

283 1595 406 1649 Ωῗςε,
434 1604 553 1645 dune-bu
573 1599 647 1642 ’ὄντ’
661 1633 670 1647 ,
699 1603 831 1645 ἐκείνην
850 1606 913 1645 τὴν
931 1603 1152 1641 τελευταῖκν
1174 1600 1261 1639 ἰδεῖν

286 1652 444 1697 Η“μέροιν
476 1656 769 1700 ἐπισκοποῦντει,
797 1655 907 1701 μηδὲν
927 1654 1109 1702 ὀλβὶζειν,
1138 1655 1221 1699 πρῖν
1242 1648 1287 1689 ἇῖν

288 1707 416 1751 Τέρμοι
433 1703 496 1744 rec&
514 1707 590 1751 βίαν
627 1708 762 1752 mpsim
776 1734 786 1751 ,
808 1705 918 1751 μηδὲν
937 1705 1102 1752 &hyeme
1123 1705 1249 1743 παθών.

233 1765 411 1813 Quorum
434 1767 526 1805 haec
546 1767 723 1806 sententia
745 1767 807 1805 est.
855 1767 1003 1805 Proinde
1033 1777 1073 1804 tu
1087 1795 1097 1811 ,
1122 1767 1284 1817 quicum-

192 1828 201 1830 *
235 1828 300 1865 que
322 1818 480 1855 mortalis
496 1819 655 1867 genitus,
676 1819 809 1867 semper
831 1819 921 1855 diem
945 1817 1113 1855 ultimum
1136 1817 1282 1867 confide-

234 1878 277 1902 ra
301 1895 311 1911 ‚
338 1882 378 1905 ac
401 1869 572 1905 neminem
597 1898 607 1914 ,
645 1880 838 1919 antequam
869 1869 1038 1905 ultimum
1071 1882 1140 1905 non
1170 1869 1281 1907 dolore

232 1915 303 1953 ullo
326 1920 530 1968 fatigatus,
560 1933 618 1957 nec
639 1921 815 1957 aerumnis
838 1920 927 1966 seris
956 1919 1054 1957 vitae
1088 1921 1281 1958 terminum

232 1969 370 2017 egressus
391 1970 456 2018 est,
486 1984 656 2021 umquam
679 1970 819 2007 beatum
835 1971 1012 2020 praedica.
1050 1972 1219 2009 (immi.

290 2031 372 2069 137.
399 2027 628 2072 supremaque
643 2024 773 2067 funera
797 2021 922 2070 debet]
951 2028 1181 2072 supremaque
1202 2036 1282 2061 mu-

230 2080 316 2106 nera
339 2072 542 2121 corrigebat
565 2071 699 2109 Frider.
722 2071 1018 2121 Lindenbrogius
1036 2073 1133 2110 notis
1145 2072 1191 2110 ad
1203 2074 1281 2111 Sta-

227 2119 323 2158 tium
345 2121 406 2159 lib.
419 2135 492 2162 ΧΠ.
515 2123 640 2160 Theb.
668 2135 723 2171 54.
745 2125 784 2160 &
816 2123 939 2160 Barth.
977 2122 1065 2161 ibid.
1086 2123 1224 2163 frustra.
1247 2125 1281 2162 i-

227 2169 289 2220 pse
311 2170 442 2211 Statius
463 2172 523 2212 lib.
544 2186 571 2211 1.
595 2174 679 2212 Silv.
701 2186 728 2210 1.
759 2173 841 2212 166.

503 2238 656 2287 Qalem
679 2249 710 2275 te
722 2240 848 2285 funere
859 2237 1000 2286 summo

278 2286 405 2340 'Atque
417 2303 537 2338 rogum
552 2291 681 2339 juxta,
711 2289 837 2326 Melior
851 2287 1072 2337 placidiffime
1084 2289 1175 2328 vidi.

229 2337 306 2376 Ubi
329 2354 469 2377 munere
491 2339 516 2377 fi
538 2341 618 2390 quis
639 2348 794 2389 reponat
818 2367 829 2385 ,
849 2351 927 2377 non
948 2340 1056 2388 poflit
1076 2341 1175 2386 ferri,
1188 2352 1276 2380 cum

226 2391 400 2441 proxime
422 2389 685 2440 praecessisset,
712 2392 833 2438 desunt
861 2390 899 2426 in
930 2405 1077 2428 munera
1091 2391 1276 2441 flammae.

227 2439 268 2476 δε
289 2440 380 2478 libro
414 2454 505 2479 vm.
534 2455 593 2480 nec
618 2442 711 2483 enim
734 2441 824 2480 mihi
845 2454 929 2478 cura
947 2442 1098 2492 supremi
1120 2444 1276 2483 Funeris.

224 2487 352 2532 ,Valen
372 2492 489 2529 Flacc.
511 2492 560 2531 vs.
578 2505 664 2540 227.

280 2539 378 2576 Illius
398 2553 548 2580 extremo
562 2543 629 2592 sub
643 2546 791 2590 funere,
820 2542 914 2580 mira
940 2553 1071 2593 repente

282 2590 446 2628 Flamma
465 2594 555 2640 poli,
583 2608 772 2646 magnoque
793 2595 881 2632 aries
903 2595 1064 2645 apparuit
1084 2593 1184 2644 astro.

226 2636 280 2679 Et
303 2640 487 2680 Catalecia
510 2644 655 2683 Pithoei
675 2658 709 2694 p.
738 2658 819 2694 123.

283 2692 350 2727 Hic
371 2702 480 2742 erepta
494 2695 587 2742 jacet
599 2696 757 2745 supremo
772 2699 897 2742 funere
917 2698 1052 2745 conjux.

224 2739 343 2792 Apud
363 2743 559 2782 Lucanum
581 2757 734 2795 quoque
753 2746 812 2783 lib.
833 2758 925 2784 vm.
947 2759 1029 2793 74¹·

279 2797 447 2830 Extremo
459 2794 522 2842 sed
542 2795 630 2842 abest
647 2810 669 2832 a
682 2798 810 2842 funere
831 2796 929 2842 busti.

224 2842 304 2882 Alii
314 2843 462 2882 codices
473 2843 608 2883 habent
619 2860 769 2883 munere,
791 2847 903 2884 Hem
912 2861 939 2884 s.
961 2847 1062 2884 Silius
1075 2860 1108 2885 v.
1121 2847 1176 2891 ybs.
1186 2847 1271 2894 416.

216 2893 384 2943 suprema
392 2909 494 2933 mors.
516 2895 578 2933 ubi
588 2896 671 2933 vide
683 2904 788 2933 notas
800 2897 1023 2935 eruditissimi
1034 2898 1273 2936 Drakenbor-

219 2944 311 2983 chii.
339 2946 391 2986 ita
403 2945 568 2996 suprema
589 2945 797 2996 fimpliciter
818 2947 890 2984 dici
911 2947 1068 2985 vidimus
1090 2948 1136 2985 ad
1148 2949 1271 2997 Quin-

226 2994 299 3033 elil.
323 2996 429 3034 Decl.
453 3009 543 3033 vnx.
569 2996 603 3034 8.

282 3047 365 3095 138.
391 3047 514 3085 Prima
537 3056 631 3097 nepos
651 3047 743 3085 inter
763 3061 814 3084 res
836 3058 886 3084 tot
918 3048 981 3084 tibi
1004 3076 1015 3093 ‚
1043 3048 1176 3085 Cadme
1191 3077 1200 3092 ,
1212 3050 1270 3098 fie-

223 3097 357 3134 condas
380 3098 506 3148 Cauffa
519 3099 597 3145 fuit
618 3097 730 3135 lufflus
752 3127 762 3143 ,
790 3098 970 3149 alienaque
1003 3112 1128 3136 cornua
1151 3102 1270 3146 fronti

224 3148 395 3194 Addita,
422 3148 522 3198 wa]
554 3149 693 3186 Seneca
725 3148 771 3186 ad
802 3149 1024 3198 superiorem
1060 3150 1192 3187 Cadini
1216 3152 1270 3188 fa-

222 3194 344 3235 bulam
361 3227 371 3244 ,
399 3200 437 3237 ὃ(
460 3199 505 3236 ad
526 3199 621 3236 hanc
643 3199 844 3237 Aeiaeonis
866 3200 997 3249 absque
1020 3199 1131 3237 dubio
1152 3200 1268 3249 respe-

223 3246 286 3283 xit.
323 3249 436 3298 Cujus
456 3251 547 3288 haec
568 3250 649 3288 sunt
669 3251 707 3288 in
730 3249 906 3300 Oedipo:
935 3250 983 3288 vs.
1009 3262 1091 3297 712.
1119 3251 1181 3288 ubi
1203 3263 1268 3289 eo-

219 3295 424 3351 dem‚qu0
445 3301 507 3340 hic
530 3301 645 3343 Poeta
665 3301 787 3343 noster
801 3330 813 3350 ,
845 3301 976 3343 ordine
999 3313 1058 3342 eas
1081 3301 1244 3343 describit
1257 3316 1269 3357 2v

1498 1265 1675 1316 Lavitque
1695 1266 1801 1303 Dirce
1824 1266 1941 1315 Tyrios
1961 1264 2089 1303 colonos
2102 1293 2114 1311 ,

1498 1319 1544 1351 Ut
1552 1316 1710 1364 primum
1730 1317 1851 1366 magni
1872 1327 1977 1354 natus
1999 1317 2168 1366 Agenoris

1499 1366 1609 1415 Fessus
1624 1376 1685 1417 per
1705 1367 1818 1405 orbem
1833 1396 1844 1413 ,
1863 1369 1971 1416 furta
1983 1368 2084 1418 fi’qui
2103 1368 2213 1413 Jovis

1498 1417 1568 1453 Sub
1587 1418 1717 1466 nostrae
1737 1420 1846 1456 ramis
1867 1419 2017 1466 constitit
2039 1418 2171 1456 arboris
2193 1431 2266 1459 (φτ.

1344 1462 1506 1512 Seneca,
1533 1467 1750 1518 Euripidem
1769 1469 1921 1520 sequens
1945 1498 1957 1515 ‚
1991 1470 2045 1508 his
2062 1470 2287 1508 ‘carminibus
2309 1469 2395 1509 fon=2
2471 1475 2473 1477 '

1343 1522 1421 1553 tem
1437 1546 1447 1562 ,
1472 1518 1572 1568 apud
1593 1532 1705 1570 quem
1721 1549 1731 1566 ,
1758 1529 1800 1559 ut
1821 1520 1920 1567 dixi,
1949 1529 2025 1559 erat
2044 1519 2187 1570 serpens
2211 1550 2222 1568 ,
2260 1521 2392 1560 Dircen.

1344 1577 1469 1608 vocat.
1498 1571 1719 1610 ConAnus.

1401 1632 1481 1668 140.
1509 1627 1622 1659 Canes
1635 1623 1765 1671 satiati
1768 1623 1940 1672 sanguine
1956 1621 2092 1672 herili.]
2123 1622 2280 1660 satiatae
2290 1623 2394 1660 Nea-

1341 1670 1415 1719 pol.
1439 1673 1576 1721 primus
1590 1674 1735 1719 ,Vatic.
1756 1674 1934 1722 secundus
1950 1703 1958 1716 ,
1985 1673 2059 1711 Pal.
2080 1673 2228 1711 secund.
2251 1673 2392 1712 Medic.

1339 1722 1463 1770 prior,
1490 1725 1706 1763 Erfurtanus
1728 1726 1767 1762 δε
1789 1733 1860 1762 tres
1883 1725 1953 1761 alii.
1985 1723 2033 1762 fic
2066 1723 2164 1773 apud
2185 1724 2390 1762 Horatium

1335 1771 1503 1823 semper,
1527 1776 1640 1826 idque
1661 1776 1707 1814 ad
1739 1776 1951 1825 exemplum
1986 1776 2219 1813 Graecorum
2243 1803 2254 1820 ,
2293 1774 2390 1824 apud

1337 1834 1431 1873 quos
1452 1827 1539 1863 κύων
1564 1827 1671 1876 saepe
1691 1827 1903 1865 foeminino
1921 1837 2057 1876 genere
2078 1826 2230 1874 ponitur
2245 1853 2255 1870 ‚
2270 1826 2390 1864 maxi-

1336 1886 1400 1913 me
1422 1888 1507 1915 cum
1530 1877 1577 1915 de
1597 1887 1736 1916 venatu
1755 1879 1883 1928 agitur.
1909 1878 1959 1915 ita
1983 1879 2173 1915 Homerus
2199 1876 2326 1916 Οδυσσ.
2340 1881 2387 1914 N.

1389 1926 1459 1971 ,Οἱς
1477 1928 1516 1965 δὲ
1530 1930 1616 1966 κύων
1639 1931 1801 1975 ἀμαλῇσι
1820 1930 1898 1974 περὶ
1916 1929 2138 1966 σκυλάκεσσι
2157 1927 2300 1974 βεβῶσα

1390 1979 1500 2025 Α“’νδρ’
1521 1976 1727 2026 &wetino-³
1743 1981 1862 2018 ὑλάει.

1338 2028 1475 2080 Neque
1495 2030 1598 2070 aliter
1617 2031 1772 2076 Pollux,
1799 2031 1862 2068 ubi
1882 2031 2002 2069 varios
2023 2042 2131 2068 canes
2151 2027 2324 2067 recenset.
2347 2029 2386 2067 δε

1338 2081 1427 2118 κύων
1446 2083 1591 2127 Κρῆσσα
1611 2082 1774 2120 Aeliano
1796 2082 1889 2119 Hist.
1911 2082 2043 2120 Anim.
2066 2081 2127 2119 lib.
2143 2093 2207 2118 111.
2231 2091 2310 2129 cap.
2333 2092 2382 2116 11.

1337 2130 1541 2181 Sophocles
1560 2132 1680 2182 Ajace
1692 2161 1705 2178 ,
1725 2134 1918 2181 Oppianus
1941 2135 2182 2178 κυνηγετικῶν
2201 2130 2320 2179 libris,
2332 2137 2389 2175 ate

1336 2192 1410 2232 que
1433 2184 1492 2222 alii
1511 2184 1651 2234 paffim.
1678 2184 1806 2222 Ennio
1828 2184 1995 2221 venatica
2014 2183 2129 2220 velox.

1388 2248 1486 2256 ·--·
1514 2235 1736 2285 Animusque
1754 2234 1793 2271 in
1806 2236 1937 2284 penore
1956 2233 2071 2270 latrat
2083 2261 2094 2278 ‚

1385 2290 1430 2322 Ut
1435 2286 1543 2333 solita
1565 2286 1609 2334 est
1621 2315 1633 2332 ,
1661 2285 1801 2337 quando
1824 2284 1952 2322 vinclis
1973 2284 2139 2322 venatica
2158 2282 2262 2321 velox

1384 2341 1483 2386 Apta
1491 2336 1582 2386 filet.

1334 2385 1388 2425 Ita
1409 2388 1653 2425 scribendum.
1680 2385 1729 2424 fic
1752 2387 1847 2423 canis
1869 2385 2041 2435 Gortynia
2071 2385 2202 2423 Vario·
2240 2384 2383 2424 Lucre2

1331 2438 1387 2475 tio
1410 2452 1507 2475 canes
1528 2439 1764 2486 montivagae.
1791 2437 1886 2474 canis
1909 2437 2089 2474 taciturna
2115 2437 2258 2474 Gratio.
2294 2436 2379 2474 No·-

1332 2488 1405 2526 stro
1425 2489 1486 2527 lib.
1507 2501 1561 2526 1V.
1587 2489 1677 2526 Fast,
1710 2500 1732 2536 9
1763 2488 1799 2525 6.
1836 2487 2004 2535 Obscoena
2037 2497 2119 2524 exta
2150 2487 2255 2524 canis.
2282 2497 2382 2535 quo-

1332 2540 1452 2577 modo
1476 2541 1514 2577 &
1536 2539 1634 2589 apud
1663 2538 1862 2588 Virgilium
1883 2537 1943 2576 lib.
1970 2551 1998 2576 1.
2025 2539 2162 2586 Georg.
2194 2537 2279 2586 469.
2311 2547 2381 2583 νεῖ
2453 2575 2457 2577 i

1332 2591 1502 2628 terrimus
1526 2591 1749 2629 Mediceus:

1380 2642 1630 2692 Obfioenaeque
1650 2655 1748 2678 canes
1767 2642 2048 2690 importunaeque
2063 2639 2228 2678 volucres.

1328 2691 1378 2729 Et
1398 2693 1457 2729 lib.
1478 2705 1532 2729 vx.
1555 2694 1654 2729 Aen.
1675 2702 1759 2739 493.

1379 2756 1477 2762 -’“-
1507 2743 1662 2779 Rabidae
1683 2741 1849 2778 venantis
1869 2739 1938 2778 Iuli

1379 2799 1603 2830 Commovere
1626 2805 1735 2828 canes.

1327 2842 1466 2880 Seneca
1486 2844 1638 2892 Hippol.
1667 2842 1772 2880 1108.

1378 2894 1589 2944 Moestaeque
1609 2894 1743 2931 domini
1763 2891 1919 2930 membra
1941 2891 2112 2944 vestigant
2131 2896 2244 2932 canes]

1325 2945 1481 2983 Rutilius
1503 2945 1716 2983 itinerario:

1377 3001 1498 3046 Atque
1510 2996 1641 3033 olidum
1663 2996 1779 3032 doceas
1800 2994 1884 3044 noffie
1901 2995 2009 3032 cubile
2028 3009 2137 3033 canes.

1326 3046 1458 3084 Noster
1473 3049 1642 3085 Met.vi1.
1653 3059 1699 3084 ex
1711 3047 1857 3094 optimo
1871 3046 2002 3084 codice
2019 3045 2374 3096 Ambrofiano,769.'

1377 3098 1507 3147 Copula
1527 3098 1728 3136 detrahitur
1749 3096 1890 3134 canibus
1904 3124 1915 3142 ,
1942 3111 2029 3148 quas
2050 3097 2114 3135 illa
2126 3098 2306 3148 sequentes

1374 3148 1516 3197 Effugit.

1323 3199 1430 3237 Pont.
1451 3200 1510 3237 lib.
1534 3213 1580 3238 11.
1602 3200 1657 3238 El.
1668 3212 1715 3237 11.
1729 3212 1787 3248 40.
1811 3211 1855 3237 ex
1877 3198 2009 3250 scriptis
2031 3199 2211 3248 probioris
2231 3207 2368 3240 notaez

1376 3252 1477 3299 Qiae
1486 3252 1584 3301 fugit
1603 3251 1740 3300 infestas
1761 3250 1887 3288 territa
1908 3265 2010 3289 cerva
2033 3265 2142 3289 canes.

1324 3301 1540 3344 euidentius
1560 3302 1619 3359 lib.
1643 3316 1691 3357 ηΞ
1714 3311 1842 3343 contra
1863 3301 2159 3354 Symmachum3
2283 3355 2312 3386 Β
2327 3349 2367 3390 Γ

2287 3361 2367 3401 ΑΒ
