2483 3616
280 179 1520 260 MET'‘fAMORPHOS'E0'N
1589 182 1734 248 Lm.
1808 193 1901 252 VI.

610 383 781 431 ΕΑΒ.

2062 214 2155 267 413

858 381 923 430 V.
999 380 1597 430 AneuMeNTuM.

881 508 1083 575 Marsyas
1115 509 1166 557 in
1198 508 1389 557 fiumen.

91 647 267 706 Satyrus
300 643 460 689 nomine
492 639 696 703 Marffias
720 675 736 701 ‚
780 640 881 686 dum
913 656 1005 688 cum
1029 641 1224 701 Apolline
1255 640 1374 686 tibiis
1397 639 1606 686 contendit
1641 643 1772 702 (quas
1794 639 2012 688 Mimma
2035 640 2157 689 inve·

30 712 124 774 mffi
137 709 372 771 proditur)
409 712 424 731 ⁸
440 719 519 766 pro
553 707 733 753 audacia
751 739 767 765 ‚
814 706 923 766 quod
954 706 1049 751 Deo
1084 705 1302 752 cedendum
1336 720 1414 751 non
1441 714 1647 765 putaret,
1670 703 1919 767 suspensus,
1954 702 1972 730 ¹³
1994 720 2044 751 ac
2065 718 2155 753 cute

33 776 209 823 nudatus
243 772 312 834 est.
367 771 522 836 'Quem
554 770 780 831 Nymphae
804 803 820 829 ‚
854 775 870 795 ⁰
891 785 941 816 ac
975 770 1161 830 Satyri,
1218 771 1418 830 ceterique
1450 772 1564 815 ruris
1597 771 1752 816 incolae
1786 765 1928 827 dfletu
1953 768 2162 831 proficuti

21 840 153 901 sunt,
187 837 294 896 quod
317 835 402 896 ejus
441 846 566 882 cantu
602 837 783 881 carituri
817 834 965 894 effent‚
1002 835 1067 878 ita
1089 843 1137 878 ut
1170 850 1221 879 ex
1255 833 1478 892 lachrymis
1497 849 1636 880 eorum
1658 835 1824 894 flumen
1857 840 1875 859 ‘·

1905 837 2132 883 increverit
2143 868 2161 894 ³

34 903 139 966 quod
157 901 243 964 ejus
265 903 424 948 nomine
443 897 457 926 f
477 903 524 947 in
546 899 739 964 Phrygia
764 895 967 956 [Marsyas
985 898 1014 942 a
1047 901 1065 929 g
1080 898 1294 957 prioribus
1316 897 1464 959 nostris
1486 901 1720 960 nuncupari
1750 896 1769 924 ¹²
1791 898 1991 946 videtur.

422 1036 475 1091 Ie
498 1035 590 1090 ubi
614 1035 792 1090 nescio
819 1033 935 1106 quis
966 1030 1136 1103 Lyci-21
1159 1031 1229 1086 de
1255 1044 1416 1114 gente
1440 1033 1679 1088 virorum

325 1040 630 1174 SRetulit
664 1106 914 1169 exitium3
953 1104 1123 1176 Satyri
1148 1104 1500 1159 reminiscitur
1528 1105 1687 1160 alter:

316 1182 497 1254 Quem
520 1179 834 1233 Tritoniaca
861 1177 1063 1231 Latoiis
1090 1176 1351 1231 arundine
1380 1176 1580 1230 vieium

185 1252 283 1322 385
320 1252 540 1308 Adfecit
575 1252 761 1322 poena.

837 1249 988 1321 Quid
1013 1267 1099 1303 me
1123 1248 1255 1303 mihi
1280 1248 1545 1303 detrahis?
1587 1248 1776 1322 inquit.

322 1326 412 1379 Ah
435 1325 605 1396 piget:
646 1322 711 1377 ah
734 1339 844 1377 non
867 1322 969 1388 est,
1005 1321 1288 1386 clamabat,
1326 1320 1454 1376 tibia
1478 1321 1636 1375 tanti!

87 1531 103 1552 ²
127 1529 192 1562 Pro
211 1521 398 1573 audacia]
430 1522 487 1561 Sic
506 1519 614 1561 MSS.
631 1522 852 1573 Editi‚quos
864 1522 987 1562 videre
997 1523 1067 1561 mi-

36 1576 75 1615 hi
97 1576 270 1624 contigit,
293 1585 350 1624 per
371 1573 567 1611 audaciam.
592 1573 652 1612 sed
666 1574 882 1622 proaudacia
895 1574 993 1611 idem
1004 1573 1067 1617 est,

38 1625 139 1675 quod
155 1634 285 1675 propter
307 1624 502 1662 audaciam.
529 1623 755 1672 Epiphanius
785 1624 877 1662 Hist.
906 1624 1067 1672 Tripart.

39 1675 258 1725 Libat-pag.
278 1687 358 1723 522.
386 1675 452 1712 Ed.
470 1674 589 1711 Rhen.
623 1674 723 1711 Alios
743 1674 803 1723 qui
816 1684 876 1724 pro
893 1683 982 1722 pane
1006 1687 1068 1710 ve-

37 1725 180 1762 niebant
201 1753 211 1770 ‚
248 1726 354 1769 alios,
381 1725 441 1774 qui
473 1724 554 1760 illuc
581 1733 640 1773 pro
675 1724 830 1761 libidinis
855 1724 1069 1774 turpitudine

0 1811 5 1816 ,
38 1775 231 1812 veniebant.
260 1775 380 1813 Schol.
399 1776 528 1812 Horat.
556 1774 615 1812 lib.
637 1786 691 1812 Ν.
713 1775 773 1813 od.
801 1787 856 1812 12.
876 1784 937 1824 pro
954 1774 1068 1823 stupro

29 1825 153 1874 sororis
172 1826 219 1862 ad
239 1826 447 1863 vindiciam.
476 1825 564 1862 Vet.
584 1825 733 1873 Interpr.
770 1837 784 1863 1
807 1826 897 1874 Reg.
918 1837 993 1873 cap.
1007 1837 1069 1863 xv.

38 1886 98 1924 23.
135 1882 199 1912 Pro
221 1889 254 1913 eo
281 1890 352 1924 ergo
374 1904 384 1920 ‚
422 1874 512 1924 quod
546 1874 690 1925 abjecisti
710 1875 903 1924 fi’rmonem
926 1875 1070 1913 domini.

38 1925 174 1968 Eccles.
197 1939 266 1964 ΧΠ.
291 1939 346 1972 14.
389 1935 448 1975 pro
478 1925 572 1961 omni
601 1935 713 1962 errato
740 1926 887 1963 adducet
913 1931 1008 1962 Deus
1033 1926 1071 1962 in

12 1975 216 2024 1Judicium.
258 1976 422 2014 Licinius
454 1975 618 2014 Ruffinus
648 1976 778 2015 Collat.
811 1978 901 2025 Leg.
929 1977 984 2014 tit.
1011 1988 1066 2014 VI.

12 2043 13 2046 ¹
37 2034 94 2072 pro
113 2025 307 2073 ignorantia
328 2027 420 2074 juris
445 2026 611 2063 videntur
631 2025 788 2076 admiffa.
840 2027 995 2064 Salvian.
1022 2026 1068 2064 de

37 2075 185 2114 Provid.
200 2075 260 2113 lib.
284 2088 315 2113 1.
342 2089 400 2112 nec
412 2076 709 2126 propraefientibus
726 2076 966 2126 supplicamus.
985 2076 1070 2114 Sex.

14 2137 15 2144 ¹
42 2125 159 2162 Rufus
176 2125 331 2163 Breviar.
351 2138 426 2174 cap.
443 2138 476 2172 4.
503 2127 541 2162 in
559 2126 723 2173 Africam
740 2137 799 2176 pro
821 2125 1004 2176 desenstone
1017 2126 1069 2163 Si-

43 2173 193 2210 culorum
209 2180 362 2211 Romana
380 2175 574 2226 transmiffiz
594 2178 666 2215 δίε.
719 2179 808 2226 Cap.
831 2190 888 2224 24.
922 2183 987 2213 Pro
1001 2189 1071 2226 qua

42 2223 273 2260 admiratione
303 2226 420 2273 Persae
440 2227 621 2274 superiores
649 2228 705 2277 effe
742 2233 910 2265 Romanos
946 2226 1074 2275 confessi

16 2272 17 2279 ¹
32 2273 132 2321 sunt.
159 2273 284 2312 Immo
303 2286 372 2312 nec
402 2275 541 2314 Claffici
566 2276 751 2326 scriptores
776 2278 879 2328 loqui
899 2278 948 2315 ita
968 2277 1074 2316 dubi-

40 2331 172 2361 tarunt.
201 2323 359 2362 Consule
369 2324 471 2369 illos,
497 2327 560 2374 qui
577 2327 622 2364 de
633 2328 812 2376 particulis
824 2330 989 2377 Linguae
1001 2328 1074 2366 La-

18 2396 19 2399 =
40 2374 138 2411 tinae
156 2373 376 2422 scripserunt.
405 2375 621 2414 Muucm.
649 2384 712 2414 Per
731 2379 917 2415 audaciam
942 2390 1071 2416 omnes

40 2422 218 2461 editiones
238 2432 377 2472 praeter
398 2425 533 2463 Colon.
559 2427 624 2475 qui
644 2428 681 2464 ὅ(
696 2454 707 2471 ,
733 2441 802 2477 qua
821 2429 889 2465 deo.

89 2485 108 2512 b
133 2488 191 2522 Ac
221 2495 295 2522 cute
315 2486 467 2524 nudatus
485 2486 566 2536 effi]
606 2488 690 2527 MS.
708 2488 843 2527 Venet.
864 2501 906 2526 ac
926 2490 1071 2538 Micyll.

20 2535 76 2573 “A
103 2545 177 2572 cute
188 2536 341 2572 nudatus
363 2536 404 2582 est
426 2547 561 2585 tergore.
614 2538 739 2587 Lege,
766 2550 789 2573 a
811 2538 956 2587 Schyte;
988 2541 1068 2582 vel,

40 2597 79 2622 ac
99 2598 121 2622 a
143 2586 261 2635 Scythe
279 2586 431 2623 nudatus
450 2587 492 2634 est
505 2597 639 2636 tergore.
697 2587 794 2625 Vide
804 2601 898 2638 quae
919 2588 1071 2627 adnota-

42 2643 78 2673 ta
97 2636 176 2674 sunt
197 2637 299 2674 nobis
320 2637 364 2674 ad
386 2637 696 2686 Hygin.Mythol.
719 2649 797 2684 cap.
818 2640 898 2687 165.
926 2640 1071 2687 Mune-

47 2697 130 2723 xER.
159 2687 255 2724 Cum
270 2687 425 2735 Micyllo
446 2689 582 2726 faciunt
602 2688 720 2727 Parm.
749 2689 788 2724 &
809 2689 930 2738 Lugd.
958 2702 997 2725 ac
1007 2703 1073 2726 nu-

46 2735 148 2773 datus
165 2747 288 2786 tergore
307 2737 348 2783 est
369 2737 506 2776 Colon-

44 2850 58 2889 l
92 2809 109 2828 c
134 2806 191 2840 Ac
216 2804 341 2851 satyri.
374 2802 390 2853 ]
442 2808 500 2842 Ac
530 2804 628 2843 ceteri
660 2805 777 2844 saturi
816 2805 970 2856 rurisque
997 2807 1076 2844 Co-

61 2862 121 2890 on.

96 2913 116 2942 d
141 2922 195 2953 Ita
209 2915 337 2965 fletu]
375 2923 430 2954 Ita
451 2925 618 2966 repetunt
642 2931 733 2957 mox
750 2947 760 2963 ,
786 2919 838 2956 ita
855 2930 896 2957 ut
914 2920 1075 2970 lacrymis

46 2976 170 3002 eorum.
200 2968 314 3003 Parm.
334 2968 453 3015 Lugd.
482 2969 542 3006 sed
568 2969 726 3007 secundo
744 2971 831 3007 loco
855 2998 865 3015 ,
895 2980 934 3009 ut
956 2975 992 3009 &e
1011 2986 1072 3017 ex,

47 3015 223 3053 omittunt
242 3017 394 3054 Raener.
413 3017 514 3055 Frell.
536 3019 661 3056 Heins.
687 3020 739 3057 ita
754 3019 842 3069 fletu
862 3021 997 3059 Colon.

75 3079 113 3127 'e
141 3074 316 3126 Videtur.]
347 3079 550 3116 Roverium
573 3081 679 3118 malle
694 3109 704 3125 ,
729 3082 972 3126 creditur,sibi
996 3095 1074 3121 ms-

48 3132 100 3169 gis
119 3122 254 3169 placere
271 3127 485 3174 perhibetur,
511 3137 699 3168 notaverat
725 3132 908 3170 Heinfius.

101 3181 118 3208 f
144 3188 181 3218 In
205 3184 351 3233 Phrygia
371 3189 568 3238 Marsyan]
600 3191 726 3228 Vibius
746 3193 931 3239 Sequester
947 3205 955 3230 z
972 3200 1073 3231 Mar-

42 3230 125 3286 syas
146 3231 309 3280 Phrygiae
333 3237 422 3273 urbis
443 3238 662 3287 Celene.lege
691 3241 895 3278 Celenarum
913 3271 921 3284 ‚
936 3245 971 3279 &
986 3255 1076 3280 con-

51 3288 106 3318 xei·
150 3293 244 3331 quae
288 3283 404 3333 scripsi
438 3288 484 3326 ad
526 3289 667 3338 Hygin.
696 3291 859 3338 Mythol.
886 3303 961 3340 cap.
999 3294 1079 3341 165.

2040 1394 2172 1451 Cla-

1120 1521 1386 1610 lguncxfiaus.
1430 1520 1566 1572 Marfia
1605 1520 1726 1572 Lugd.
1753 1519 1851 1561 deest
1879 1531 1969 1561 vero
2005 1521 2163 1561 Raener.

1165 1573 1249 1611 eins.

1171 1631 1190 1658 g
1218 1623 1391 1661 Prioribus
1417 1621 1580 1673 nostrin]
1632 1623 1686 1661 H.
1713 1634 1745 1661 e.
1772 1622 1983 1673 majoribus.
2015 1623 2164 1662 consule

1122 1672 1242 1712 Barth.
1259 1675 1340 1712 adv.
1362 1674 1421 1711 lib.
1433 1687 1467 1712 x,
1496 1672 1619 1722 cap.8.
1645 1673 1867 1714 Muncxea.
1898 1673 1944 1713 de
1963 1685 2011 1713 eo
2022 1673 2164 1714 adVal.

1124 1723 1218 1762 Flac.
1237 1736 1290 1761 ιν.
1314 1735 1396 1772 351.
1426 1722 1642 1762 videbimus.

1172 1773 1192 1801 h
1221 1773 1402 1822 wdetun]
1433 1773 1579 1811 Solitum
1598 1774 1640 1821 est
1659 1775 1796 1815 Colon.

1176 1824 1259 1874 383.
1286 1824 1417 1862 Retulit
1438 1824 1623 1875 exitium]
1663 1825 1717 1863 Ita
1746 1827 1936 1876 distingue.
1960 1824 2022 1864 ubi
2040 1825 2164 1866 nescio

1124 1875 1204 1924 quis
1223 1876 1375 1913 exitium
1394 1876 1550 1913 narravit
1570 1877 1735 1914 virorum
1759 1877 1877 1927 Lycia
1895 1877 1941 1915 de
1966 1885 2088 1924 gente.
2116 1878 2166 1916 fic

1125 1925 1304 1964 Arondel.
1330 1926 1535 1964 HEINSIUS.
1570 1925 1624 1964 Ita
1644 1926 1827 1978 distinguit
1845 1929 1956 1967 etiam
1970 1927 2004 1964 S.
2025 1928 2163 1967 Petitus

1122 1975 1184 2013 lib.
1207 1988 1238 2014 1.
1261 1975 1349 2013 Obs.
1375 1988 1430 2014 10.

1176 2026 1259 2074 384.
1288 2026 1483 2064 Tritoniaca
1510 2026 1720 2077 arundine]
1761 2028 1873 2066 Tibia
1904 2040 1952 2066 ex
1980 2027 2159 2066 arundine

1125 2075 1340 2114 Tritoniaca
1361 2076 1552 2121 confecsta,
1588 2078 1637 2115 est
1655 2081 1754 2116 enim
1780 2079 2023 2126 metonymia.
2053 2076 2174 2114 Tritoae'

1125 2126 1179 2162 nis
1200 2136 1325 2165 autem
1352 2127 1450 2176 palus
1471 2127 1519 2164 est
1542 2127 1685 2176 Libyae
1699 2156 1708 2172 ‚
1734 2129 1838 2178 juxta
1860 2139 1970 2177 quam
1993 2127 2103 2165 Pallas
2123 2129 2162 2165 in

1127 2177 1294 2225 virginali
1319 2177 1444 2215 habitu
1471 2176 1666 2226 apparuiffe
1696 2179 1807 2217 fertur
1829 2207 1839 2223 ,
1868 2178 1965 2215 unde
1986 2177 2162 2216 Tritonia

1125 2235 1289 2266 vocatur.
1324 2229 1492 2265 Rectus.
1546 2228 1775 2266 Arundinem
1805 2228 2043 2265 Tritoniacam
2066 2255 2076 2271 ,
2113 2228 2162 2265 ti-

1126 2277 1223 2316 biam
1250 2290 1271 2316 a
1299 2279 1496 2323 Tritonia,
1524 2278 1560 2316 id
1582 2279 1630 2316 est
1650 2279 1791 2317 Pallade
1803 2280 2015 2321 inventam,
2051 2281 2164 2326 atque

1127 2328 1171 2366 ab
1190 2328 1320 2367 eadem
1347 2329 1526 2377 abje6tam
1555 2329 1798 2378 interpretare.
1835 2329 1935 2378 cujus
1972 2328 2024 2365 rei
2061 2327 2162 2366 idem

1128 2382 1240 2426 poeta
1264 2380 1303 2417 in
1323 2379 1356 2417 6.
1387 2380 1520 2417 Fastor.
1552 2380 1590 2416 &
1618 2379 1766 2428 Proper.
1793 2381 1830 2417 in
1868 2392 1902 2416 2.
1943 2378 2164 2416 meminere.

1127 2429 1250 2467 Cous.
1266 2429 1436 2467 Faunus.
1489 2428 1723 2466 Tritoniacam
1740 2429 1956 2467 arundinem
1977 2427 2138 2477 intellige
2150 2456 2162 2473 ,

1125 2489 1145 2515 a
1182 2479 1355 2516 Tritonia
1375 2507 1386 2523 ,
1422 2480 1497 2517 hoc
1525 2478 1572 2516 est
1598 2479 1742 2517 Pallade
1771 2481 1932 2529 primum
1959 2479 2165 2518 inventam.

1125 2539 1238 2576 quam
1264 2529 1387 2576 postea
1421 2529 1469 2566 ob
1502 2528 1777 2568 deformitatem
1798 2530 1919 2568 vultus
1938 2540 1983 2567 ex
2004 2529 2090 2566 flatu
2108 2530 2167 2566 in-

1127 2578 1360 2615 tumescentis
1380 2606 1390 2622 ,
1419 2579 1462 2617 ab
1490 2578 1619 2616 eadem
1647 2579 1714 2618 dea
1743 2580 1916 2629 rejectam
1937 2607 1949 2624 ,
1985 2580 2130 2628 Satyrus
2151 2606 2165 2625 ‚

1125 2629 1199 2665 hoc
1219 2628 1289 2673 est,
1318 2629 1477 2678 Marsyas
1507 2630 1672 2678 excepit,
1701 2631 1852 2679 ejusque
1882 2637 1991 2668 cantu
2017 2629 2163 2678 Apolli-

1126 2690 1212 2716 nem
1238 2681 1466 2726 ptovocavit.
1493 2678 1540 2716 fic
1558 2681 1657 2717 enim
1677 2681 1747 2729 ipsa
1763 2682 1873 2719 Pallas
1892 2679 1988 2730 apud
2000 2679 2163 2718 eundem

1128 2732 1281 2777 po'e'tain
1315 2742 1367 2767 vx.
1385 2730 1571 2767 Fastorum
1585 2731 1669 2779 697.
1685 2732 1751 2769 ait:

1180 2792 1305 2830 Prima
1323 2792 1488 2831 terebrato
1499 2803 1560 2843 per
1578 2807 1660 2830 rara
1670 2795 1852 2841 foramina
1872 2795 1960 2832 buxo
1972 2823 1985 2841 ,

1257 2849 1300 2879 Ut
1316 2843 1414 2880 daret
1435 2844 1524 2893 effeci
1537 2873 1547 2889 ,
1574 2844 1660 2882 tibia
1682 2845 1779 2895 longa
1791 2850 1902 2895 sonos.

1130 2892 1178 2930 Et
1197 2904 1308 2932 mox:

1182 2949 1371 2981 Inventam
1389 2950 1532 2994 Satyrus
1546 2945 1701 2994 primum
1719 2946 1872 2983 miratur
1897 2958 1940 2986 ω’
1957 2947 2056 2994 usam

1232 2995 1369 3043 Nescit,
1395 3008 1439 3035 (φ
1459 2997 1616 3046 afflatam
1630 2997 1741 3045 sentit
1761 2997 1882 3034 habere
1891 3000 2038 3046 sonum,
2064 3005 2135 3034 (ΨΥ,

1129 3045 1353 3083 Micutus.

1182 3097 1263 3142 384.
1292 3096 1456 3146 Latous]
1487 3097 1602 3134 Lat‘o'is
1622 3096 1759 3135 Strozz.
1788 3103 1891 3134 Latos
1906 3097 2030 3133 Patav.
2049 3093 2175 3140 forte,⁴

1130 3150 1260 3182 Lato'o‘s.
1289 3147 1433 3183 Hems.

1181 3197 1263 3243 385.
1290 3197 1432 3242 ,Adfecit
1447 3196 1588 3244 poena]
1618 3197 1752 3234 Melius
1770 3195 1997 3236 scriberetur,
2026 3192 2175 3239 Adficies

1131 3255 1169 3280 ut
1189 3254 1318 3291 poena,
1338 3248 1374 3281 ὃ(
1393 3257 1481 3281 moi<
1497 3272 1506 3287 ‚
1535 3258 1600 3280 non
1627 3259 1658 3280 es
1684 3245 1771 3281 mihi
1801 3244 1886 3280 tibia
1913 3244 2020 3280 tanti.
2047 3253 2084 3281 ut
2107 3257 2177 3283 vt..

1134 3294 1222 3332 l‘ai't.
1245 3304 1327 3340 701.
1380 3294 1499 3332 Valeas
1518 3307 1592 3332 mea
1612 3294 1709 3333 tibia.
1765 3294 1907 3332 Heius.
2139 3344 2164 3382 h
