2483 3616
287 158 1522 225 METAMORPHOSEON
1591 164 1735 225 141ss.

1807 170 1862 229 V
1872 171 1910 232 Ῑ.
2063 189 2166 243 407

335 260 676 333 Diriguitque
702 258 864 312 malis,
905 259 1075 312 nullos
1100 270 1284 314 movet
1310 276 1432 313 aura
1457 259 1685 330 capillos,

329 334 389 388 In
409 333 556 387 vultu
585 330 735 384 color
760 329 833 384 est
859 329 965 385 line
988 330 1263 401 sanguine:
1303 332 1499 386 lumina
1524 330 1737 386 moestis

192 423 291 474 305
329 405 479 458 Stant
501 403 723 456 immota
747 403 919 473 genis:
959 402 1089 456 nihil
1113 402 1264 457 estin
1288 403 1518 474 imagine
1540 404 1662 458 vivi.

327 476 435 545 Ipsa
457 492 674 547 quoque
699 475 918 528 interius
942 492 1066 528 cum
1092 474 1229 529 duro
1255 476 1432 546 lingua
1456 476 1630 547 palato

323 546 590 617 Congelat
612 588 627 612 ‚
664 546 717 599 δε
743 564 907 601 venae
936 546 1185 602 defistunt
1209 546 1352 619 poffe
1377 548 1599 602 moveri.

321 619 439 672 Nee
465 617 609 672 fleffl
631 618 843 682 cervix,
884 637 984 674 nec
1009 619 1217 674 brachia
1241 618 1470 673 reddere
1494 619 1692 691 gestUS‚

321 689 438 745 Nec
462 707 554 762 pes
578 691 655 745 ire
680 691 866 762 potest.
905 692 1039 745 intra
1067 709 1285 764 quoque
1309 690 1504 745 viscera
1529 691 1708 746 saxum
1730 690 1818 746 est.

181 779 283 826 310
317 760 435 816 Flet
463 775 669 824 tamen,
710 763 765 816 δε
792 763 947 818 validi
972 765 1296 817 circumdata
1322 762 1534 818 turbine
1562 764 1709 819 venti

321 835 381 888 In
411 835 635 906 patriam
658 847 802 905 rapta
830 834 918 888 est.
957 834 1048 888 ubi
1073 836 1174 888 fixa
1202 835 1476 889 cacumine
1503 836 1701 889 montis

316 906 597 979 Liquitur,
635 906 690 960 δε
716 907 949 961 lacrimas
976 908 1268 961 etiamnum
1292 924 1554 962 marmora
1577 919 1805 963 manant.

30 1122 230 1174 Dionysius
252 1123 453 1163 Lambinus
471 1136 659 1174 exponens
680 1124 767 1164 illud
784 1124 843 1164 lib.
856 1136 910 1162 w.
937 1124 1064 1163 Carm.

0 1207 1 1212 ,
28 1173 175 1212 Horatii
196 1174 282 1213 Ode
306 1188 359 1213 v1.
395 1175 507 1212 Proles
530 1175 703 1220 Niobaea,
731 1177 821 1213 haec
843 1176 932 1213 scitu
954 1175 1063 1224 digna

31 1235 77 1261 ex
98 1225 257 1262 Homeri
277 1226 472 1273 interprete
493 1225 687 1263 transtulit:
715 1226 839 1263 Niobe
860 1225 1010 1263 Tantali
1022 1226 1065 1263 fi-

31 1273 80 1311 lia
105 1275 327 1324 Amphionis
352 1287 468 1319 uxor,
496 1274 589 1313 filios
617 1286 663 1312 ex
686 1287 732 1313 eo
752 1275 901 1324 suscepit
921 1276 1065 1314 duode-

31 1324 130 1368 cim,
159 1325 218 1362 sex
241 1337 379 1368 mares,
406 1324 638 1374 totidemque
664 1326 832 1363 feminas.
861 1327 1065 1364 Haeclibe-

29 1384 155 1412 rorum
189 1375 420 1412 multitudine
449 1375 488 1412 &
517 1376 784 1424 pulchritudine
807 1377 1065 1420 ferOX‚Lato-

28 1432 116 1460 nam
138 1435 221 1472 prae
241 1425 276 1462 se
308 1434 546 1463 contemnere
575 1425 656 1463 ausa
688 1427 760 1471 est,
802 1438 886 1464 cum
909 1426 1065 1473 diceret,

30 1473 127 1510 illam
151 1474 242 1512 duos
263 1474 379 1513 solum
401 1473 588 1523 peperiffe,
603 1477 815 1524 Apollinem
838 1478 876 1515 δὲ
890 1477 1061 1516 Dianam:

32 1522 67 1560 se
88 1523 296 1562 duodecim.
350 1525 488 1563 Iccirco
501 1526 564 1563 Dii
579 1526 669 1571 ‚hac
688 1527 912 1565 contumelia
925 1527 1067 1573 offensi,

32 1574 178 1612 Niobae
195 1574 287 1612 filios
307 1574 352 1613 ad
371 1587 487 1613 unum
517 1577 800 1615 interemerunt:
825 1578 964 1626 Apollo
984 1590 1064 1616 ma-

30 1622 146 1661 sculos
162 1625 199 1662 in
223 1625 444 1663 Cithaerone
465 1634 639 1664 venantes
651 1642 663 1670 ;
697 1628 816 1664 Diana
835 1628 989 1666 feminas
1009 1630 1067 1666 in-

32 1681 84 1710 tra
105 1676 255 1722 parietes
272 1675 488 1713 domesticos
513 1704 523 1721 ,
552 1678 590 1714 &
609 1677 882 1725 propemodum
903 1679 940 1716 in
959 1691 1065 1716 com-

33 1723 145 1771 plexu
173 1725 211 1762 &
233 1727 375 1774 gremio
397 1726 543 1770 marm,
573 1726 703 1775 sagittis
725 1727 889 1766 confixit.
938 1729 1066 1778 Juppi-

35 1781 90 1810 ter
111 1783 234 1812 autem
259 1777 406 1813 Nioben
425 1775 500 1814 suas
521 1777 676 1815 miserias
715 1777 910 1816 deflentem
930 1791 972 1817 ac
1002 1780 1066 1817 de-

31 1824 234 1871 plorantem
258 1826 466 1870 miseratus,
492 1838 573 1864 eam
598 1828 635 1865 in
664 1828 787 1866 saxum
806 1831 936 1866 vertit:
962 1830 1065 1879 quod

31 1873 143 1923 usque
161 1874 205 1912 ad
227 1876 300 1913 hoc
327 1885 471 1924 tempus
497 1878 560 1924 (ut
579 1878 708 1925 aiunt)
735 1880 773 1916 in
806 1879 932 1928 Sipylo
955 1892 1066 1918 mon-

32 1930 69 1960 te
94 1925 269 1974 Phrygiae
307 1927 550 1976 lacrymarum
593 1928 714 1966 fontes
758 1929 982 1976 profundens
1019 1931 1063 1967 ab

33 1975 203 2013 omnibus
221 1978 387 2015 cernitur.
442 1978 547 2016 Haec
565 1978 604 2015 &
621 1979 722 2027 plura
742 1980 955 2018 Lambinus.
968 1980 1063 2018 Cio-

33 2034 173 2063 FANU&

87 2085 169 2121 312.
197 2077 371 2125 Lacrymis
402 2077 507 2114 etiam
537 2091 629 2115 nunc
659 2085 842 2116 Marmora
870 2080 1059 2130 manant.]

37 2126 224 2171 Lacrymas
252 2137 400 2163 manant
427 2128 655 2166 Florentinus
687 2131 721 2167 S.
753 2131 897 2174 Marci,
924 2132 1063 2179 primus

37 2171 253 2219 Mediceus,
281 2177 318 2212 &
340 2189 430 2214 unus
450 2177 652 2216 Bafileenfis
675 2192 760 2217 cum
782 2181 938 2225 Norico,
952 2192 1064 2230 quem

37 2233 83 2259 ex
103 2223 242 2271 publica
253 2225 404 2263 civitatis
415 2229 547 2274 patriae
566 2229 790 2268 Bibliotheca
802 2231 1063 2279 depromptum

40 2272 84 2309 ad
105 2285 164 2310 me
194 2273 288 2312 mifit
307 2275 361 2312 vir
381 2275 600 2316 doctissimus
625 2280 904 2328 Christophorus
925 2281 1063 2319 Arnol-

37 2321 300 2409 &sbvenuste
352 2325 487 2364 Seneca
514 2328 797 2377 Agamemnone
822 2332 903 2380 376.
929 2331 991 2371 ubi
1017 2331 1064 2370 de

78 2383 115 2409 io
144 2385 184 2410 e:

90 2428 168 2458 Stat
188 2436 278 2460 nunc
297 2423 400 2473 Sipyli
417 2425 544 2463 vertice
556 2427 693 2475 summo

89 2471 213 2509 Flebile
219 2474 351 2522 fizxum
364 2503 374 2519 ‚
402 2486 446 2515 ω’
462 2477 576 2513 adhuc
591 2478 761 2526 lacrymas

88 2522 216 2570 Moesta
236 2534 414 2562 aeternum
433 2539 609 2564 marmora
630 2538 790 2565 manant.

39 2570 86 2609 ita
114 2575 329 2612 veterrimus
358 2575 446 2614 liber
476 2577 678 2615 Mediceus.
705 2578 812 2626 poffit
839 2579 878 2616 ὃς
904 2578 1000 2628 legi,
1026 2587 1067 2619 ut

38 2621 202 2671 vulgatae
220 2623 410 2673 scripturae
432 2628 579 2676 propius
602 2628 813 2673 accedatur,

337 2686 381 2714 ω’
400 2676 515 2713 adhuc
537 2677 709 2726 lacrymas

87 2728 269 2761 Marmora
288 2737 438 2763 manant
455 2728 604 2776 antiqua
624 2741 747 2765 novas.

39 2783 124 2810 nam
173 2783 370 2824 utrumque
406 2777 565 2826 agnoscit
607 2778 831 2817 membrana.
869 2778 936 2817 nifi
963 2779 1066 2829 quod

39 2828 220 2860 Marmora
242 2826 403 2867 fundunt
435 2839 518 2864 curn
546 2827 697 2876 vulgatis
728 2829 796 2865 illa.
848 2830 1069 2877 Respexerat

37 2871 135 2910 haud
154 2873 260 2911 dubie
272 2875 368 2912 hunc
379 2877 531 2913 Nasonis
548 2877 675 2915 locum
696 2878 842 2916 Seneca.
862 2880 1066 2918 Pliniuslib.

38 2932 115 2958 XIV.
137 2933 214 2971 cap.
238 2935 298 2961 20.
333 2925 510 2962 Arborum
524 2926 621 2974 succo
650 2929 874 2965 manantium
887 2929 995 2978 picem
1014 2944 1066 2966 re-

31 2969 233 3021 finamque,
264 2973 352 3010 aliae
379 2984 471 3011 ortae
501 2976 539 3012 in
566 2978 713 3022 oriente,
750 2978 840 3015 aliae
867 2979 905 3016 in
931 2984 1064 3029 Europa

30 3021 208 3065 feruntur.
233 3023 292 3060 lib.
304 3036 447 3062 xxxvu.
463 3037 517 3062 10.
543 3026 651 3071 Jovis
663 3040 799 3075 gemma
820 3029 858 3065 in
870 3029 999 3066 attritu
1002 3032 1063 3077 su-

41 3069 154 3104 dorem
166 3079 369 3120 purpureum
389 3085 524 3111 manat.
553 3077 616 3124 qui
634 3077 735 3115 locus
760 3090 838 3116 non
867 3079 915 3116 est
934 3080 1063 3118 sollici-

39 3117 178 3155 tandus.
203 3120 262 3158 lib.
289 3134 400 3160 xxxix.
431 3135 507 3173 cap.
528 3136 563 3174 3.
589 3126 688 3163 Utilis
705 3137 748 3166 ω’
775 3128 896 3175 succus
925 3130 1062 3178 saniem

40 3168 278 3206 manantibus.
328 3172 470 3210 Auctor
509 3175 664 3213 incertus
692 3176 737 3214 de
769 3179 1059 3228 Orthographia:

41 3221 194 3303 ling-mat
206 3217 367 3305 ch‘i'mfiv‘
389 3232 483 3263 terra
501 3236 630 3275 aquam
644 3252 655 3272 a
675 3224 713 3262 id
732 3225 774 3275 est
787 3227 896 3276 gignit
914 3239 956 3270 (9¹
985 3238 1064 3282 ΡΥΕἸ

120 3278 185 3305 om.
251 3295 259 3307 .

2010 995 2166 1053 Fan.

1121 1123 1229 1163 ducit.
1254 1125 1442 1172 Juvenalis
1469 1125 1592 1176 Satyra
1609 1124 1770 1164 VL6221
1805 1123 1852 1163 de
1879 1120 2037 1162 Claudio
2067 1121 2164 1168 Cae-3

1119 1176 1217 1214 sare:

1173 1224 1234 1261 Ille
1246 1224 1338 1271 finis
1359 1226 1614 1276 tremulumque
1633 1235 1732 1275 caput
1752 1225 1946 1273 distendere
1958 1220 2057 1278 juffi't

1172 1282 1214 1311 In
1238 1275 1363 1313 coelum
1378 1305 1388 1320 ‚
1417 1288 1460 1315 &⁴
1482 1276 1620 1324 longam
1640 1275 1827 1312 manantia
1848 1274 1948 1311 labra
1962 1273 2137 1320 salivaml

1120 1326 1169 1363 ita
1192 1325 1337 1363 codices
1355 1326 1485 1364 vetusti
1505 1337 1637 1375 magna
1669 1339 1714 1364 ex
1744 1334 1856 1374 parte.
1910 1324 2015 1362 Idem
2048 1322 2163 1370 juve-3

1119 1377 1207 1414 nalis
1227 1376 1298 1413 Sat.
1315 1388 1376 1414 xv.
1400 1378 1481 1425 136.

1429 1428 1524 1476 cujus
1544 1425 1735 1464 manantia
1750 1423 1873 1474 fletum

1174 1482 1246 1513 Ora
1268 1477 1435 1526 puellares
1446 1477 1590 1524 jaciunt
1607 1478 1737 1514 incerta
1757 1476 1881 1525 capilli.
2002 1523 2009 1531 ι

1125 1528 1172 1565 ita
1192 1528 1348 1566 vetustus
1368 1529 1456 1566 liber
1477 1528 1681 1565 Voffianus.
1694 1527 1741 1564 sic
1762 1538 1906 1563 manare
1918 1522 2164 1579 poiitzcamella

1125 1579 1258 1616 Horat.
1280 1579 1318 1616 in
1339 1580 1447 1627 Epist.
1469 1591 1586 1616 1.X1x.
1604 1590 1662 1623 44.
1678 1577 1725 1614 fic
1740 1574 2167 1625 pluere‚st1llare,rorare

1126 1630 1163 1665 ἃ
1194 1628 1321 1667 fimilia
1347 1629 1457 1666 verba
1490 1629 1599 1666 etiam
1629 1639 1714 1664 cum
1742 1635 1874 1675 quarto
1904 1637 2026 1669 nunc,
2061 1635 2162 1661 nunc

1120 1689 1204 1715 cum
1229 1678 1309 1716 casu
1327 1679 1429 1716 sexto
1445 1678 1660 1727 jungebant.
1690 1677 1832 1714 Solinus
1855 1687 1930 1723 cap.
1950 1687 2022 1731 xx3
2040 1673 2160 1710 Pada-

1121 1741 1184 1764 nac
1197 1727 1311 1776 silvae
1331 1729 1519 1765 creduntur
1547 1728 1694 1777 lapidem
1711 1725 1848 1776 flevisse.
1881 1725 1954 1774 ipse
1986 1724 2084 1764 Naso
2103 1724 2161 1762 A·

1100 1779 1284 1816 moribus
1304 1792 1366 1816 111.
1379 1792 1452 1816 xix.
1467 1790 1524 1826 37.

1172 1829 1265 1865 Flere
1282 1842 1385 1877 genas
1402 1829 1523 1866 eleolra
1543 1839 1622 1865 tuas
1634 1855 1643 1873 ,
1663 1827 1784 1876 auriga
1797 1855 1806 1870 ‚
1823 1826 1965 1874 sorores.

1120 1878 1218 1916 Vide
1248 1891 1343 1928 quae
1371 1889 1465 1918 noto
1492 1878 1538 1917 ad
1566 1878 1755 1916 Claudian.
1780 1877 1840 1914 lib.
1865 1889 1895 1915 1.
1915 1879 1953 1915 in
1974 1875 2098 1914 Rufin.
2125 1877 2165 1916 vl

1121 1929 1204 1978 383.
1233 1930 1271 1966 &
1294 1930 1567 1979 Epigrammate
1593 1930 1631 1966 in
1661 1927 1838 1975 Jacobum
1872 1927 2088 1976 Magistrum
2110 1927 2162 1963 E-

1118 1982 1275 2028 quitum.
1294 1980 1355 2018 ubi
1374 1979 1476 2026 fluere
1495 1980 1583 2016 vina
1603 1979 1724 2016 habes.
1752 1977 1852 2013 Oculi
1888 1978 2018 2014 vinum
2046 1977 2161 2031 lacry-

1118 2037 1253 2066 mantes*
1271 2031 1421 2079 caligant
1436 2059 1446 2075 ,
1472 2029 1569 2079 apud
1591 2029 1774 2066 Rutilium·
1803 2028 1954 2075 Lupum
1974 2027 2019 2064 de
2038 2025 2159 2075 figuris

1117 2080 1345 2118 scientiarum
1364 2081 1425 2118 lib.
1447 2093 1494 2118 11.
1520 2080 1726 2116 Venantius
1747 2077 1979 2131 Fortunatus.

1169 2131 1320 2168 caudice
1338 2130 1461 2180 deseffio
1482 2130 1655 2178 lacrymat
1665 2130 1732 2177 sua
1750 2126 1883 2176 gaudia
1904 2135 2007 2163 vous.

1121 2180 1294 2218 Prudent.
1312 2182 1483 2218 Cathem.
1505 2181 1664 2228 Hymno
1684 2190 1774 2214 v111.

1169 2231 1314 2279 Arbusti
1332 2231 1496 2280 quoniam
1516 2230 1670 2277 visfacit
1692 2228 1790 2283 ignea

1173 2281 1323 2318 Imbrem
1344 2282 1385 2318 de
1401 2280 1540 2319 madido
1546 2278 1631 2329 flore
1650 2291 1837 2315 cacumme.

1122 2331 1180 2369 Sic
1201 2333 1238 2369 &
1253 2332 1388 2381 plorare
1409 2331 1565 2380 balsama
1587 2328 1809 2366 Dracontius
1828 2327 2094 2364 Hexa‘e‘merot
2146 2376 2160 2384 q

1169 2382 1333 2429 Balsama
1351 2381 1528 2430 Caestzreos
1539 2379 1678 2428 plorant
1697 2376 1853 2425 virgulta
1871 2385 1929 2425 per
1948 2389 2066 2424 agros,
2152 2426 2159 2431 ἃ

1173 2436 1219 2468 Et
1241 2431 1345 2467 nimis
1360 2429 1565 2476 ambr-olium
1585 2429 1756 2476 lacrymae
1785 2427 1867 2462 dent
1885 2439 2011 2463 munus
2032 2424 2158 2464 odores.

1122 2479 1177 2518 Ita
1222 2481 1260 2518 in
1289 2482 1431 2529 optima
1461 2478 1646 2517 Sirmondi
1681 2477 1867 2520 editione;
1903 2476 1963 2513 secl
1979 2476 2081 2513 locus
2106 2476 2157 2514 est

1123 2529 1341 2574 mendosus,
1362 2529 1452 2579 quid
1479 2530 1580 2566 enim
1613 2527 1689 2577 agri
1722 2527 1880 2576 Caesarei
1908 2525 1973 2564 fibi
1993 2524 2156 2573 volunt}

1124 2580 1259 2628 opinor
1276 2581 1405 2628 reponi
1423 2579 1577 2617 debere:
1721 2627 1729 2634 ·

1171 2629 1352 2678 Balsamca
1375 2629 1526 2678 Assyrios
1544 2637 1666 2666 rorant
1688 2627 1845 2676 virgulta
1860 2635 1917 2677 por
1933 2639 2050 2675 agros,
2086 2676 2095 2683 “

1169 2684 1215 2715 Et
1225 2678 1339 2728 fimile
1358 2678 1534 2725 Ambrofio
1555 2678 1726 2727 lacrymas
1744 2678 1832 2714 dant
1852 2690 1979 2714 munus
2001 2677 2107 2714 odorr-

1120 2729 1191 2767 Vel
1211 2729 1450 2780 Balsamaque.
1475 2729 1502 2766 fi
1528 2730 1608 2778 quis
1645 2728 1783 2777 plorant
1812 2727 1909 2765 haud
1936 2727 2157 2765 mutandum

1121 2782 1262 2824 censet,
1289 2792 1367 2818 non
1388 2780 1546 2817 omnino
1564 2777 1744 2816 dissentio.
1771 2789 1855 2815 nam
1881 2779 1918 2815 &
1937 2778 2072 2814 Plinius
2090 2777 2154 2814 lib.

1121 2842 1193 2867 xix.
1222 2842 1300 2879 cap.
1329 2842 1416 2868 xxv.
1437 2830 1483 2867 de
1503 2829 1694 2866 Balsamo:
1721 2828 1845 2864 Tenuis
1869 2837 1990 2876 guttae
2016 2826 2157 2874 ploratu

1123 2880 1303 2927 colligitur.
1328 2880 1426 2918 reete
1446 2887 1570 2917 autem
1593 2877 1746 2927 Assyrios
1759 2886 1818 2927 per
1835 2891 1951 2926 agros,
1980 2888 2062 2913 cum
2076 2887 2155 2931 non

1120 2931 1158 2967 in
1181 2930 1254 2968 sola
1271 2931 1427 2978 Judaea,
1455 2929 1516 2967 sed
1535 2930 1573 2968 in
1594 2929 1695 2978 Syria
1715 2939 1866 2978 quoque
1889 2927 2084 2964 balsamum
2097 2936 2154 2972 gi-

1117 2987 1248 3029 gnatur
1261 2981 1369 3025 ‚teste
1378 2981 1509 3018 Plinio.
1536 2991 1600 3028 per
1618 2978 1795 3027 Caesareos
1815 2987 1937 3016 tamen
1957 2988 2048 3022 agros
2067 2979 2156 3009 Cae-

1110 3031 1213 3078 sareu
1232 3031 1449 3068 Palaestinae
1469 3030 1549 3068 urbs
1568 3027 1684 3078 poffet
1701 3028 1863 3076 intelligi.
1892 3025 1995 3062 calore
2014 3022 2153 3059 animas

1117 3081 1302 3128 Juvenalis
1324 3082 1414 3119 dixit
1433 3081 1556 3129 Satyra
1573 3080 1688 3128 prima
1701 3106 1712 3123 ,
1737 3079 1794 3116 irs.
1808 3079 1866 3133 81.

1170 3136 1225 3168 Ex
1248 3144 1311 3179 quo
1333 3131 1524 3167 Deucalion
1542 3129 1668 3166 nimbis
1690 3126 1885 3164 tollentibus
1902 3136 2040 3178 aequor.
2075 3176 2082 3180 .

1172 3181 1323 3227 Navigio
1343 3191 1493 3217 montem
1512 3178 1708 3227 adscendit,
1728 3176 1897 3228 fortesque
1916 3173 2079 3221 poposcit,

1169 3229 1416 3280 Paulatimque
1440 3229 1577 3266 animas
1595 3227 1772 3263 caluerunt
1789 3223 1905 3263 mollia
1919 3224 2024 3272 saxa.

1606 3275 1707 3313 Fff
2094 3273 2151 3312 Ita
