2483 3616
312 93 1553 178 METAMORPHosEoN
1626 111 1746 168 ιω.
1795 114 1930 175 v111.

2086 133 2188 191 557

329 233 723 299 Diffortemque
748 236 907 279 utero
935 224 1144 279 foetum
1176 224 1312 279 tulit.
1350 224 1548 298 ecquid
1575 225 1642 279 ad
1667 245 1817 283 aures

330 301 652 361 Perveniunt
680 315 798 352 mea
823 296 961 352 dida
987 298 1130 351 tuas?
1172 315 1238 352 an
1262 298 1434 352 inania
1459 299 1605 354 venti

187 398 280 448 135
320 375 498 433 Verba
524 373 731 433 ferunt;
773 371 1029 444 idemque
1055 384 1197 434 tuaS,
1234 370 1470 441 ingrate,
1508 371 1742 428 carinas?

313 449 431 520 Jam
455 446 559 517 jam
585 444 873 516 Pasiphaen
899 461 1009 498 non
1035 443 1110 498 est
1133 442 1371 498 mirabile
1397 456 1610 500 taurum

323 517 679 591 Praeposuisse
706 517 826 571 tibi:
871 530 928 571 tu
955 517 1069 589 plus
1097 515 1318 570 feritatis
1345 517 1587 572 habebas.

320 592 420 647 Me
451 591 720 645 miseram!
764 607 1052 662 properare
1077 587 1251 659 juvat:
1293 588 1598 663 divulsaque
1623 592 1781 645 remis

317 664 478 719 Unda
501 664 663 718 sonat.
706 681 917 717 mecum
943 662 1093 716 simul
1118 661 1207 715 ah!
1250 680 1368 716 mea
1393 676 1532 716 terra
1556 665 1778 719 recedit.

181 758 276 811 140
309 738 398 793 Nil
424 738 555 808 agis,
597 738 630 790 o
656 735 841 790 frustra
865 735 1182 788 meritorum
1209 734 1373 788 oblite
1395 753 1656 790 meorum.
1790 734 1793 737 ’

318 811 564 881 Insequar
590 809 844 862 invitum:
883 807 1211 879 puppimque
1236 809 1478 879 amplexa
1502 827 1780 864 recurvam
1796 850 1812 874 ‚

317 883 423 937 Per
448 883 581 936 freta
611 883 770 953 longa
799 881 988 935 trahar.
1024 879 1116 932 vix
1139 878 1379 942 dixerat3
1419 881 1573 935 infilit
1605 883 1803 945 undas;

313 955 785 1027 Consequiturque
815 966 983 1015 rates,
1019 950 1249 1005 faciente
1277 952 1547 1025 Cupidine
1572 955 1724 1008 vires,

310 1027 712 1100 Gnosiacaeque
738 1026 921 1081 haeret
947 1041 1129 1078 comes
1155 1024 1413 1080 invidiosa
1438 1026 1661 1080 carinae.

36 1231 95 1282 stri
112 1259 123 1280 ,
149 1229 248 1282 quod
289 1228 542 1280 conjeeruram
592 1226 808 1277 Capoferrei
855 1225 1061 1265 confirmat.

39 1283 237 1322 BuxMANN.

89 1334 164 1373 128.
189 1333 249 1371 sed
268 1342 387 1370 tamen
406 1344 448 1368 ex
467 1329 538 1367 illis
557 1328 697 1380 aliquis.
714 1327 729 1378 ]
786 1335 847 1365 Me
866 1338 984 1365 tamen
1008 1339 1071 1377 ap-

40 1384 145 1434 pofita
173 1385 210 1423 ὅτ
237 1383 374 1422 efficaci
406 1382 628 1431 repetitione
664 1391 759 1419 unus
795 1381 1072 1417 Gronovianus.

44 1436 177 1474 Hirrus.
203 1435 260 1474 Sic
280 1434 384 1484 Virg.
404 1446 455 1472 ix,
478 1443 562 1479 427.
1028 1479 1035 1485 .

86 1491 145 1524 Me
169 1515 179 1532 ,
213 1499 264 1524 me
302 1485 460 1535 (adsum
491 1483 552 1534 qui
565 1481 670 1531 feci)
719 1481 759 1519 in
793 1495 847 1519 me
880 1490 1069 1518 converttte

203 1538 340 1581 ferrum.

90 1599 169 1636 129.
194 1587 343 1625 Crimine
371 1584 516 1635 nostre.]
572 1590 720 1623 Munere
752 1583 858 1632 nostro
879 1581 1067 1621 Leidenfis

41 1648 104 1687 pro
123 1638 217 1676 varia
235 1637 402 1676 leffione.

93 1699 172 1738 130.
199 1687 380 1740 Insequeris
407 1686 573 1737 crimen]
590 1687 679 1725 Non
703 1686 814 1725 obvia
835 1684 936 1723 verbi
961 1685 1070 1733 hujus

43 1737 243 1788 significatio
264 1751 328 1788 pro
351 1739 554 1777 insectaris:
584 1739 622 1775 &
643 1739 691 1775 ita
712 1737 804 1776 sumi
827 1736 923 1785 apud
944 1736 1072 1773 Histo-

42 1789 108 1828 riae
127 1789 305 1839 Augustae
324 1790 512 1839 scriptores
535 1789 663 1826 docuit
685 1786 874 1826 Salmasius
898 1786 942 1824 ad
966 1786 1071 1834 Spar-

41 1839 122 1878 tian.
153 1840 328 1879 Hadrian.
347 1853 424 1890 cap.
455 1852 509 1879 1v.
537 1841 575 1879 &
597 1839 787 1889 Lamprid.
814 1837 960 1887 Elagab.
980 1849 1070 1875 vixx.

41 1887 248 1930 BuRMANN.

90 1953 169 1991 131.
196 1940 352 1989 Officium
379 1941 442 1979 tibi
453 1940 542 1991 fia]
574 1940 651 1978 Tibi
662 1939 710 1988 fit
731 1938 1069 1988 Cantabrig.&pro

42 1989 178 2030 diversa
194 1992 355 2030 lectione
377 1993 474 2040 prior
495 1992 628 2030 Erfurt.
641 1992 679 2029 δε
698 1992 796 2041 prior
807 1991 1071 2038 Hamburgen-

39 2039 89 2078 fis.
119 2041 265 2079 Deinde
286 2054 330 2079 ex
347 2043 554 2080 melioribus
567 2070 578 2088 ‚
606 2053 728 2080 revere
746 2043 881 2092 conjuge
898 2041 1002 2090 digna
1014 2040 1071 2088 est,

39 2101 228 2136 nonvvero.
254 2092 399 2130 Hfims.

94 2152 135 2190 ¹3
143 2151 177 2190 3.
207 2142 462 2192 Discordemque
480 2153 571 2180 utero
586 2145 722 2190 fhetum
743 2142 868 2193 tulit.]
883 2141 1076 2192 Quicquid

0 2210 2 2219 ι
34 2189 291 2241 'obloquuntur
312 2192 388 2229 libri
415 2200 577 2239 veteres,
603 2206 766 2243 repone,
794 2193 976 2243 Diffirtem
998 2198 1074 2240 soe-

43 2250 142 2286 tum‚
170 2243 208 2279 &
239 2243 297 2280 adi
326 2254 420 2292 quae
447 2251 617 2283 notamus
642 2244 687 2282 ad
716 2245 915 2294 Epistolam
937 2244 1073 2294 Ulyffis

1 2301 3 2325 l
44 2291 220 2330 Sabiniani
240 2294 290 2332 vs.
304 2304 360 2342 35.
390 2299 500 2330 uerte
519 2295 557 2332 in
577 2295 786 2344 fragmento
806 2296 1074 2334 Boxhorniano

2 2357 5 2376 ;
43 2342 301 2394 Difiortemque.
337 2343 546 2381 Columella
571 2352 696 2383 tamen
721 2346 814 2384 libro
832 2359 886 2384 vx.
914 2358 991 2395 cap.
1016 2347 1075 2395 36.

3 2414 5 2418 Δ
44 2394 300 2441 Discordantem
322 2405 417 2431 utero
432 2398 495 2443 suo
513 2396 642 2443 generis
661 2395 766 2432 alieni
775 2397 916 2446 stirpem
935 2394 1076 2446 insitam

4 2459 5 2485 ;
38 2443 139 2489 facile
157 2446 316 2494 recipiat,
343 2445 389 2483 de
411 2445 584 2494 equabus.
611 2446 757 2483 Hzms.

89 2506 163 2544 135.
191 2496 364 2546 fidemque
384 2495 509 2545 tuas.]
551 2495 645 2532 Idem
667 2525 678 2541 ‚
714 2495 855 2533 etiamsi
897 2496 1074 2545 synaerefi

5 2554 7 2579 ῑ
45 2541 234 2594 disyllabon
255 2548 393 2585 fadum
414 2546 463 2584 est
478 2575 487 2590 ‚
515 2556 641 2584 tamen
659 2547 795 2595 duplici
815 2547 826 2583 i
843 2546 1073 2585 scribendum

6 2631 8 2638 ,
45 2602 134 2642 erat,
160 2598 277 2636 minus
297 2599 396 2635 enim
417 2596 465 2635 fic
485 2599 652 2635 incautos
676 2598 787 2635 fallet.
814 2598 1075 2637 GLAREANUS.

93 2646 172 2695 138.
199 2648 451 2697 Memiseram‚
474 2657 651 2698 properare
667 2647 800 2696 jubet.]
832 2648 977 2687 Omnes
992 2650 1073 2687 libri

8 2729 9 2732 ,
46 2692 174 2752 scripti,
213 2704 391 2748 Properare
402 2702 526 2748 juvat.
580 2697 696 2747 Quod
725 2697 808 2736 sane
838 2700 1071 2738 retinendum

8 2770 9 2777 .
46 2744 190 2786 videtur.
202 2749 314 2788 Cxor.
340 2756 519 2798 Properare
532 2751 642 2800 juvat
664 2749 847 2788 meliores.
873 2759 1072 2802 utrumque

8 2827 9 2830 ,
48 2795 194 2842 probum
214 2800 270 2838 est.
300 2801 510 2839 Hnmsms.

97 2847 174 2897 138.
202 2849 418 2899 Divulsaque
438 2851 539 2888 remis
558 2851 658 2888 Unda
677 2850 822 2901 [Μαι]
876 2851 919 2888 In
938 2852 1074 2889 eodem

9 2923 12 2942 2
48 2905 153 2942 meo,
183 2900 373 2950 Divisitque
390 2905 502 2938 remis.
530 2903 697 2939 ClofAN.
750 2901 943 2951 Divisaque
961 2905 1073 2939 etiam

47 2945 186 2993 plurimi
202 2950 328 2999 scripti.
358 2951 421 2988 nili
443 2953 545 3000 quod
566 2952 770 3001 diversaque
788 2961 946 3000 quatuor
960 2981 969 2994 ‚
999 2953 1069 2997 dif-

39 2996 183 3045 fusaque
201 3012 288 3039 unus
307 3001 568 3045 Bononienfis;
598 3003 799 3052 dimissaque
822 3003 921 3040 alius.
949 3003 1070 3040 Hein—

8 3062 13 3070 ν
47 3043 114 3083 fius
132 3049 353 3097 conjecerat,
383 3051 568 3101 diffisaque.

101 3107 178 3143 139.
207 3104 403 3152 Mecumque
419 3103 525 3150 simul
543 3116 617 3138 mea
637 3113 729 3139 terra
748 3101 901 3150 recedit]
931 3109 1072 3139 M‘ecum

43 3144 150 3192 fimul
170 3147 215 3183 ah
234 3162 306 3186 mea
324 3163 413 3188 terra
435 3153 593 3190 Florent.
616 3153 649 3189 S.
672 3154 788 3189 Marci
805 3181 814 3196 ‚
842 3154 940 3200 prior
954 3154 1073 3188 Ham—

53 3195 149 3243 burg.
182 3199 283 3244 prim.
307 3201 441 3240 Medic.
464 3204 620 3240 Noricus
654 3203 692 3238 ὃς
724 3203 799 3238 duo
829 3203 899 3239 alii.
938 3215 1072 3238 mecam

55 3242 151 3284 simul
169 3258 212 3287 <9-
242 3248 326 3288 alter
346 3251 476 3292 Erfurt.
504 3255 543 3292 &
574 3253 791 3301 Berncgger.
812 3253 850 3289 in
872 3263 948 3300 quo
970 3260 1072 3289 vetus

1983 1102 2163 1176 Quam

1128 1225 1242 1264 lefftio
1265 1227 1408 1275 penitus
1433 1234 1508 1264 erat
1540 1226 1645 1264 erasa.
1675 1240 1808 1265 mecum
1818 1227 1927 1276 fimul
1945 1242 2020 1266 mea
2044 1229 2168 1267 Aron-

1127 1276 1196 1314 del.
1227 1276 1299 1323 fine
1321 1290 1374 1314 me
1394 1275 1502 1325 fimul
1523 1288 1565 1316 ω’
1588 1291 1662 1313 mea
1682 1288 1773 1314 terra
1801 1279 2097 1318 Zulichemianus
2126 1283 2167 1318 &

1127 1327 1365 1365 Genevenlis.
1393 1328 1502 1366 Latet
1523 1340 1680 1366 acumen
1703 1329 1875 1374 aliquod,
1901 1331 2002 1378 quod
2027 1331 2165 1375 elicies,

1125 1378 1163 1415 ni
1186 1378 1313 1424 fallor,
1342 1378 1368 1416 fi
1389 1378 1554 1416 rescribas
1568 1407 1577 1423 ,
1591 1392 1723 1416 mecum
1738 1378 1811 1428 fine
1831 1394 1883 1416 me
1905 1394 1978 1416 mea
2002 1392 2093 1418 terra
2114 1396 2166 1418 re-

1127 1429 1224 1466 cedit.
1253 1429 1300 1467 fic
1321 1429 1380 1467 lib.
1405 1442 1456 1467 xx.
1484 1441 1567 1475 701.
1604 1436 1649 1466 Et
1669 1429 1745 1479 fine
1765 1444 1818 1466 me
1838 1444 1891 1467 me
1909 1440 2033 1480 pontus
2051 1432 2168 1471 habet.

1126 1480 1187 1518 ubi
1200 1478 1275 1529 fine
1293 1491 1326 1518 te
1346 1480 1552 1529 legebatur;
1578 1481 1707 1530 frigide
1730 1482 1966 1519 mehercules.
1995 1483 2140 1520 Hiems.

1180 1544 1261 1577 140.
1289 1531 1503 1581 Ofrustra.]
1544 1531 1643 1570 Vide
1671 1532 1717 1569 ad
1743 1532 1831 1581 quid
1854 1533 2084 1571 referendum
2107 1533 2171 1571 ad-

1124 1582 1292 1620 verbium
1313 1583 1471 1629 frustras
1510 1582 1570 1620 sed
1602 1582 1648 1620 ad
1681 1582 1782 1619 oblite
1810 1584 1998 1627 referetur,
2020 1584 2170 1631 opinor,

1125 1633 1284 1680 sequitur
1313 1635 1414 1670 enim
1443 1647 1450 1670 ;
1498 1633 1662 1682 Insequar
1692 1633 1850 1671 invitam
1875 1662 1884 1678 ,
1923 1645 2010 1682 ergo
2031 1634 2169 1681 frastra

1127 1683 1227 1721 oblite
1241 1713 1251 1729 ,
1279 1683 1378 1733 quasi
1398 1683 1535 1721 diceret
1558 1684 1681 1721 frustra
1700 1686 1827 1732 impie.
1856 1686 1985 1722 GLAR.

1182 1748 1260 1781 142.
1290 1741 1354 1772 Per
1375 1735 1472 1782 freta
1492 1734 1590 1782 longa
1613 1733 1777 1783 traham]
1834 1741 1937 1771 Ferar
1959 1733 2168 1777 Leidenfis,

1127 1787 1294 1830 Moreti,
1318 1784 1503 1823 Gronovii
1525 1786 1564 1822 &
1595 1784 1768 1822 undecim
1798 1785 1870 1822 alii.
1922 1784 2011 1822 Vid.
2033 1784 2077 1821 ad
2109 1785 2172 1822 lib.

1125 1839 1270 1934 Vlti4627..
1290 1885 1400 1935 Infilit
1440 1883 1582 1933 undis]
1620 1884 1738 1920 Undas
1765 1886 1890 1923 tertius
1911 1884 2104 1923 Mediceus
2132 1885 2171 1923 δε

1124 1947 1195 1977 tres
1218 1938 1291 1976 alii.
1316 1937 1441 1987 probe.
1468 1936 1515 1973 fic
1538 1935 1669 1973 Statius
1692 1935 1815 1973 Theb.
1836 1949 1889 1975 11.
1906 1936 1991 1973 208.

1178 2007 1250 2037 Nec
1267 2000 1383 2037 minas
1404 1998 1548 2048 Ogygias
1567 1998 1686 2035 eadem
1707 1988 1771 2034 dea
1791 1997 1933 2036 turbida
1954 1997 2085 2035 Thebas

1179 2051 1301 2100 Jnfilit.

1132 2115 1310 2153 Horatius
1333 2114 1412 2151 Art.
1435 2113 1587 2150 Poetica
1603 2111 1685 2160 465.

1310 2177 1489 2214 ardentem
1504 2175 1658 2225 frigidus
1676 2179 1835 2214 Aetnam

1181 2226 1331 2277 Insiluit.

1128 2291 1214 2330 Val.
1235 2291 1386 2330 Flaccus
1406 2290 1468 2328 lib.
1491 2302 1582 2328 vm.
1603 2301 1685 2340 132.

1360 2366 1440 2390 mox
1459 2352 1614 2390 attonita
1634 2364 1710 2390 cum
1729 2349 1862 2400 virgine
1875 2358 2016 2399 puppem

1183 2402 1306 2452 Infilit.

1133 2465 1307 2502 Lucanus
1328 2466 1422 2502 libro
1448 2477 1512 2502 111.
1535 2464 1619 2501 625.

1184 2514 1321 2564 Insiluit
1340 2515 1406 2562 [olo
1426 2517 1601 2552 nociturus
1614 2513 1758 2564 pondere
1778 2511 1928 2561 puppim.

1130 2565 1276 2603 Solinus
1299 2577 1378 2615 cap.
1403 2579 1436 2604 x.
1457 2567 1613 2614 feminae
1631 2563 1788 2611 infiliunt
1815 2563 2054 2609 defunctorum
2080 2574 2170 2611 rogos

1131 2617 1323 2666 conjugum.
1352 2617 1533 2666 Apulejus
1546 2615 1722 2652 Milefior.
1746 2626 1807 2651 111.
1821 2623 1880 2663 pro
1896 2613 2170 2662 juveneBaeotio

1125 2667 1300 2717 gestientes
1310 2668 1582 2716 foresinsiliunt.
1608 2666 1669 2703 ubi
1689 2666 1789 2703 malo
1804 2692 1814 2709 ‚
1834 2664 1972 2701 aditum
1985 2663 2145 2713 sepientes
2159 2689 2170 2706 ,

1129 2728 1169 2757 ut
1193 2719 1256 2756 lib.
1285 2731 1376 2756 vm.
1396 2720 1442 2756 de
1456 2718 1639 2760 canibus,
1680 2726 1763 2753 totos
1784 2715 2010 2765 praecingunt
2041 2714 2170 2767 aditas.

1130 2770 1235 2807 Idem
1256 2769 1434 2817 Apulejus
1456 2770 1516 2806 lib.
1529 2780 1617 2805 vni.
1631 2767 1676 2804 de
1690 2768 1794 2815 Apro
1808 2794 1816 2810 ,
1831 2778 1931 2816 quem
1947 2765 2099 2815 primam
2111 2775 2167 2797 m-

1121 2818 1223 2868 filuit
1237 2819 1480 2855 cunctabunda
1493 2819 1655 2854 miratur.
1683 2816 1810 2864 infilire
1820 2817 1857 2852 in
1870 2815 2051 2852 coclearum
2064 2823 2165 2859 equu-

1133 2869 1223 2905 leum
1241 2870 1472 2916 Pomponius
1495 2870 1666 2905 Decuma
1687 2867 1848 2905 Fullonis
1871 2866 1965 2914 apud
1987 2864 2164 2901 Nonium.

1135 2920 1313 2956 Gunther.
1330 2920 1455 2967 Ligur.
1478 2919 1539 2955 lib.
1561 2932 1594 2955 x.
1615 2931 1698 2964 404.

1409 2982 1654 3030 §hostiamque
1673 2980 1825 3017 viriliter
1845 2980 1941 3026 aufias

1177 3031 1337 3081 Infiluiffi·
1357 3032 1427 3068 leva
1448 3032 1658 3081 trepidantia
1675 3030 1806 3067 moenia
1818 3029 1916 3077 saltu

1179 3083 1402 3118 obtruncant
1411 3084 1518 3128 ferro.

1128 3153 1207 3189 Pari
1227 3152 1345 3188 modo
1373 3163 1457 3187 cum
1479 3151 1562 3187 alii.
1589 3158 1666 3187 tum
1688 3149 1785 3186 idem
1810 3143 2016 3181 Giintherus
2034 3138 2095 3177 lib.
2117 3135 2163 3175 11ss

1130 3202 1310 3237 dixerunt.
1341 3199 1462 3245 affilire
1493 3199 1604 3244 hostes.
1637 3199 1683 3234 fic
1715 3208 1756 3235 ey
1775 3193 1940 3241 insultare
1961 3191 2051 3237 fores
2074 3189 2166 3226 Ter·

1130 3252 1224 3289 Eun.
1239 3261 1285 3285 ιι.
1300 3242 1364 3286 111J
1385 3250 1432 3287 Et
1444 3248 1611 3296 insultare
1629 3245 1753 3284 maltos
1771 3244 1868 3280 bonos
1878 3240 1922 3278 ab
1938 3239 2165 3329 adolescserssia

2078 3301 2097 3327 a
2126 3301 2167 3328 u-
