2483 3616
77 2991 154 3015 ram
171 2978 308 3026 bestiam
329 2985 463 3024 captam
492 2978 638 3017 duceret.

317 152 1539 219 METAMORPHOSEON
1611 155 1903 216 Lrss.Vll.

2015 180 2025 188 ⁷
2067 177 2165 229 535

324 263 521 320 Poscor
547 259 602 310 ἕξ
624 255 732 327 ipse
757 273 938 310 meum
967 255 1222 311 consensu
1247 255 1476 328 Laelapa
1498 273 1710 329 magno.

324 327 567 390 Muneris
589 328 695 383 hoc
720 346 934 383 nomen.
970 327 1288 398 jamdudum
1311 329 1520 384 vincula
1542 344 1743 402 pugnat

322 404 537 460 Exuere
563 401 671 475 ipse
696 400 817 464 fibi,
854 400 1103 472 colloque
1128 402 1389 455 morantia
1414 401 1604 457 tendit.

325 476 440 532 Vix
463 476 600 530 bene
627 472 802 528 miffus
831 485 970 536 erat,
1009 490 1108 527 nec
1131 474 1237 544 jam
1261 486 1565 545 poteramus
1582 515 1596 536 ‚
1637 476 1727 530 ubi
1754 475 1909 541 esset,
1973 499 1975 501 ·

179 570 276 623 775
316 548 478 604 Scire.
517 547 719 620 pedum
744 545 941 600 calidus
954 545 1170 617 vestigia
1192 546 1360 618 pulvis
1384 546 1642 610 habebat3

323 621 435 693 Ipse
463 620 629 676 oculis
655 631 867 691 ereptus
894 631 1020 672 erat.
1063 636 1173 672 non
1196 618 1347 673 ocior
1374 619 1464 673 illo
1646 665 1650 669 .

323 693 515 756 Hasta,
551 710 651 748 nec
678 690 917 746 excussae
942 702 1196 745 contorto
1220 691 1443 746 verbere
1467 692 1713 763 glandes,

329 768 446 823 Nec
474 765 810 837 Gortyniaco
835 764 1061 818 calamus
1086 763 1212 818 levis
1238 763 1348 817 exit
1371 765 1435 818 ab
1459 783 1599 819 aren.

326 839 493 894 Collis
518 855 654 910 apex
675 836 840 892 medii
865 834 1103 906 subjeciis
1129 836 1371 890 imminet
1397 837 1556 891 arvis:

185 913 287 981 780
320 912 518 968 Tollor
542 911 638 975 eo,
676 910 939 983 capioque
966 908 1094 963 novi
1119 907 1409 980 spedaeuia
1432 909 1640 965 cursus:

90 1134 174 1184 768.
201 1134 395 1186 Positarum
427 1133 501 1171 lina
524 1130 746 1183 plagarum]
801 1130 982 1169 Pinarum
1001 1142 1078 1169 non

49 1187 141 1227 male
161 1186 367 1225 Bafileenfis
389 1187 530 1234 primae
545 1193 669 1222 notae.
685 1182 983 1232 Ep.0en0n.)ts.
998 1194 1055 1231 19.

93 1251 190 1290 Retia
203 1254 303 1302 saepe
326 1264 428 1289 comes
448 1248 596 1287 maculis
619 1248 779 1296 distinHa
797 1247 938 1286 tetendi.

47 1316 200 1356 Senecae
219 1314 362 1364 Hypol.
383 1313 440 1358 46·
475 1312 575 1349 pieta
594 1310 732 1349 rubenti
753 1311 844 1347 linea
859 1310 970 1360 pinna
991 1307 1082 1347 dici-

51 1374 118 1406 tur.
152 1366 260 1404 Hanc
284 1363 660 1412 formidinemetiam
693 1362 920 1411 appellabant
942 1388 952 1405 ,
990 1370 1083 1408 quae

50 1417 151 1455 variis
174 1417 381 1466 plumarum
404 1413 584 1452 coloribus
615 1412 907 1461 distinguebatur.
934 1409 1086 1449 videndi

51 1464 493 1506 Gratius&Nemefianus
514 1465 552 1502 in
571 1464 819 1513 Cynegetico.
848 1463 935 1499 hinc
950 1461 1084 1499 Nollro

49 1518 89 1556 in
117 1517 299 1556 Remedio
331 1517 483 1554 Amoris
513 1525 599 1564 203.
626 1514 732 1551 varia
751 1513 905 1561 formido
946 1512 1089 1549 dicitur.

51 1568 223 1607 Ennodio
236 1569 270 1606 in
284 1567 450 1617 Epistolis
465 1594 474 1612 ‚
486 1566 634 1603 mentita
647 1574 842 1614 pennarum
854 1563 1007 1611 formido
1020 1562 1090 1598 dis-

53 1618 210 1656 coloribus
228 1618 330 1666 fucis.
358 1617 487 1656 eadem
521 1617 558 1654 &
588 1626 699 1653 metus
726 1616 891 1658 Latinis,
919 1615 956 1651 ὃ(
984 1611 1090 1658 Φίβος

56 1670 209 1707 Graecis.
234 1669 292 1708 sed
311 1668 356 1707 de
384 1670 439 1706 his
467 1675 633 1706 accurate
661 1666 707 1704 ad
730 1666 898 1703 Gratium
932 1663 1092 1701 doctissi-

55 1731 135 1758 mus
156 1720 285 1758 Vlitius
306 1720 438 1758 noster.
467 1720 679 1756 Hnmsms.
724 1714 918 1767 Pofitarum
940 1715 1087 1753 retineri

55 1769 179 1819 poffet.
199 1771 270 1809 vid.
292 1771 336 1809 ad
356 1771 416 1809 lib.
439 1783 467 1808 1.
491 1771 569 1807 Art.
594 1781 654 1816 45.

110 1822 191 1870 769.
218 1821 346 1870 Copula
379 1819 577 1858 detrahitur
613 1818 756 1856 canibus
779 1847 789 1864 ‚
825 1832 906 1869 quos
934 1816 997 1854 illa
1014 1818 1091 1864 sre-

0 1901 1 1909 ,
54 1874 192 1924 'quentes
217 1872 343 1921 Effugit
365 1901 375 1918 ,
402 1884 446 1912 ω’
464 1881 597 1908 caetum
620 1884 687 1907 non
700 1870 831 1918 segnior
850 1869 935 1905 alite
956 1866 1087 1916 latita]

55 1924 158 1961 Alter
178 1924 311 1960 horum
334 1923 502 1961 versuum
523 1921 543 1958 a
565 1921 778 1970 quibusdam
800 1920 1014 1968 corripitur,
1043 1929 1091 1955 ne

55 1985 170 2023 pauca
186 1971 323 2011 notaffe
342 1974 546 2012 videantur.
598 1973 732 2022 Neque
754 1973 853 2009 enim
883 1969 1022 2019 effiedit,
1052 1977 1092 2006 ut

41 2023 215 2072 fingitur.
269 2023 338 2060 Sed
368 2023 481 2073 effugit
499 2024 642 2073 legitur.
694 2023 796 2060 Prior
820 2030 943 2059 autem
966 2020 1094 2068 depra-

62 2082 166 2111 vatus
194 2073 284 2110 nihil
326 2075 524 2122 corrigitur.
576 2075 672 2111 Nam
694 2076 893 2122 sequentes,
920 2078 960 2108 ut
988 2071 1095 2108 estin

64 2122 208 2160 vetusto
230 2123 450 2171 exemplari,
477 2136 551 2162 non
565 2125 622 2171 fre
648 2135 762 2161 uentes
783 2123 898 2161 sensus
918 2121 1096 2170 exposcit.

63 2173 235 2210 Remus.
288 2173 376 2209 Hoc
403 2173 515 2211 verbo
536 2139 689 2223 Copula,
726 2175 838 2212 utitur
858 2184 1009 2223 quoque
1037 2171 1098 2208 hic

64 2222 199 2260 Noster
236 2223 273 2260 in
310 2222 438 2261 eadem
465 2223 725 2275 significatione
751 2225 812 2263 lib.
843 2238 876 2262 v.
918 2222 1097 2261 Tristium

66 2285 120 2312 1x.
142 2285 201 2319 27.

114 2329 225 2374 thue
247 2336 364 2360 canem
381 2322 532 2372 pavidae
551 2327 690 2364 narium
712 2326 852 2376 vestigia
874 2336 993 2364 cervae

169 2380 377 2410 Latrantem
390 2373 523 2420 frustra
543 2376 655 2424 copula
673 2377 761 2413 dura
782 2387 884 2415 tenet.

64 2424 109 2464 ln
130 2436 201 2474 qua
220 2424 370 2474 quidem
390 2423 650 2472 significatione
670 2427 764 2474 apud
783 2427 894 2465 alium
907 2427 1099 2465 auetorem

69 2476 246 2513 Latinum
264 2474 411 2523 reperiri
435 2486 513 2512 non
544 2483 659 2524 puto:
685 2475 722 2513 id
744 2473 812 2520 est',
840 2489 905 2524 pro
935 2478 1099 2515 funiculo

67 2526 131 2565 illo
155 2554 165 2571 ,
201 2538 277 2576 quo
309 2533 500 2562 venatores
530 2526 569 2563 in
601 2526 774 2563 ducendis
797 2527 842 2564 ad
862 2528 1101 2565 venationem

70 2577 213 2614 canibus
235 2583 396 2614 utuntur.
424 2575 536 2623 Apud
562 2576 674 2614 Corn.
695 2577 884 2626 Nepotem
898 2605 907 2621 ,
935 2577 984 2614 ita
1004 2579 1105 2615 enim

10 2659 13 2668 .
69 2638 152 2666 cum
173 2627 319 2665 eruditis
338 2626 421 2663 viris
447 2637 580 2664 vocare
610 2627 746 2675 placet,
775 2628 811 2664 in
835 2628 993 2666 Datame
1008 2623 1100 2676 “cap.

70 2688 133 2715 111.
158 2677 342 2715 invenitur
369 2688 436 2725 pro
467 2677 633 2725 quolibet
663 2678 836 2716 vinculo:
873 2679 974 2727 cujus
1008 2680 1100 2721 haec

73 2727 173 2766 sunt:
203 2726 358 2765 ornavit
385 2726 492 2763 etiam
523 2738 669 2778 torque,
700 2739 743 2768 (9⁶
779 2728 931 2766 armillis
955 2730 1068 2767 aureis
1091 2763 1101 2778 ,

13 2801 15 2815 γ
75 2787 242 2827 ceteroque
277 2777 362 2826 regio
393 2776 489 2813 cultu
507 2793 518 2815 .-
538 2777 621 2828 'ipse
655 2778 773 2828 agresti
804 2779 930 2829 duplici
956 2781 1103 2821 amiculo

73 2827 303 2865 circumdatus
315 2855 324 2872 ‚
339 2826 498 2876 hirtaque
517 2830 650 2874 tunica,
661 2843 777 2877 gerens
798 2830 836 2866 in
855 2831 960 2879 capite
968 2831 1104 2878 galeam

74 2878 314 2922 venatoriam,
341 2877 464 2913 dextra
497 2892 609 2916 manu
634 2879 775 2916 clavam
798 2907 808 2923 ,
840 2878 978 2927 sinistra
1011 2891 1106 2930 copu-

15 2937 17 2960 f
76 2927 147 2964 lam
161 2957 170 2973 ,
198 2941 268 2979 qua
284 2927 444 2964 vinetum
467 2938 549 2965 ante
558 2931 597 2977 se
618 2929 755 2978 Thyum
786 2928 928 2978 agebat,
955 2939 994 2966 ut
1007 2928 1041 2978 si
1051 2934 1109 2979 fe-

692 2980 848 3018 Rursum
864 3008 873 3024 ,
901 2992 1013 3029 quam
1035 2982 1109 3019 hoc

15 3055 19 3071 ,
77 3027 163 3113 {pce
182 3028 346 3113 populum
375 3025 495 3072 dixit,
529 3029 694 3080 sequenti
719 3031 813 3069 libro
841 3042 926 3082 332.
959 3034 1111 3071 voca-vit

109 3088 186 3113 {neu
201 3092 234 3116 a·

185 3127 325 3165 Vincula
340 3138 420 3179 pars
436 3128 600 3166 adimunt
619 3130 771 3170 canibus.

86 3175 189 3222 Lege
198 3187 285 3214 vero
299 3181 535 3222 ,auctoritate
553 3187 626 3216 vet.
647 3181 823 3219 librorum
844 3209 856 3226 ‚
882 3181 946 3218 illa
965 3183 1110 3232 sequen·

16 3229 23 3264 l
87 3234 147 3262 tes.
159 3225 327 3271 CiorAN.
348 3230 566 3277 Distrahimr
584 3240 635 3278 pr.
656 3229 807 3269 Palatin.
831 3239 870 3268 ut
890 3233 1110 3278 raptamini·

21 3304 23 3330 Ξ
86 3282 342 3367 Petssmcaffm
369 3279 555 3330 significet.
583 3278 686 3329 quod
708 3290 800 3319 mox
827 3293 946 3320 exuere
968 3281 1113 3321 vincula

2043 986 2171 1060 Quo

1136 1131 1238 1169 dicit.
1291 1132 1391 1180 §Quas
1409 1129 1802 1180 prim.Ambr0fianus.
1856 1131 1956 1170 Vide
1976 1131 2096 1170 Notas
2114 1131 2176 1170 lib.

1137 1181 1354 1229 111.vs.140.
1386 1184 1529 1220 Hiems.

1191 1243 1274 1279 770.
1303 1238 1350 1270 Et
1371 1244 1499 1270 coetum
1519 1246 1586 1270 non
1610 1232 1742 1281 segnior
1774 1233 1857 1271 alite
1874 1232 2003 1282 ludin]
2032 1234 2074 1270 In
2099 1244 2176 1270 uno

1138 1295 1249 1327 meO,
1284 1295 1327 1323 (9·
1344 1284 1477 1320 volucri
1501 1297 1567 1319 non
1588 1283 1728 1332 sequius
1758 1284 1853 1321 alite.
1880 1284 2078 1332 quomodo
2106 1283 2179 1330 pri·

1138 1345 1220 1371 mus
1242 1335 1429 1372 Gronovii
1449 1336 1485 1371 ὃ(
1507 1334 1623 1370 Sixius
1643 1345 1709 1381 pro
1728 1333 1864 1372 diversa
1885 1334 2056 1372 leffione.
2085 1333 2179 1370 Scri-

1140 1385 1185 1422 be
1202 1413 1212 1429 ,
1239 1396 1282 1425 ω*
1309 1394 1437 1421 coetum
1461 1397 1527 1421 non
1549 1383 1659 1432 secius
1686 1383 1769 1420 alite
1801 1384 1903 1422 ludit.
1958 1385 1997 1421 ln
2011 1384 2176 1427 Norico,

1133 1435 1270 1484 fizquior
1291 1434 1311 1472 a
1331 1447 1443 1473 manu
1464 1435 1590 1484 prima.
1623 1434 1697 1472 Adi
1719 1446 1813 1483 quae
1842 1444 2012 1472 notamus
2038 1435 2098 1472 lib.
2123 1446 2181 1472 11.

1144 1485 1200 1530 jis.
1225 1486 1310 1534 809.
1339 1486 1453 1523 IDEM.
1507 1486 1588 1534 Ego
1621 1485 1682 1522 hic
1705 1486 1841 1533 segnius
1862 1486 1994 1523 retinui
2023 1484 2183 1528 auftoriff

1145 1545 1219 1575 tate
1232 1538 1393 1575 duorum
1417 1536 1601 1573 codicum.
1620 1536 1749 1583 reliqui
1761 1536 1907 1584 segnior,
1921 1537 2030 1573 etiam
2052 1536 2157 1572 bene.

1198 1599 1280 1637 773.
1310 1593 1441 1625 Exuere
1460 1586 1523 1635 ipse
1535 1584 1640 1635 fibi.]
1680 1590 1847 1623 Excutere
1865 1598 1956 1624 unus
1978 1586 2077 1623 Basil.
2099 1587 2185 1622 Me-

1147 1638 1270 1676 diceus
1291 1641 1327 1675 &
1352 1636 1601 1675 Lovanienfis.
1630 1644 1670 1674 ut
1690 1648 1780 1674 mox
1793 1648 1876 1683 777.
1904 1647 2027 1673 exutae
2044 1648 2109 1683 pro
2123 1649 2183 1672 ex-

1148 1689 1250 1738 cussae
1271 1690 1308 1726 in
1333 1688 1520 1725 Thuaneo
1542 1687 1669 1725 codice
1698 1695 1784 1724 erat.
1812 1689 1860 1724 ita
1884 1688 1921 1724 δε
1949 1688 2014 1724 inf.
2042 1699 2092 1723 1x.
2127 1697 2185 1732 52.

1144 1740 1273 1777 cadem
1293 1739 1339 1777 est
1361 1739 1534 1775 varietas:
1565 1738 1674 1773 Exuit
1696 1737 1885 1786 amflexus.
1935 1737 2011 1774 Ubi
2041 1737 2100 1775 alii
2122 1747 2187 1773 co-

1144 1790 1265 1836 dices,
1287 1789 1428 1826 excutit.
1480 1788 1603 1825 Valer.
1625 1788 1719 1824 Flac.
1741 1800 1784 1824 11.
1806 1787 1890 1835 398.

1247 1854 1433 1892 Thalamos
1458 1853 1655 1903 excussaque
1676 1851 1796 1888 vincla
1819 1851 1909 1902 quod
1930 1852 2033 1901 ausae

1199 1906 1355 1943 Induere.
1395 1905 1555 1943 ·BURM.

1198 1986 1281 2022 775.
1309 1973 1440 2011 Pedum
1460 1972 1590 2009 calidus
1608 1970 1746 2020 vestigia
1760 1971 1878 2020 pulvis
1888 1971 2065 2022 habehat]
2078 1975 2186 2021 Puto,

1149 2024 1276 2062 obibat.
1304 2023 1403 2062 Vide
1426 2024 1544 2061 Notas
1565 2024 1625 2060 lib.
1653 2035 1683 2059 1.
1706 2022 1793 2058 vers.
1815 2034 1896 2070 552.
1922 2023 2066 2060 Herus.

1205 2076 1288 2122 776.
1317 2075 1384 2124 Ipse
1408 2074 1511 2110 oculis
1538 2084 1667 2122 ereptus
1694 2082 1778 2109 erat.
1802 2071 1818 2121 ]
1871 2073 1929 2109 Sic
1956 2074 2117 2112 Ariadna
2141 2076 2185 2114 ad

1153 2126 1368 2165 Theseum:
1397 2125 1556 2173 Jamque
1577 2123 1680 2160 oculis
1704 2132 1829 2171 ereptus
1849 2136 1931 2159 eras.
1962 2124 2074 2162 CIOF.

1206 2179 1289 2223 776.
1318 2182 1398 2212 Non
1416 2188 1510 2223 ocyor
1529 2174 1587 2210 illo
1610 2174 1757 2222 Hasta]
1786 2173 1884 2209 Libri
1904 2173 2021 2222 scripti
2043 2186 2188 2220 omnes,

1155 2227 1263 2273 ocior,
1291 2227 1568 2276 perinostrum.
1622 2225 1738 2274 idque
1761 2223 1780 2261 ὲ
1804 2225 1971 2260 Romana
1997 2225 2192 2265 consuetu-

1157 2280 1253 2318 dine.
1283 2280 1395 2317 Cror.

1210 2342 1294 2377 777.
1323 2335 1395 2366 Nec
1416 2338 1540 2366 exutae
1559 2336 1707 2365 contorto
1726 2325 1859 2362 verbere
1870 2324 2042 2376 glandes]
2055 2327 2191 2367 Melius

1157 2380 1178 2420 ὲ
1195 2381 1364 2419 Palatinis
1384 2381 1582 2423 Gruterus,
1621 2391 1679 2415 nec
1708 2377 1854 2425 excuffae
1873 2386 2021 2413 contorto
2050 2377 2189 2415 verbere

1152 2431 1306 2481 glandes.
1334 2431 1440 2469 DAN.
1458 2431 1664 2467 Heinsius.
1719 2433 1789 2463 Nec
1807 2426 1954 2474 excussae
1974 2427 2081 2474 prim.
2114 2429 2192 2466 Va-

1155 2484 1264 2520 tican.
1288 2482 1496 2530 Cantabrig.
1513 2482 1644 2529 aliique
1665 2478 1820 2526 plurimi.
1847 2477 1949 2526 quod
1960 2478 2087 2525 placet.
2116 2479 2195 2517 Lu·-

1162 2545 1271 2572 canus
1291 2533 1383 2571 libro
1411 2543 1489 2570 111.
1512 2543 1593 2578 710.
1614 2528 1799 2578 appolite:

1212 2599 1411 2647 Lygdamus
1433 2595 1562 2645 excuffa
1583 2593 1728 2631 balearis
1745 2602 1851 2629 tortor
1871 2592 2023 2632 habenae

1215 2649 1353 2687 Glande
1370 2659 1482 2699 petens
1493 2646 1602 2695 solido
1613 2644 1720 2694 fregit
1743 2657 1833 2680 cava
1855 2654 2004 2693 tempora
2018 2644 2170 2695 plumbo.

1164 2710 1218 2748 Ita
1236 2711 1346 2750 scribe
1367 2724 1411 2750 ex
1432 2709 1632 2748 veterrimis
1659 2709 1764 2747 libris.
1790 2720 1866 2746 non
1884 2708 2040 2757 excussae.
2069 2710 2196 2746 Livius

1159 2762 1254 2799 Hist.
1272 2763 1365 2799 libro
1387 2774 1508 2799 xxv11.
1528 2760 1624 2809 apud
1636 2759 1856 2797 Priscianum
1873 2772 1881 2796 t
1906 2765 1959 2795 Ne
1974 2759 2073 2808 fluxa
2092 2760 2196 2793 hahe-

1161 2824 1208 2847 na
1229 2812 1407 2848 volutetur
1423 2813 1462 2848 in
1476 2813 1578 2859 Jaoifu
1596 2809 1718 2857 glans,
1733 2810 1796 2858 sed
1816 2809 1945 2846 librata
1969 2823 2044 2844 cum
2053 2808 2192 2854 sederit,

1161 2861 1260 2895 velut
1281 2875 1386 2896 nervo
1414 2862 1510 2908 missa
1536 2860 1744 2896 excutiatur.
1772 2859 1819 2896 fic
1838 2859 1964 2906 glande
1984 2858 2109 2903 fundis
2135 2869 2194 2890 ex-

1164 2909 1251 2958 cuffa
1280 2910 1375 2957 apud
1402 2909 1646 2947 Ammianum
1677 2921 1831 2958 quoque
1858 2910 1917 2945 lib.
1949 2919 2056 2943 xxxi.
2088 2916 2119 2949 7.
2152 2906 2193 2940 &

1160 2959 1294 3003 fundae
1305 2969 1441 2996 amento
1461 2959 1598 3008 excuffii.
1621 2960 1705 2996 ibid.
1728 2971 1803 3008 cap.
1826 2970 1879 3005 ις.
1902 2957 1948 2993 fic
1969 2955 2063 3000 hasta
2084 2965 2193 3006 manu

1165 3010 1295 3058 excussa
1310 3038 1319 3054 ‚
1334 3012 1371 3048 ὃ(
1386 3010 1517 3059 cupiens
1537 3010 1650 3046 excuti
1668 3009 1765 3056 hasta
1788 3009 1944 3045 Senecae
1966 3006 2003 3040 in
2022 3001 2195 3048 Phoemsf

1167 3059 1208 3097 fis
1222 3088 1232 3105 ‚
1253 3072 1346 3108 quae
1371 3062 1482 3109 vulgo
1501 3061 1677 3098 Thebais,
1704 3058 1838 3095 ibidem
1861 3055 1944 3101 468.

1219 3125 1351 3170 Qaefh
1371 3133 1571 3158 trementem
1586 3123 1727 3169 jamque
1749 3119 1928 3167 cupientem
1946 3113 2060 3151 excuti

1214 3173 1359 3215 Hastam
1372 3171 1444 3218 solo
1463 3171 1574 3217 defige.

1168 3235 1302 3270 arundo
1317 3262 1323 3276 ‚
1337 3247 1443 3282 quam
1457 3235 1577 3282 Cydon
1594 3232 1729 3280 excuffi't
1747 3241 1854 3268 manu
1865 3228 2026 3267 Hercule
2040 3228 2201 3275 Oetaeo.

1170 3284 1253 3337 (ἐξω,
1272 3283 1486 3324 Prudentius
1509 3285 1762 3379 Hainai{jg;7.y-

1971 3347 2070 3379 2·—
2098 3330 2208 3381 magis
