2483 3616
309 189 1539 259 METAMORPHOSEON
1610 189 1754 249 LIB.

1828 192 1932 251 VI.
2079 210 2170 261 391

326 302 586 359 Omnibus
609 298 689 354 his
712 297 1012 370 faciemque
1036 297 1208 360 suam,
1244 296 1543 369 faciemque
1566 292 1812 351 locorum

327 373 611 431 Reddidit.
650 370 726 426 est
746 372 852 427 illic
875 370 1091 444 agrestis
1116 371 1348 442 imagine
1371 369 1636 425 Phoebus
1912 409 1929 416 ..

34 575 204 613 inventus
219 571 260 610 fit
280 600 291 617 ‚
319 583 465 623 egoque
488 585 536 611 eo
556 574 749 613 Muretum
772 601 782 618 ,
810 581 852 612 ut
879 573 1077 612 constitue·

36 637 115 662 ram
130 651 140 667 ‚
168 632 376 661 muneratus
397 626 488 662 sum.
518 624 661 673 Inspexi
682 628 792 664 etiam
817 626 855 662 in
875 624 1076 663 Bibliothe-

36 687 80 713 ca
105 675 281 712 Vaticana
308 683 474 712 veterem
503 675 616 713 alium
645 675 971 724 Longobardicum
993 703 1003 719 ‚
1039 677 1075 713 in

36 736 117 775 quo
149 724 307 762 miniatis
344 724 433 763 item
461 726 588 764 litteris
623 726 754 775 legitur
784 727 821 764 in
854 738 907 763 1v.
938 727 1078 775 Georg.

39 776 185 813 Ovmu
223 775 400 812 Nasonis
436 776 773 814 TETRAsrtcuou.
817 777 831 824 (
852 778 944 824 Quo
966 777 1077 814 etiam

37 825 153 863 modo
176 825 306 873 legitur
326 827 363 862 in
388 827 508 875 primo
537 829 576 864 δε
605 827 765 865 secundo
785 827 923 874 Georg.
949 827 986 863 in
1005 826 1078 864 alio

33 876 94 914 lib.
104 875 207 912 valde
218 876 372 925 antiquo
386 879 423 914 P.
434 877 604 925 Galefii.)
634 878 774 916 ibidem
787 875 979 915 asservatur
989 877 1078 913 alius

36 927 273 975 antiquus,in
294 938 371 975 quo
390 928 458 965 est:
474 928 649 965 lumen
676 929 866 966 Ovinius.
921 926 1077 964 Rursum

33 978 72 1014 in
90 988 134 1013 11.
155 977 309 1014 Aeneid.
327 978 363 1014 in
386 978 520 1016 eodem
544 980 714 1028 Longob.
728 979 897 1027 scripturn
912 977 978 1014 est:
1013 976 1078 1022 Ista

36 1037 147 1064 metra
156 1027 244 1073 fecit
268 1028 431 1067 Ovidius.
484 1030 527 1066 In
549 1030 621 1067 alio
644 1031 754 1067 etiam
776 1029 854 1066 satis
873 1026 1076 1075 veteri‚qui

35 1076 86 1115 est
106 1077 294 1116 Ludovici
325 1080 452 1117 Lantis
467 1108 477 1124 ‚
506 1081 552 1118 R.
579 1080 648 1117 viri
666 1080 799 1128 optimi
820 1106 831 1123 ,
858 1079 897 1115 &
916 1089 958 1114 ea
977 1077 1075 1115 litte-

31 1139 154 1166 rarum
172 1129 386 1177 cognitione
399 1159 409 1174 ,
437 1142 532 1179 quae
554 1130 717 1168 nobilem
737 1130 857 1166 virum
876 1128 982 1165 decet
995 1139 1076 1172 ,or-

32 1179 134 1223 nati,
161 1188 285 1228 aperte
315 1180 446 1229 legitur
475 1181 660 1230 purpureis
685 1181 810 1218 litteris
844 1178 1075 1227 majusculis,

34 1229 207 1266 omnibus
227 1230 265 1267 in
289 1230 384 1268 libris
415 1232 552 1280 Georg.
580 1231 883 1268 ARGUMENTUM
913 1229 1075 1267 Ovmi1.

31 1278 79 1317 In
97 1280 345 1329 antiquissimo
376 1282 447 1319 alio
471 1282 573 1329 Virg.
593 1281 711 1318 viri&
725 1281 887 1318 Graecae
901 1307 911 1323 ,
939 1281 977 1317 &
1001 1280 1075 1317 La-

33 1330 134 1367 tinae
152 1330 297 1378 linguae
314 1331 539 1379 peritisfimi,
568 1331 688 1368 Fulvii
715 1329 858 1375 Urfini,
885 1331 923 1368 in
949 1331 1072 1379 primo

33 1380 224 1419 Aeneidos
244 1381 347 1429 super
367 1390 623 1430 argumentum
646 1381 816 1430 scriptum
851 1380 921 1418 est:
952 1381 1075 1417 Ovidii

32 1430 195 1479 Nafimis.
248 1432 373 1479 Quare
392 1432 550 1476 Ovidii,
575 1444 653 1470 non
673 1431 897 1475 Modestini,
925 1430 996 1469 effe
1011 1443 1075 1469 au-

31 1479 100 1517 fim
121 1480 321 1518 affirmare:
351 1482 482 1532 quue
511 1484 648 1532 magis,
685 1482 789 1532 quod
816 1483 854 1519 in
872 1482 974 1520 nullo
1002 1490 1075 1521 vet.

32 1530 95 1569 lib.
115 1531 315 1570 Modestini
329 1531 369 1571 fit
389 1535 532 1571 mentio
547 1561 558 1578 ,
588 1541 627 1571 ut
644 1533 701 1571 illa
713 1532 818 1582 ipfius
832 1531 901 1570 effe
918 1532 1075 1582 judicari

34 1581 179 1630 possint.
230 1583 335 1631 Quin
362 1585 471 1621 etiam
501 1584 685 1633 superiore
705 1592 823 1621 aetate
843 1612 854 1628 ‚
882 1595 977 1632 quae
996 1583 1076 1621 sunt

34 1633 77 1669 in
96 1633 309 1681 Georgicis,
336 1644 549 1683 argumenta
569 1635 631 1673 sub
652 1634 785 1672 Ovidii
806 1635 963 1672 nomine
989 1634 1076 1672 ede-

35 1680 197 1720 bantur:
250 1695 350 1721 nunc
381 1697 470 1723 vero
501 1685 563 1723 sub
602 1685 804 1723 Modestini
835 1684 1077 1723 excuduntur.

39 1733 157 1780 Quod
176 1745 286 1782 quam
308 1746 437 1773 verum
459 1735 521 1779 sit,
550 1735 760 1774 doffitiorum
784 1734 858 1773 esto
880 1735 1078 1784 judicium.

33 1783 108 1821 Sed
123 1783 203 1821 sunt
222 1785 288 1822 viri
307 1784 430 1831 doc'ti,
470 1787 532 1835 qui
562 1787 621 1824 illa
647 1798 769 1836 neque
790 1786 932 1824 Ovidio
952 1785 1081 1824 adscri-

36 1832 143 1871 bant:
180 1834 239 1871 sed
260 1835 446 1885 cujusdam
475 1837 673 1875 scholastici
700 1836 771 1874 effe
791 1837 905 1885 ajunt.
961 1836 1075 1874 Unde

36 1891 160 1940 autem
187 1884 226 1922 id
253 1887 448 1935 colligant,
475 1899 552 1926 non
570 1888 749 1936 aperiunt.
798 1888 880 1936 Ego
903 1896 1072 1925 veterum

34 1934 213 1973 librorum
233 1936 487 1977 auctoritatem
510 1965 521 1983 ,
549 1938 670 1976 donec
692 1939 822 1976 certius
844 1937 996 1987 aliquod
1021 1951 1075 1976 ar-

36 1994 255 2041 gumentum
285 1986 451 2027 afferatur
472 2017 481 2033 ,
508 1989 821 2026 contemnendam
854 2000 931 2026 non
960 1997 1070 2036 puto:

38 2035 127 2091 licet
148 2047 278 2074 eorum
298 2039 517 2086 opinionem
539 2051 616 2077 non
636 2040 777 2088 penitus
798 2039 985 2077 damnem.
1015 2040 1075 2076 In-

40 2092 149 2122 terim
175 2087 249 2142 hoc
279 2096 408 2126 notare
423 2117 431 2132 ‚
458 2091 533 2127 mei
566 2090 680 2127 officii
703 2088 773 2127 effe
791 2090 881 2127 duxi
900 2089 1078 2127 maxime.

44 2134 157 2172 (3105.
185 2135 282 2173 Vide
301 2137 346 2175 de
370 2139 493 2189 Enipeo
516 2140 635 2178 Schol.
664 2140 788 2188 Apoll.
817 2139 941 2177 Rhod.
968 2140 1027 2177 lib.
1052 2153 1082 2178 1.

42 2184 128 2230 482.
154 2185 286 2223 Tzetz.
303 2187 350 2224 ad
368 2191 627 2240 Lycoph.174.
650 2190 882 2228 &Maser.ad
893 2190 975 2227 Val.
988 2191 1084 2229 Flac.

44 2246 82 2272 v.
100 2235 183 2282 652.
209 2237 413 2278 Nonn.lib.
445 2253 474 2279 1.
502 2253 537 2289 p.
557 2253 610 2288 14.
639 2241 813 2280 Libanius
839 2241 877 2278 in
910 2240 1085 2289 Diegem.

44 2296 78 2321 c.
98 2285 157 2333 38.
186 2286 402 2334 Neptunum
419 2290 457 2327 in
483 2291 666 2340 Enipeum
689 2299 874 2329 mutatum
898 2302 943 2328 ex
969 2292 1079 2340 Tyro

44 2335 206 2391 Neleum
227 2337 266 2374 &
285 2337 420 2377 Peliam
441 2340 622 2390 suscepisse
636 2342 767 2381 scribit.
792 2343 843 2380 ita
855 2341 1079 2391 &Apollod.

43 2384 108 2423 lib.
127 2397 158 2422 1.
178 2398 256 2435 c.9.
285 2388 364 2429 §.8.
390 2390 604 2429 BURMANN.

101 2447 181 2483 117.
208 2437 311 2474 Aries
326 2439 496 2488 Bisaltida
504 2441 651 2490 fallis.]
705 2443 900 2491 Neptunus
930 2443 966 2480 in
986 2444 1079 2481 arie-

46 2492 124 2524 tem
153 2486 420 2543 transfiguratus
449 2491 654 2529 Bisaltidem
674 2492 818 2529 vitiavit
833 2520 844 2536 ,
872 2493 918 2530 de
937 2504 1008 2542 qua
1027 2494 1079 2530 nil

45 2547 201 2593 memmi
221 2549 283 2575 me
301 2539 385 2577 alibi
409 2539 543 2590 legiffe.
595 2542 709 2590 Apud
739 2542 936 2590 Hyginum
963 2544 1080 2590 capite

14 2596 15 2600 ’
48 2587 129 2624 188.
140 2587 274 2644 uasere
292 2589 442 2639 legitur:
473 2591 1082 2641 TheophaneBisaltidisfiliaformo-

0 2664 3 2670 .
37 2634 165 2686 fifflma
175 2651 282 2687 vtrgo.
307 2647 408 2677 Hanc
420 2655 496 2678 cum
502 2642 712 2691 pluresproci
726 2649 1082 2692 peterent,Neptunus

38 2687 216 2736 sublatam
235 2690 413 2738 transtulit
440 2693 480 2729 in
509 2692 662 2741 insulam
695 2692 924 2740 Cromiasam.
977 2694 1082 2741 Qud

45 2750 125 2775 cum
141 2739 231 2788 proci
254 2741 443 2790 resciſjent,
467 2751 664 2792 comparata
693 2755 785 2778 nave
810 2742 924 2778 eodem
945 2754 1082 2779 conten-

45 2787 182 2827 derunt.
233 2796 413 2840 Neptunus
443 2803 483 2830 ut
512 2807 561 2830 eos
580 2793 762 2842 deciperet,
790 2792 1013 2841 Theophanen
1039 2795 1078 2830 in

47 2851 145 2876 ovem
165 2843 416 2896 commutavit,
434 2843 504 2893 sefie
525 2844 564 2880 in
589 2843 737 2880 arietem
752 2871 762 2886 ,
792 2843 987 2891 Cronienses
1010 2857 1078 2880 au-

48 2897 119 2926 tem
153 2903 244 2927 czves
277 2891 316 2928 in
338 2901 471 2942 pecora.
523 2900 617 2931 Cum
645 2894 752 2942 igitur
774 2893 868 2943 proci
889 2894 1073 2942 voniſjent,

37 2950 154 2989 neque
173 2939 343 2978 hominem
359 2943 472 2981 ullum
483 2944 703 2989 invenirent,
711 2953 828 2993 pecora
849 2947 1001 2980 maflare
1011 2958 1079 2981 coe-

45 2997 179 3035 perunt.
231 2997 301 3029 Hoc
321 3006 398 3030 cum
421 3001 600 3044 Neptunus
621 2995 756 3031 videret
773 3023 783 3039 ,
805 3003 916 3043 procos
936 2994 975 3031 in
990 2993 1083 3044 lupos

50 3041 227 3099 convertit.
279 3043 345 3092 Ipfh
363 3054 496 3090 autem,
508 3056 547 3081 ut
565 3055 639 3082 erat
660 3045 748 3082 aries
761 3073 770 3088 ‚
788 3058 865 3082 cum
884 3043 1084 3094 Theophane

53 3092 248 3137 concubuit,
274 3094 364 3130 unde
392 3105 497 3132 natus
525 3095 568 3143 est
598 3096 686 3132 aries
712 3095 994 3144 Chryfhmallus,
1023 3096 1084 3141 qui

54 3136 232 3192 Phryxum
250 3142 287 3179 in
301 3143 439 3182 Colchos
456 3148 566 3183 vexit.
601 3147 828 3183 M1cntus.
874 3147 996 3194 Lego,
1016 3146 1080 3183 Bi-

3 3198 6 3201 ’
45 3185 179 3243 ffilnda
192 3191 263 3246 [id
282 3194 327 3230 est
339 3194 461 3234 ‘Bisalti
483 3196 594 3234 filiam
612 3209 621 3234 :
649 3198 712 3245 qui
733 3197 865 3234 Sole&
885 3196 1003 3233 Terra
1016 3209 1080 3246 ge-

53 3245 148 3274 nitus
166 3239 254 3286 fuit,
282 3244 425 3284 au&ore
445 3247 651 3295 Stephano,
678 3258 699 3283 a
725 3259 801 3294 quo
834 3246 972 3283 Bisaltia
991 3248 1082 3284 civi-

53 3288 306 3381 tasiosslclqlqus
336 3295 373 3334 in
401 3297 636 3337 Macedonia.
689 3296 981 3349 Consraurxus
1009 3297 1083 3348 FA}

1929 412 1937 414 -
1989 438 2170 513 thue

1133 584 1281 611 NENSIS.
1333 571 1499 621 Quidam
1533 569 1678 609 codices
1708 568 1788 618 post
1822 566 1933 617 gignis
1954 594 1964 611 ,
2002 566 2173 622 copulam

1131 636 1175 663 (9·
1195 636 1271 662 non
1291 623 1388 661 reete
1406 622 1681 660 interseruerant
1695 649 1704 665 ‚
1734 622 1771 658 ὅτ
1785 618 1958 668 Bisalpida
1976 629 2043 666 pro
2065 617 2175 665 Bzsal-

1134 676 1223 712 tida.
1252 674 1394 711 Graece
1419 674 1467 711 est
1490 669 1681 712 Α’λωεὶδην
1702 672 1740 708 &
1756 671 1965 710 Βουσαλτῖς.
1990 668 2177 705 GLAREA-

1135 738 1221 763 Nus.
1248 725 1345 763 Vide
1369 724 1494 762 Nicol.
1514 722 1650 761 Loens.
1673 721 1826 758 Miscell.
1853 721 1914 758 lib.
1940 731 1994 756 ιν.
2016 730 2092 767 cap.
2120 730 2176 764 14.

1135 777 1173 813 ὃς
1197 775 1337 813 Schott.
1358 788 1402 812 11.
1417 774 1572 812 Observ.
1589 786 1647 821 25.
1671 770 2012 819 meminit&hujus
2035 769 2178 806 fabulae

1134 825 1346 863 Scholiastes
1375 825 1589 864 Germanici
1617 823 1705 861 vers.
1734 833 1819 867 217.
1854 821 1916 859 ubi
1951 820 2049 857 male
2071 818 2177 856 Theo-

1127 877 1244 924 phane
1265 876 1425 921 Altidis,
1451 876 1596 926 legitur,
1617 885 1686 911 nec
1706 873 1802 910 reete
1830 872 1982 909 Grotius
2010 881 2090 919 pag.
2117 882 2176 917 50.

1134 928 1296 974 corrigit,
1309 926 1487 974 Bifizltidis
1499 925 1579 973 filia
1592 953 1602 969 ,
1622 936 1706 963 cum
1730 922 1854 971 Bisalti
1871 920 2098 959 scribendum
2119 931 2178 957 re·-

1134 976 1192 1013 ete
1232 977 1399 1014 docuerit
1431 977 1649 1014 Meziriacus
1688 974 1735 1011 ad
1772 971 1922 1022 Epistol.
1953 971 2085 1008 Ovidii
2113 981 2177 1008 v1.

1133 1025 1354 1076 Hypsipyles
1365 1027 1558 1075 principio.
1586 1025 1798 1062 Rumam.

1187 1076 1267 1114 1-18.
1298 1081 1344 1112 Et
1364 1076 1436 1126 te]
1467 1082 1521 1115 At
1543 1087 1577 1113 te
1599 1075 1732 1113 refflus
1759 1075 1858 1124 prior
1884 1072 2022 1111 Erfurt.
2050 1073 2177 1110 &tres

1131 1127 1203 1165 alii.
1232 1127 1444 1164 HEINsms.

1186 1177 1265 1216 118.
1293 1182 1338 1214 Et
1361 1188 1394 1213 te
1412 1176 1519 1228 flava
1540 1176 1691 1226 comas.]
1747 1176 1941 1224 Neptunus
1973 1175 2012 1212 in
2033 1184 2174 1224 equum

1131 1236 1292 1266 mutatus
1311 1240 1399 1265 -cum
1424 1229 1557 1265 Cerere
1577 1230 1614 1265 ὅ(
1643 1226 1798 1264 Medusa
1825 1225 2036 1262 concubuit.
2088 1230 2179 1260 Fru-

1126 1292 1211 1327 gum
1242 1277 1420 1326 mitiffima
1448 1288 1561 1315 mater
1591 1276 1802 1326 periphrasis
1830 1276 1879 1312 est
1915 1275 2054 1312 Cereris
2078 1301 2087 1316 ‚
2130 1285 2178 1311 ex

1130 1342 1202 1378 qua
1234 1330 1427 1377 Neptunus
1451 1329 1633 1365 Arionem
1663 1339 1802 1377 equum
1839 1326 1877 1363 δε
1898 1325 2008 1363 filiam
2030 1323 2179 1362 sustulit.

1133 1378 1268 1428 [Cujus
1288 1391 1430 1417 nomen
1445 1379 1545 1416 effari
1560 1378 1801 1420 nonlicebat‚
1829 1375 1895 1414 nisi
1915 1375 2012 1424 apud
2024 1374 2178 1424 eos‚qui

1134 1431 1236 1468 sacris
1254 1430 1344 1467 deae
1364 1430 1495 1467 initiati
1518 1427 1659 1478 essent]
1676 1430 1727 1466 Ut
1750 1427 2179 1473 Pausaniaslib.v111.25.

1129 1490 1258 1519 narrat.
1288 1481 1399 1518 Ceres
1417 1491 1579 1529 namque
1591 1479 1703 1517 filiam
1722 1489 1898 1528 quaerens
1912 1505 1921 1521 ‚
1950 1485 1989 1514 ut
2011 1476 2178 1525 Neptuni

1128 1532 1232 1570 suurn
1246 1531 1484 1569 concubitum
1500 1531 1702 1579 appetentis
1730 1528 1874 1567 insidias
1894 1529 2035 1576 fugeret
2049 1555 2059 1571 ,
2083 1526 2117 1564 se
2137 1526 2177 1564 in

1130 1595 1264 1632 equam
1277 1584 1449 1627 mutavit,
1464 1594 1505 1619 ac
1524 1580 1598 1618 una
1613 1582 1695 1618 cum
1711 1580 1809 1617 Onci
1822 1579 1981 1627 equabus
2000 1578 2036 1614 in
2048 1577 2178 1625 pascua

1130 1634 1262 1671 exibat.
1288 1633 1405 1681 Quod
1425 1645 1509 1670 cum
1525 1633 1718 1679 Neptunus
1737 1626 1954 1673 rescivisset,
1979 1628 2015 1664 in
2036 1639 2178 1676 equum

1132 1685 1170 1721 δε
1191 1684 1262 1731 ipse
1285 1683 1479 1721 conversus
1501 1683 1598 1720 illam
1625 1683 1743 1719 inivit.
1799 1679 1839 1718 ld
1862 1678 1953 1716 vero
1983 1689 2068 1715 cum
2091 1678 2176 1715 Dea

1130 1733 1307 1778 sensiffet,
1337 1734 1429 1771 adeo
1452 1733 1638 1781 indignata
1660 1734 1772 1770 fertur
1788 1759 1796 1773 ,
1824 1738 1866 1768 ut
1886 1730 2042 1777 Erinnys
2064 1740 2109 1783 ex
2129 1740 2176 1765 eo

1133 1786 1242 1822 fuerit
1271 1785 1545 1833 cognominata.
1599 1783 1697 1820 Nam
1720 1782 1872 1827 ἐριννύειν
1893 1779 2054 1817 Arcades
2078 1778 2178 1816 irasci

1137 1836 1273 1873 dicunt.
1302 1837 1471 1873 REGms.
1525 1834 1580 1871 Ex
1608 1834 1682 1870 hoc
1702 1829 1907 1880 compressu
1928 1838 2031 1867 natus
2051 1829 2100 1867 est
2122 1830 2178 1866 A-

1129 1887 1210 1924 rion
1225 1914 1235 1930 ,
1250 1898 1364 1935 equus
1378 1914 1388 1930 ‚
1410 1887 1615 1923 humanum
1647 1883 1781 1921 habens
1803 1881 1918 1919 dextri
1940 1880 2039 1928 pedis
2068 1880 2177 1918 vesti·

1128 1938 1245 1985 gium.
1263 1937 1391 1974 austor
1420 1935 1635 1984 Papinianus
1678 1936 1852 1983 interpres
1880 1940 2085 1969 comment.
2110 1943 2170 1968 vr.

1134 1999 1217 2034 301.
1236 1988 1465 2024 CONSTANT.
1493 1986 1662 2023 Famam.
1690 1983 1942 2022 Vid.Parrhas.
1955 1981 1998 2020 ad
2010 1981 2139 2020 Claud.
2152 1994 2180 2018 1.

1131 2039 1186 2075 Ra
1214 2046 1295 2075 t.12
1327 2066 1334 2075 .
1787 2072 1790 2075 ,

1189 2050 1273 2136 l1319.
1301 2050 1406 2138 {ensit
1428 2101 1577 2139 equum,
1613 2096 1646 2123 te
1660 2084 1765 2136 ft⁷¹⁷fif
1785 2082 1950 2134 equum]
2007 2087 2051 2118 Te
2071 2079 2177 2134 sensst

1137 2152 1242 2176 avem
1264 2139 1393 2176 Urbin.
1415 2139 1572 2187 Neapol.
1595 2139 1632 2175 ἃ
1653 2136 1826 2174 secundus
1845 2133 2052 2170 Mediceus.
2071 2131 2178 2178 sen-[tt

1139 2190 1314 2227 volucrem
1335 2190 1563 2227 Florentinus
1586 2188 1747 2236 optimus
1762 2214 1770 2229 ‚
1798 2186 1896 2233 prior
1915 2182 2179 2229 Hamburgen-

1139 2240 1181 2278 fis
1198 2269 1208 2284 ,
1238 2241 1275 2277 δε
1303 2252 1347 2277 ex
1371 2242 1463 2278 meis
1487 2250 1593 2277 unus.
1646 2238 1750 2275 Idem
1774 2245 1925 2285 quoque
1946 2233 2176 2269 Florentinus

1139 2292 1177 2328 in
1197 2301 1415 2339 argumento
1447 2292 1574 2328 harum
1603 2288 1803 2326 fabularum
1827 2313 1837 2329 ‚
1876 2285 1913 2320 in
1933 2282 2121 2325 volucrem,
2137 2292 2178 2319 ut

1133 2346 1289 2390 Gorgona
1300 2342 1498 2390 Medufizm,
1508 2351 1601 2383 non,
1613 2338 1650 2375 in
1668 2350 1791 2389 equum
1803 2334 1991 2377 volucrem,
2002 2333 2176 2381 agnoscit.

1132 2392 1192 2430 sed
1215 2392 1303 2429 nihil
1323 2391 1468 2429 videtur
1487 2391 1716 2428 mutandum.
1744 2398 1829 2424 nam
1842 2384 2015 2433 Pegasum
2030 2384 2176 2431 Neptu-

1132 2444 1172 2479 ni
1195 2443 1233 2479 &
1255 2441 1431 2479 Medusae
1451 2441 1568 2478 filium
1590 2437 1757 2476 nonnulli
1776 2437 1938 2478 faciunt,
1965 2434 2105 2471 Cereris
2132 2434 2173 2470 ὃς

1134 2493 1301 2539 Neptuni
1333 2493 1527 2528 Arionem.
1561 2499 1654 2538 quos
1683 2489 1776 2526 inter
1804 2484 2082 2535 Apollodorus,
2108 2484 2174 2533 qui

1135 2541 1259 2585 docet,
1274 2542 1447 2579 Cererem
1467 2542 1504 2578 in
1527 2540 1696 2587 Erinnyis
1717 2539 1878 2576 formam
1899 2533 2000 2573 fuiffe
2021 2546 2178 2572 conver-

1135 2592 1207 2629 sam
1243 2603 1327 2629 curn
1363 2593 1541 2640 Neptuno
1575 2589 1900 2627 concumbentem.
1936 2583 2109 2631 H'Spaeov
2137 2584 2179 2620 δὲ

1137 2642 1234 2686 μόνον
1251 2640 1366 2684 Ἱππ-ος
1382 2641 1538 2678 Σιέσωθεν
1564 2638 1679 2684 Α’ριων
1701 2668 1712 2685 ,
1742 2641 1867 2675 τοῦτον
1895 2636 1937 2673 ἐκ
1971 2636 2180 2679 Ποσειδῶνος

1137 2692 1283 2738 ἐγένησε
1303 2692 1471 2736 Δημήτηρ
1501 2691 1697 2727 εἰκασθεῖσα
1726 2687 1871 2735 Ε’ρὶυἰιυῖ
1897 2689 1996 2726 κατὰ
2017 2690 2080 2729 τὴν
2097 2699 2177 2723 συν-

1135 2744 1260 2780 ουσίαν.
1300 2743 1361 2781 sed
1401 2751 1492 2781 errat
1532 2739 1740 2779 Passeratius
1770 2739 1814 2778 ad
1845 2741 2015 2788 Elegiam
2047 2750 2180 2776 xxxnr.

1134 2794 1158 2832 1.
1184 2806 1238 2832 11.
1264 2794 1464 2842 Propertii,
1491 2793 1555 2842 qui
1575 2794 1616 2829 τὸ
1639 2790 1781 2828 Crinita
1801 2790 1945 2828 colubris
1967 2796 2086 2827 Mater
2100 2788 2178 2838 equi

1133 2843 1298 2890 volucris,
1308 2844 1354 2882 ad
1371 2844 1553 2881 Arionem
1573 2844 1612 2880 ὃς
1631 2843 1806 2880 Cererem
1825 2843 1934 2879 refert
1944 2843 1980 2879 in
1995 2841 2177 2888 Erinnyos

1134 2896 1295 2933 formam
1314 2901 1492 2932 mutatam
1509 2922 1520 2939 ,
1548 2905 1634 2932 cum
1657 2892 1702 2931 de
1725 2891 1877 2931 Medusa
1893 2894 1931 2930 ὅ(
1950 2889 2084 2941 Pegaso
2096 2896 2176 2937 agat

1137 2945 1251 2984 Naso.
1280 2946 1491 2983 Hfimsms.

1193 3009 1275 3034 120.
1304 3001 1424 3033 Mater
1446 2995 1524 3046 equi
1542 2994 1731 3044 volucris.]
1769 2993 1922 3031 Medusa
1937 3021 1947 3036 ‚
1975 2998 2090 3045 mater
2109 2987 2177 3024 Pe-

1138 3046 1211 3096 gasi
1234 3048 1319 3096 equi
1341 3047 1436 3084 alati.
1466 3048 1633 3084 Remus.
1685 3046 1796 3083 Hanc
1815 3045 2007 3092 Neptunus
2026 3050 2063 3076 in
2080 3046 2176 3092 tem-

1139 3099 1202 3147 plo
1229 3097 1379 3135 Palladis
1400 3097 1631 3145 conspectam
1647 3125 1657 3141 ,
1684 3108 1730 3133 eo
1758 3094 1862 3144 quod
1887 3094 2005 3145 forma
2033 3087 2179 3135 conspi-

1133 3161 1221 3193 cua,
1250 3149 1289 3185 &
1310 3148 1442 3195 capillo
1464 3145 1549 3185 effet
1567 3146 1729 3195 specioso
1744 3174 1754 3189 ,
1784 3141 2001 3197 compresht.
2028 3140 2177 3186 Quam-

1135 3199 1263 3237 obrem
1296 3199 1418 3245 postea
1436 3198 1547 3236 Pallas
1586 3199 1673 3234 irata
1711 3197 1824 3232 crines
1855 3192 1946 3228 illius
1977 3199 2015 3225 m
2042 3200 2178 3237 angues

1137 3250 1346 3291 convertit,
1374 3257 1415 3285 ut
1438 3248 1521 3284 alibi
1551 3246 1689 3283 dictum
1714 3244 1772 3280 est.
1801 3243 1976 3278 MrcrLt..

1192 3310 1276 3338 120.
1302 3295 1409 3347 Senfit
1430 3295 1603 3346 Delphina
1615 3291 1834 3381 Melssnthdcz]
1863 3289 2057 3330 Melantho
2069 3289 2176 3378 Dleu-

1730 3355 1753 3381 α
2061 3351 2102 3378 ca
2117 3352 2175 3378 io-
