2483 3616
265 147 363 214 872

739 141 1283 207 P.=0v1D11
1353 118 1946 206 ΝΑεοΝΙεθ

410 279 514 333 205
553 262 746 338 Longa
771 264 971 320 referre
997 276 1149 314 mora
1173 258 1274 321 est,
1312 277 1449 330 quae
1474 261 1803 338 consilioque
1827 276 2097 335 manuque

559 337 776 392 Utiliter
805 335 908 389 feci
934 331 1139 405 spatiosi
1165 344 1414 403 tempore
1438 332 1577 388 belli.
1855 351 1858 354 ·

556 411 681 465 Post
707 410 842 463 acies
868 407 1088 479 primas,
1127 404 1270 459 urbis
1293 403 1345 458 se
1373 405 1654 459 moenibus
1682 407 1857 463 hostes

557 482 896 535 Continuere
922 479 1044 541 diu3
1087 496 1187 532 nec
1211 477 1382 550 aperti
1408 477 1564 549 copia
1588 476 1781 533 Martis

562 554 679 607 Ulla
706 553 819 607 fuit.
850 553 1068 607 decimo
1093 551 1315 605 demum
1344 549 1697 621 pugnavimus
1721 567 1876 605 anno.

413 646 514 680 210
551 625 702 699 Quid
730 625 856 680 facis
882 626 1083 680 interea
1100 664 1113 688 ‚
1152 623 1246 695 qui
1270 622 1345 676 nil
1370 621 1464 676 nifi
1487 622 1690 695 proelia
1715 623 1890 677 nosti?

256 837 441 885 fecerimus
461 837 523 876 ita.
554 837 739 887 Quinfflis
758 837 979 885 Smyrnaeus
999 836 1119 875 lib.11.
1142 835 1213 879 ait,
1242 834 1314 873 Pu-

261 889 474 936 lydamanta
498 915 510 933 ,
555 890 613 926 cui
646 900 778 925 omnes
810 888 969 936 Trojani
1001 886 1282 925 assentiebantur
1303 913 1314 930 ,

262 939 471 978 reddendae
488 940 657 977 Helenae
679 938 867 976 auetorem
890 936 1006 976 fuisse.
1056 937 1186 974 Livius
1206 937 1314 975 initio

260 988 321 1027 lib.
345 1004 376 1030 1.
405 992 559 1028 Aenean
579 1001 732 1039 quoque
753 989 905 1026 addidit.
961 988 1077 1036 Cujus
1098 988 1190 1025 haec
1209 987 1314 1026 sunt:

260 1040 355 1084 Jam
379 1041 536 1090 primum
566 1040 722 1077 omnium
741 1041 825 1085 [atis
846 1039 973 1087 constat
988 1068 998 1084 ,
1027 1037 1131 1085 Trojd
1156 1038 1257 1088 capta
1275 1038 1314 1075 in

261 1101 382 1127 ceteros
396 1092 576 1140 saevitum
598 1092 655 1140 effe
676 1091 860 1139 Trojanos,
897 1090 1027 1127 duobus
1047 1093 1168 1126 Aenea
1197 1093 1314 1126 Ante—

262 1154 406 1192 noreque
423 1154 466 1181 (φ
488 1141 614 1190 vetusti
624 1143 706 1191 jure
726 1142 861 1190 hospitii
873 1170 882 1185 ‚
911 1141 1048 1193 &quia
1063 1141 1156 1190 pacis
1167 1140 1314 1177 redden-

262 1191 392 1240 daeque
422 1192 572 1230 Helenae
594 1193 725 1243 semper
759 1195 914 1230 aufflores
942 1195 1110 1240 fuerant,
1145 1204 1244 1228 omne
1256 1191 1317 1240 jus

261 1240 342 1279 belli
359 1243 517 1281 Achivos
536 1243 728 1293 abstinuisse
742 1272 751 1288 ‚
772 1245 809 1282 &
832 1244 982 1293 reliqua.
1010 1243 1181 1280 CIOFAN.

311 1305 397 1331 202.
425 1294 493 1331 Sub
523 1294 624 1344 illd]
671 1295 807 1344 Regius
849 1295 1003 1344 exponit
1038 1294 1103 1332 illo
1133 1302 1318 1343 tempore.

263 1344 371 1382 male.
399 1345 447 1383 est
468 1345 551 1382 duce
574 1345 712 1383 Paride.
742 1354 780 1383 ut
801 1346 877 1394 sup.
899 1357 959 1393 23.

311 1395 453 1432 Moenia
473 1396 535 1447 qui
544 1398 635 1444 forti
655 1397 806 1445 Trojana
818 1396 883 1444 sub
904 1395 1047 1433 Hercule
1064 1395 1160 1445 cepit.

311 1457 398 1495 203.
428 1447 493 1484 Vix
514 1457 651 1485 tenuere
672 1447 837 1497 manus.]
868 1446 910 1485 Id
930 1447 979 1485 est
991 1446 1253 1493 abstinuerunt,
1274 1459 1316 1486 ac

258 1507 323 1543 per
349 1498 423 1535 hoc
453 1509 582 1546 parum
604 1499 744 1547 abfuit,
772 1500 863 1547 quin
885 1510 947 1536 me
968 1497 1231 1536 interfecerint.
1257 1499 1316 1538 M.

258 1547 406 1586 Tullius
428 1549 491 1587 lib.
512 1561 565 1587 1v.
594 1549 706 1588 Tusc.
726 1549 870 1598 Disput.
899 1548 1105 1586 Alexander
1119 1576 1129 1593 ,
1158 1548 1238 1585 cum
1259 1549 1317 1587 in-

259 1600 435 1648 teremisset
456 1599 604 1649 Clytum
617 1629 628 1646 ,
655 1599 881 1646 familiarem
895 1600 1004 1649 suum
1017 1628 1028 1645 ‚
1055 1599 1121 1636 vix
1139 1598 1165 1636 ιὶ
1176 1599 1214 1650 se
1237 1613 1317 1637 ma·

259 1661 324 1686 nus
345 1651 525 1698 abstinuit.
551 1657 675 1690 Tenere
701 1651 901 1702 aliquando
922 1651 1019 1690 valet
1032 1648 1182 1701 assequi.
1203 1650 1314 1702 Epist.

263 1710 342 1737 xv1.
369 1714 379 1735 ‹
423 1732 431 1741 ,

312 1714 422 1800 th)u3e
442 1766 495 1802 ego
514 1763 547 1790 te
565 1755 657 1804 cupio
671 1783 680 1799 ‚
700 1753 751 1804 fic
772 1767 826 1793 me
849 1754 976 1804 cupiere
989 1752 1125 1804 puellae
1137 1781 1148 1798 ,

363 1804 568 1842 stultarum
588 1815 713 1842 votum
726 1805 801 1854 sola
820 1814 931 1841 tenere
941 1815 1045 1855 potes.
1082 1806 1254 1843 ConAN.

312 1865 399 1902 203.
436 1854 505 1892 Scis
537 1855 620 1892 haec
654 1855 849 1905 Menelae.]
891 1863 962 1892 Hoc
992 1855 1170 1905 plerique.
1198 1855 1268 1904 scis
1300 1855 1317 1892 ὂ

264 1904 436 1943 Cantabr.
462 1912 544 1943 tert.
571 1906 712 1945 Medic.
744 1908 782 1944 &
811 1906 886 1944 duo
909 1906 979 1944 alii.
1012 1906 1138 1954 probe.
1166 1907 1315 1946 Hfims.

259 1961 332 1991 Hoc
354 1956 520 2004 praetuli.
540 1956 600 1994 lib.
622 1969 693 1994 ΧΠ.
714 1969 798 2003 440.
826 1956 895 1994 Scit
913 1966 994 1993 tuus
1014 1956 1075 1994 hoc
1087 1957 1235 2005 genitor.

310 2017 397 2054 203.
427 2012 559 2043 Manus
579 2007 789 2057 nefandas.]
826 2008 940 2045 Nefas
958 2008 1059 2045 enirn
1079 2008 1128 2045 est
1148 2009 1312 2057 Legatos

258 2056 410 2094 violare.
445 2057 538 2094 Ideo
562 2057 658 2096 Cato
680 2059 800 2097 dixit:
836 2058 1067 2096 Cadttceatori
1091 2071 1190 2097 nemo
1211 2059 1310 2097 homo

258 2117 365 2144 nocet.
394 2109 565 2145 ConAN.

308 2158 394 2196 206.
422 2156 565 2208 Spatiofi
589 2168 733 2208 tempore
760 2158 877 2208 belli]
912 2159 1120 2208 Pugnatum
1152 2159 1225 2205 est,
1253 2161 1310 2199 in-

255 2211 337 2257 quit
360 2209 475 2247 Dares
494 2210 671 2259 Phrygius
686 2237 697 2255 ,
724 2210 821 2259 apud
844 2211 1005 2259 Trojam
1028 2211 1131 2248 annis
1151 2210 1282 2249 decern
1297 2239 1309 2257 ,

256 2259 440 2299 menfibus
459 2260 518 2298 sex
534 2288 544 2304 ‚
570 2260 696 2299 diebus
715 2261 933 2300 duodecim.
962 2262 1099 2300 Poetae
1114 2259 1221 2306 vero,
1241 2273 1311 2300 nu-

257 2312 349 2348 meri
376 2311 600 2350 rotundandi
629 2310 747 2350 caufi'a
767 2312 896 2350 dicunt
916 2312 1048 2350 decem
1069 2323 1198 2350 annos.
1251 2313 1313 2351 Sic

257 2362 370 2399 etiam
400 2362 547 2400 tradunt
577 2370 762 2402 trecentos
786 2362 889 2401 fuisse
910 2363 1041 2401 Fabios
1057 2391 1067 2409 ‚
1093 2364 1157 2411 qui
1179 2372 1308 2402 contra

257 2410 436 2459 Vejentes
470 2413 606 2452 bellum
643 2414 875 2462 susceperunt
895 2428 905 2457 ;
953 2426 1039 2452 cum
1074 2413 1277 2463 Dionysius
1296 2441 1307 2460 ,

258 2460 535 2512 ComNepos,
567 2465 694 2503 Livius
722 2466 857 2515 aliique
877 2464 1060 2507 historici,
1082 2476 1159 2503 uno
1174 2476 1308 2514 excep-

256 2519 297 2547 to
319 2511 501 2561 Eutropio
518 2542 528 2559 ‚
555 2515 615 2553 sex
637 2517 674 2553 ἃ
691 2524 876 2555 trecentos
894 2513 997 2555 fuisse
1008 2515 1206 2554 affirment.
1226 2515 1308 2554 Bel-

256 2561 334 2597 lum
355 2564 566 2613 Trojanum
582 2566 735 2616 Syagrus
747 2571 876 2616 poeta,
889 2567 950 2617 qui
963 2566 1042 2615 post
1056 2566 1253 2615 Orpheum
1267 2567 1307 2605 &

257 2611 453 2668 Musaeum
480 2617 636 2661 exstitit,
664 2619 801 2665 primus
826 2617 995 2657 ceciniffe
1013 2619 1154 2663 fertur,
1181 2617 1308 2656 Aelia-

257 2672 326 2699 nus
343 2662 402 2718 lib.
425 2677 504 2703 xvx.
530 2667 682 2704 deVar.
705 2668 799 2706 Hist.
820 2668 963 2718 Scripfit
985 2669 1023 2706 δε
1043 2668 1145 2708 idern
1166 2667 1306 2708 bellum

258 2711 506 2752 Calhsthenes.
544 2718 676 2754 Cicero
705 2718 768 2756 lib.
796 2730 832 2756 v.
868 2719 1000 2758 Famil.
1030 2719 1076 2758 ad
1106 2720 1306 2759 Luceium.

258 2762 377 2801 IDEM.
414 2766 501 2812 Qua
531 2769 673 2804 ratione
700 2769 775 2805 hoc
808 2768 945 2807 bellum
976 2770 1120 2809 tamdiu
1146 2770 1307 2809 tractum

256 2815 368 2903 {ierit
398 2814 546 2854 docebit
572 2817 715 2865 optime
741 2818 986 2867 Thucydides
1013 2820 1074 2858 lib.
1107 2834 1134 2859 1.
1161 2832 1240 2870 cap.
1261 2833 1306 2861 10

318 2877 364 2903 11.

285 2967 289 2971 Ι
309 2927 394 2961 207.
423 2916 522 2955 Urbis
537 2919 574 2967 se
598 2916 637 2955 in
656 2918 830 2957 moenibus
850 2919 952 2967 hostes
970 2921 1178 2959 continuere
1201 2923 1302 2973 dia]

255 2965 315 3004 Sic
339 2968 470 3006 Caesar
497 2968 558 3007 lib.
578 2981 604 3006 1.
630 2969 675 3008 de
692 2970 795 3008 Bello
819 2971 959 3009 Civili:
988 2977 1058 3009 lter
1069 2972 1306 3021 stepprimunt,

257 3018 432 3068 copiasque
459 3019 497 3056 in
530 3019 645 3068 castris
666 3021 852 3059 continent.
890 3021 986 3060 Item
1007 3022 1053 3060 ad
1077 3023 1304 3063 Ciceronem

255 3070 342 3107 citat
363 3070 540 3109 Carisius:
570 3078 690 3123 Neque
713 3081 772 3122 pro
800 3082 897 3110 cauto
924 3086 964 3110 ac
985 3072 1169 3122 diligente,
1193 3075 1227 3122 se
1249 3087 1306 3111 ca-

247 3118 330 3165 stris
352 3122 535 3160 continuit.
565 3123 698 3161 Cicero
719 3123 798 3173 post
819 3123 911 3161 Red.
927 3124 972 3162 ad
994 3125 1156 3172 Quirites
1178 3137 1187 3162 :
1221 3131 1305 3163 Ma-

255 3182 360 3217 gnam
377 3181 514 3221 partem
532 3174 628 3212 tectis
647 3187 688 3211 ac
707 3174 853 3212 tenebris
872 3174 1145 3214 continebantur.
1185 3175 1305 3224 Quod

254 3224 410 3277 apertius
439 3223 614 3279 significat
651 3226 751 3263 idem
787 3225 917 3264 Caesar
942 3225 1003 3265 lib.
1032 3238 1078 3264 11.
1115 3226 1162 3265 de
1194 3226 1300 3266 Bello

257 3269 397 3311 Gallico
415 3274 469 3314 his
493 3276 608 3315 verbis
632 3290 641 3328 ²,
669 3276 781 3316 Simul
800 3276 890 3330 quod
907 3286 1083 3329 quantum
1103 3277 1190 3328 inse
1202 3278 1302 3332 saci:

2284 696 2417 769 Quis

1370 847 1435 872 nus
1454 832 1663 883 admififfent
1677 863 1688 879 ,
1716 832 1959 883 intelligebant
1972 860 1982 879 ,
2020 833 2165 883 legatos,
2191 833 2280 882 quod
2299 847 2419 874 nomen

1369 885 1463 935 apud
1492 899 1607 924 omnes
1635 885 1791 922 nationes
1805 888 1969 931 sanetum
1996 883 2278 933 inviolatumque
2290 886 2416 934 semper

1361 937 1480 986 fuisset
1502 965 1513 982 ,
1559 946 1704 974 retentos
1735 935 1780 972 ab
1801 936 1839 985 se
1861 963 1872 981 ,
1918 947 1962 976 (φ
1993 935 2034 973 in
2065 933 2211 990 Vincula
2249 936 2420 984 conjeb't'os.

1372 988 1544 1025 CiofAN.

1422 1051 1505 1077 211.
1535 1036 1731 1088 Requiris.]
1771 1037 1951 1088 Requiras.
1977 1037 2124 1086 Junian.
2147 1035 2186 1074 ὅ(
2209 1035 2420 1086 Leidenfis,¹

1369 1089 1477 1128 bene.
1495 1090 1606 1139 Epist.
1628 1102 1696 1127 vn.
1719 1088 1779 1138 83.

1421 1139 1457 1177 Si
1476 1154 1622 1190 quaeras
1636 1168 1647 1186 ,
1669 1140 1728 1178 ubi
1743 1139 1791 1189 sit
1804 1138 1949 1188 formosi
1968 1147 2081 1176 mater
2104 1137 2184 1175 Iuli.

1372 1191 1476 1240 Supr.
1497 1203 1559 1229 111.
1576 1203 1655 1237 141.
1675 1191 1805 1229 &alibi
1819 1191 1978 1240 saepius:
1998 1189 2422 1242 vid.&Epist.x*t1.173.

1424 1254 1508 1280 212.
1539 1243 1647 1292 Foffas
1667 1241 1863 1280 munimine
1884 1240 2017 1291 cinga]
2048 1240 2210 1278 Videtur
2228 1240 2274 1278 ad
2293 1240 2422 1293 fossam

1375 1293 1551 1342 respicere
1566 1321 1575 1337 ,
1609 1305 1704 1343 quae
1732 1306 1751 1331 a
1780 1294 1929 1331 Graecis
1950 1300 2035 1330 ante
2054 1291 2208 1329 navium
2230 1291 2422 1333 stationem-

1373 1344 1482 1382 du6ta
1494 1373 1505 1389 ‚
1535 1345 1573 1382 &
1587 1356 1695 1382 muro
1709 1343 1826 1382 cineta
1841 1344 1910 1381 fuit
1922 1371 1932 1388 ,
1959 1354 2074 1392 quem
2095 1341 2219 1391 postea
2232 1342 2426 1391 Neptunus

1371 1395 1538 1434 immistis
1581 1394 1792 1433 fluminibus
1822 1394 2002 1444 Phrygiae
2034 1392 2184 1431 delevit.
2211 1392 2258 1431 de
2285 1405 2358 1443 qua
2385 1406 2426 1435 re

1373 1447 1494 1485 Hom.
1508 1446 1610 1484 Iliad.
1637 1445 1816 1484 chrt‘t..

1423 1510 1510 1547 215.
1538 1495 1828 1547 Armandique.]
1859 1493 2090 1533 Armandive
2112 1493 2323 1533 Mediceus.

1422 1550 1508 1587 216.
1535 1553 1618 1586 Ecce
1637 1548 1748 1594 Jovis
1769 1547 1907 1585 monitu
1927 1547 2082 1597 deceptus
2104 1545 2258 1596 imagine
2269 1545 2442 1599 finini]

1373 1599 1456 1638 Tot
1480 1600 1660 1639 vocabula
1691 1599 1910 1638 substantiva
1939 1597 2015 1636 fine
2045 1596 2236 1648 adjectivo
2267 1604 2331 1636 aut
2351 1598 2425 1647 epi-

1369 1652 1476 1690 theto
1496 1651 1573 1689 ullo
1594 1663 1674 1689 non
1697 1649 1872 1688 recordor
1895 1661 1972 1687 uno
1995 1648 2102 1687 versu
2122 1646 2323 1698 conjuneta
2341 1648 2424 1688 alibi

1370 1702 1468 1752 apud
1492 1702 1682 1740 Nasonem
1705 1712 1910 1740 occurrere.
1933 1699 2032 1739 unde
2051 1698 2118 1745 fit,
2153 1707 2195 1738 ut
2213 1699 2428 1749 erigendam·

1370 1754 1584 1792 orationem
1606 1752 1780 1791 nonnihil
1802 1751 1972 1790 censeam
1987 1779 1999 1797 ,
2024 1762 2068 1789 ac
2085 1749 2317 1790 scribendum
2339 1762 2425 1800 pro-2

1372 1804 1460 1843 inde

1398 1860 1427 1892 E
1430 1832 1484 1894 cce,
1488 1854 1598 1902 Jovis
1609 1854 1756 1892 monitos
1769 1855 1922 1905 deceptus
1933 1853 2086 1903 imagine
2091 1853 2229 1903 fhmnos
2239 1857 2311 1891 Rex
2317 1851 2427 1901 jubet.
2459 1871 2462 1876 ·

1373 1918 1461 1945 cum
1483 1906 1575 1945 nihil
1594 1906 1636 1945 fit
1657 1906 1872 1944 familiarius
1891 1912 1953 1943 aut
1976 1905 2120 1953 majore
2142 1905 2181 1942 in
2202 1904 2268 1942 usu
2285 1905 2424 1944 Nasoni

1371 1958 1497 1996 nostro
1523 1956 1783 2006 hujuscemodi
1810 1955 2052 1997 Graecismis,
2083 1962 2125 1992 ut
2155 1954 2314 1993 ubertim
2342 1954 2424 1995 alibi

1366 2008 1540 2047 locorum
1559 2007 1906 2046 demonstravimus.
1934 2004 2188 2052 Monitifhmni
2199 2005 2426 2049 dicebantur,

1366 2060 1405 2097 in
1426 2060 1556 2110 quibus
1576 2060 1655 2103 Dii,
1676 2069 1776 2096 nunc
1794 2058 1884 2102 hoc,
1903 2066 2003 2094 nunc
2021 2055 2112 2093 illud
2131 2055 2360 2105 suggerentes
2380 2066 2424 2095 ac

1367 2118 1565 2149 monentes
1583 2109 1815 2158 apparebant.
1841 2116 1932 2145 nota
1952 2108 2046 2144 haec
2057 2106 2168 2144 etiam
2187 2105 2345 2145 indoetis
2358 2119 2424 2145 ve-

1365 2169 1487 2199 terum
1511 2161 1728 2210 superstitio.
1766 2158 1989 2197 Claudianus
2018 2156 2181 2206 apposite
2199 2155 2245 2195 de
2262 2156 2343 2196 Diis
2365 2159 2426 2198 iti-

1366 2211 1466 2250 dem.
1497 2223 1528 2250 1.
1550 2212 1626 2250 Stil.
1643 2212 1728 2250 216.
1753 2216 1832 2247 Aut
1854 2208 1939 2245 alite
1959 2207 2174 2255 monstrant,

1419 2266 1500 2300 Aut
1524 2263 1672 2300 monitos
1692 2260 1787 2299 certoi
1809 2260 2003 2308 dignantur
2021 2258 2174 2307 imagine
2184 2257 2334 2307 somnos.
2422 2293 2424 2295 ,

1366 2314 1470 2362 quod
1492 2315 1636 2363 egregie
1660 2312 1898 2361 conJe&urae
1919 2310 2062 2348 nostrae
2083 2308 2306 2359 suffragatur.
2340 2311 2420 2352 Va:

1364 2364 1473 2403 lerius
1495 2366 1687 2402 Maximus
1715 2363 1808 2401 libro
1829 2362 1951 2413 primo
1975 2362 2093 2410 capite
2113 2371 2187 2416 vix.
2216 2362 2250 2402 §.
2270 2360 2307 2401 8.
2335 2368 2420 2401 Pro..

1361 2415 1511 2465 pioribus
1540 2424 1660 2452 tamen
1679 2442 1688 2458 ‚
1728 2423 1768 2450 ut
1796 2414 1849 2450 ita
1883 2412 2025 2457 dicam,
2062 2411 2162 2448 lineis
2189 2412 2309 2449 Aterii
2339 2413 2425 2462 Rufi

1364 2465 1490 2515 equitis
1508 2466 1658 2504 Romani
1671 2464 1851 2514 fitmnium
1875 2473 1961 2500 certo
1981 2472 2111 2500 eventu
2130 2461 2352 2501 admonitum
2363 2465 2416 2513 est.

1364 2519 1457 2566 Quo
1489 2515 1578 2555 loco
1608 2527 1693 2554 cum
1726 2516 1780 2554 vir
1800 2515 1986 2559 summus,
2022 2515 2061 2551 &
2081 2515 2131 2551 rei
2158 2513 2354 2554 Romanae
2373 2527 2419 2555 ac'

1365 2568 1523 2606 Latinae
1544 2567 1724 2606 orationis
1743 2565 1989 2616 peritissimus,
2007 2564 2126 2612 Justus
2140 2563 2286 2613 Lipsius
2294 2566 2415 2615 gravi-

1364 2626 1419 2657 ter
1435 2618 1478 2657 fit
1495 2619 1610 2668 lapsus
1627 2616 1846 2668 reponendo
1861 2644 1871 2662 ,
1903 2616 2087 2653 admotum
2107 2614 2150 2664 est
2162 2643 2174 2660 ,
2200 2616 2416 2664 impofitam'

1364 2668 1653 2720 quodammodo
1681 2666 1931 2707 neceffitate'm
1963 2665 2057 2705 mihi
2082 2664 2196 2705 video
2228 2666 2331 2706 hunc
2357 2668 2414 2707 lo-‘

1363 2721 1503 2770 quendi
1522 2720 1678 2758 modum
1692 2747 1703 2765 ,
1722 2718 1786 2757 etfi
1796 2718 1874 2757 satis
1886 2718 2041 2757 obvium
2056 2744 2067 2761 ‚
2087 2715 2247 2764 pluribus
2265 2717 2412 2758 illustra-

1364 2783 1414 2811 re.
1466 2771 1655 2810 Ausonius
1706 2768 1870 2819 Odyffea
1912 2780 1974 2806 xv.
2019 2765 2244 2804 Telemachus
2277 2781 2301 2806 a
2336 2769 2412 2808 Mi-

1364 2835 1476 2860 nerva
1489 2831 1550 2872 per
1560 2820 1740 2871 fhmnium
1753 2828 1996 2858 commonetur.
2021 2816 2149 2855 Florus
2161 2817 2254 2856 libro
2265 2831 2320 2859 xv.
2332 2831 2412 2870 cap.

1364 2884 1399 2919 7.
1428 2874 1587 2920 Caefizris
1615 2872 1767 2910 medicus
1788 2868 1923 2919 fitmnio
1943 2868 2145 2906 admonitus
2170 2868 2235 2915 est,
2261 2879 2304 2907 ut
2322 2875 2416 2918 cae-J

1354 2924 1419 2972 sar
1439 2924 1557 2971 castris
1577 2923 1759 2960 excederet.
1787 2920 1979 2957 Petronius
1998 2920 2037 2957 in
2059 2920 2226 2968 Satyrico
2237 2932 2312 2968 cap.
2325 2920 2413 2959 106.·

1363 2973 1409 3011 de
1427 2974 1494 3011 diis
1511 2984 1663 3022 quoque
1676 3000 1688 3016 ‚
1714 2977 1759 3008 Et
1782 2970 1867 3021 quid
1878 2970 2032 3018 fecissent
2052 2970 2311 3007 admonuerunt
2324 2971 2409 3019 pari

1353 3023 1572 3073 fhmniorum
1612 3022 1781 3071 constenfu.
1823 3021 1921 3070 apud
1950 3020 2182 3059 Scholiastem
2212 3020 2408 3069 antiquum

1360 3074 1550 3121 Juvenalis
1583 3073 1708 3123 Satyra
1731 3085 1823 3110 vm.
1851 3084 1887 3110 v.
1909 3083 1993 3121 253.
2021 3071 2120 3109 Decii
2132 3079 2232 3120 pater
2251 3080 2295 3110 ω’
2305 3069 2408 3117 filius

1352 3127 1476 3174 somno
1502 3124 1638 3163 moniti.
1665 3136 1777 3169 mox,
1808 3129 1967 3173 Cumque
1983 3122 2080 3172 effent
2094 3120 2226 3169 somnio
2244 3121 2410 3168 admoui--⁴

1361 3176 1402 3214 ti.
1430 3175 1575 3214 Solinus
1586 3186 1726 3224 cap.1X.
1750 3174 1940 3224 AEsculapii
1953 3173 2076 3222 sacello
2086 3169 2288 3209 incubantes
2298 3172 2409 3222 aegri}

1357 3227 1489 3265 tudinis
1541 3226 1693 3265 remedia
1730 3225 1898 3276 capessunt
1935 3225 1976 3262 de
2013 3221 2152 3262 monitis
2173 3223 2406 3272 somniorum-¹

1357 3279 1463 3332 {ilii-1⁵
1490 3292 1529 3333 312
1557 3289 1642 3331 373·
1675 3277 1870 3329 Postquam
1904 3273 2154 3329 Hannibalem.
2191 3274 2231 3324 in
2254 3273 2408 3328 somniis

1844 3344 1850 3348 .
2323 3335 2410 3372 ma,
