2483 3616
251 164 355 235 508

767 304 936 352 ΕΑΒ.

706 158 774 214 P.
850 151 1262 213 OVIDH
1328 152 1868 212 NASONIS

1002 298 1229 349 XXVI.
1298 299 1900 351 ARGUMENTUM.

1062 438 1306 487 Formicae
1339 438 1389 485 in
1422 439 1651 486 homines.

325 571 496 622 Aeacus
517 575 648 636 Jovis
669 573 724 626 {9²
749 571 941 637 Aeginae
954 571 1078 634 filius
1101 585 1192 617 omn
1227 573 1242 593 ²
1265 568 1492 630 Asopidem
1513 569 1696 634 insulam
1716 568 1899 632 conjugis
1922 570 2084 617 nomine
2106 570 2324 635 incoleret,
2347 574 2402 630 ἐξ

257 643 391 705 gravi
407 640 669 701 pestilentid‚
705 640 890 700 Junom's
913 638 1012 697 irai,
1029 638 1226 698 populum
1250 637 1476 699 amistffet,
1503 637 1701 696 precibus
1733 633 1751 660 ¹³
1774 635 1829 687 ὅ
1843 633 2126 697 mz'fiericordid
2149 637 2177 681 o
2191 636 2305 697 Jove
2324 643 2403 688 im-

255 708 483 768 petravit,
518 715 596 764 ut,
629 704 805 767 vastam
828 701 993 765 insum,
1029 712 1127 765 quot
1139 700 1350 763 formicae
1373 705 1419 748 m
1441 701 1492 748 eci
1511 702 1829 764 adpormffi’nt,
1864 710 1928 747 tot
1951 699 2098 764 versae
2130 702 2175 748 in
2196 702 2405 754 hominum

259 907 431 956 scriptor,
461 908 688 957 quicumque
720 914 935 955 argumenta
962 907 1000 944 in
1021 904 1311 955 Metamorpho-

259 959 311 997 ses
339 960 585 997 concinnavit.
642 958 739 995 idem
761 958 1058 1007 Berneggerianis
1088 957 1311 995 membranis

260 1008 546 1058 quodammodo
567 1008 757 1047 subscribit.
784 1013 886 1046 Arne
906 1023 982 1046 cum
1004 1008 1156 1057 insulam
1178 1007 1308 1045 Scitho-

262 1072 311 1097 na
328 1087 338 1103 ,
362 1060 454 1109 (leg.
477 1060 677 1109 Cythnon.)
706 1060 743 1096 in
764 1074 832 1110 qua
842 1059 1166 1109 genitaeffiztfiosti
1181 1059 1308 1103 Minoi,

251 1120 363 1158 ,capta
376 1111 637 1159 pulchritudine
665 1111 746 1148 auri
780 1111 995 1161 vendidisset.
1051 1111 1122 1149 Sed
1145 1111 1183 1148 δί
1202 1110 1306 1148 illum

262 1161 409 1199 codices
429 1163 597 1200 mendofi
625 1174 700 1200 non
731 1162 843 1200 semel
874 1163 1099 1211 deceperunt
1120 1189 1130 1206 ‚
1157 1170 1198 1200 ut
1225 1161 1309 1199 alibi

262 1212 312 1250 est
347 1213 651 1252 demonstratum.
704 1213 814 1251 Certe
849 1215 1036 1262 optimum
1069 1221 1310 1263 argumento-

263 1274 347 1301 rum
372 1265 559 1312 exemplar
580 1265 898 1314 veterrimumque
922 1265 1025 1314 quod
1045 1264 1253 1302 Florentiae
1266 1263 1311 1302 ad

261 1313 312 1351 D.
339 1316 455 1352 Marci
486 1316 669 1359 servatur,
704 1316 756 1352 nil
783 1316 843 1353 1116
871 1314 891 1352 a
922 1316 1074 1365 vulgatis
1095 1314 1309 1359 differebat,

258 1364 326 1402 nifi
346 1366 449 1414 quod
471 1379 560 1415 pro„
582 1366 671 1414 hosti
693 1366 807 1402 Minoi
836 1367 1006 1412 exhibet,
1039 1366 1122 1413 hosti
1142 1365 1306 1402 Athenas

250 1417 490 1464 oppugnanti,
519 1417 653 1455 omiilo
673 1417 813 1455 Minois
838 1418 1004 1455 nomine.
1060 1417 1164 1455 Idem
1186 1417 1306 1455 codex

258 1466 298 1503 in
321 1475 499 1506 contextu
523 1469 677 1507 Nasonis
693 1497 702 1512 ‚
731 1482 903 1519 quamque
919 1469 1027 1518 impia
1044 1468 1195 1516 prodidit
1206 1473 1307 1505 Arne

259 1516 381 1554 Sithon
402 1528 531 1568 accepto
546 1547 556 1563 ‚
584 1520 749 1558 mutilata
773 1532 879 1557 voce.
934 1520 969 1557 Si
989 1519 1078 1569 quid
1101 1520 1219 1567 scripti
1246 1531 1307 1557 ac-

260 1570 449 1607 curatioris
471 1570 593 1608 adnos
615 1568 833 1619 pervenisset
853 1570 898 1608 de
909 1571 1147 1619 expeditione
1163 1571 1306 1608 Minois

258 1619 400 1663 Attica,
413 1621 508 1658 facili
529 1623 684 1670 negotio
701 1622 987 1669 defungeremur
999 1623 1033 1659 in
1051 1633 1136 1659 vera
1154 1621 1305 1670 hujusce

258 1669 334 1706 loci
355 1670 525 1719 scriptura
544 1672 760 1721 indaganda.
814 1673 963 1720 Opiiior
992 1681 1118 1710 tamen
1141 1672 1242 1711 scribi
1261 1685 1305 1710 0-

259 1729 427 1768 portere,
451 1736 624 1773 quamque
642 1723 748 1772 impia
771 1723 924 1772 prodidit
946 1727 1051 1765 *Arne
1071 1723 1232 1773 Siplmon.
1261 1735 1306 1763 &⁹

260 1780 390 1818 accepto
421 1774 494 1810 &c.
522 1774 624 1823 quod
654 1774 945 1822 Berneggeriano
976 1775 1097 1811 codici
1133 1776 1304 1822 proxime

257 1821 465 1870 respondet.
514 1826 623 1862 Certe
645 1824 862 1872 persuadeor
886 1833 924 1862 ut
944 1825 1088 1863 credam
1109 1825 1171 1863 hic
1192 1827 1303 1865 alludi

258 1871 305 1910 ad
323 1874 543 1911 aurifodinas
574 1876 761 1924 Siplinias,
789 1875 835 1913 de
865 1876 994 1924 quibus
1024 1877 1110 1914 loco
1131 1879 1303 1925 proxime

255 1923 490 1971 praecedenti
523 1926 560 1963 in
581 1925 779 1964 transcursu
808 1927 1015 1975 agebamus.
1052 1927 1242 1966 Pausanias
1259 1929 1303 1967 li-

248 1974 326 2011 'bro
359 1986 395 2011 x.
423 1975 574 2020 Σιφνίων
604 1978 623 2020 ἦ
658 1979 754 2019 νῆσος
773 1980 907 2024 χρυσοῦ
937 1980 1118 2023 μέτοιλλοι
1147 1981 1298 2025 ἤνεγκε,

255 2025 321 2061 uzi
353 2023 482 2067 αὖτοὺς
512 2028 579 2063 τῶν
608 2028 813 2072 προσιόντων
840 2028 1028 2065 ἐκέλευσεν
1055 2030 1070 2066 ὃ
1095 2030 1184 2072 Θεὸς
1206 2031 1299 2067 ἀπο-

256 2078 377 2120 φέρειν
395 2075 553 2118 §eux-:no
572 2077 622 2120 εἷς
644 2078 818 2125 Δελφούς.
845 2081 877 2115 οἱ
895 2080 935 2116 δὲ
957 2084 1016 2117 ’τὸν
1035 2082 1197 2126 θησαυρὸν
1215 2078 1300 2129 ᾤκο-

252 2126 471 2172 δομῆπιντο,
503 2131 562 2165 καῖ
584 2129 786 2175 ἀπέφερον,
816 2134 877 2171 τῆν
907 2131 1077 2171 §exdram
1100 2133 1143 2174 ὡς
1169 2132 1209 2168 δὲ
1232 2133 1300 2170 ὑπὸ

253 2177 451 2220 ἀπλῆςίκς
479 2178 648 2226 ἐξέλιπον
680 2187 744 2223 τήν
774 2181 909 2228 φορᾶν,
947 2182 1214 2226 ἐπικλύσκσοιῆ
1239 2185 1299 2220 θά-

252 2233 375 2265 >taffo-x
397 2230 521 2276 ἀφανῆ
535 2234 582 2266 vie
593 2235 774 2277 μέταλλα
793 2232 914 2280 σφίσιν
928 2233 1103 2274 ἐποίησεν.
1132 2235 1300 2282 Siphnon

246 2279 386 2318 *Cretae
405 2282 648 2332 propinquam
662 2283 780 2322 statuit
792 2286 991 2333 Stephanus
1004 2285 1214 2335 Byzantius,
1225 2299 1301 2335 quo

252 2330 316 2374 fit,
346 2341 385 2369 ut
406 2342 709 2381 argumentorum
741 2336 882 2374 11υὲ1011
917 2336 1063 2374 credam
1093 2337 1139 2374 de
1160 2337 1300 2385 Siphno

252 2380 379 2419 Minoi
405 2384 565 2422 vendita.
615 2385 656 2422 In
678 2388 856 2435 excerptis
871 2387 1032 2425 Diodori
1054 2388 1165 2425 Siculi
1185 2388 1299 2426 Vale-

254 2431 357 2468 sianis
378 2445 456 2482 pag.
479 2435 559 2482 338.
581 2445 743 2474 narratur
761 2438 922 2476 Historia
943 2438 988 2476 de
1009 2439 1147 2487 Siphno
1172 2437 1191 2476 a
1205 2440 1298 2477 Cre—

251 2482 408 2520 tensibus
438 2497 500 2531 per
528 2486 626 2524 falsas
672 2488 956 2536 pollicitationes
988 2498 1092 2538 capta
1119 2517 1129 2534 ,
1171 2489 1232 2528 sed
1256 2490 1295 2528 id

251 2531 366 2579 longe
378 2535 453 2580 post
467 2536 606 2574 Minois
623 2546 792 2586 tempora
815 2541 953 2577 evenit.
965 2539 1011 2578 de
1032 2541 1173 2589 ingenti
1196 2553 1292 2590 quo-

252 2593 327 2629 que
341 2584 469 2629 praeda
484 2587 576 2634 ‚qua
594 2596 671 2625 tum
696 2591 801 2637 potiti
825 2591 892 2628 sint
905 2592 1053 2636 Cretes,
1082 2592 1191 2629 verba
1218 2593 1292 2630 illic

249 2631 355 2669 fiunt.
408 2634 466 2671 De
492 2637 725 2684 Siphniorum
748 2640 882 2679 divitiis
896 2642 1039 2681 Suidas:
1068 2643 1216 2689 Σίφνιοι.
1235 2637 1291 2678 οὖ-

251 2695 310 2718 τοι
342 2687 598 2722 nnuman-:croc
630 2685 798 2731 ἐγέ-ιοντσ
828 2692 864 2726 οὗ
886 2693 983 2735 μόνον
1004 2695 1073 2730 τῶν
1094 2697 1288 2740 νησιωτῶν,

249 2732 360 2770 ἄλλῖκ.
385 2736 445 2769 καὶ
471 2740 536 2772 τιῖν
554 2737 747 2779 ἠπειρωτῶν
767 2737 805 2775 εὖ
829 2745 937 2783 μάλα
967 2747 1115 2789 συχνῶν.
1170 2745 1288 2783 Dein-

246 2783 296 2821 de
320 2796 473 2822 omneni
495 2786 678 2824 historiam
694 2791 876 2834 percenset
898 2793 942 2829 de
966 2794 1120 2842 Siphniis
1131 2796 1175 2833 ad
1196 2808 1287 2845 pau-

247 2843 428 2884 pertatem
451 2836 602 2873 redactis
622 2838 862 2877 inundatione
875 2844 979 2880 maris
994 2872 1003 2887 ‚
1016 2857 1110 2892 quae
1130 2848 1287 2894 argenti-

246 2885 395 2924 fodinas
435 2898 567 2924 eorum
597 2889 849 2927 intervertcrit.
887 2905 971 2929 nam
1003 2897 1287 2942 argentifodinas

247 2936 486 2984 Siphniorum
502 2965 512 2982 ‚
524 2948 601 2974 non
615 2940 851 2984 aurifodinas,
864 2942 889 2978 is
901 2944 1062 2990 agnoscit
1081 2946 1116 2981 in
1131 2946 1282 2993 Siphno.

244 2987 417 3032 ἀργυρεῖα
445 2991 636 3033 μέταλλα.
674 2991 871 3038 quomodo
903 2994 940 3029 ὅ(
961 2994 1176 3031 Herodotus
1195 2996 1287 3034 libro

244 3051 297 3075 111
333 3050 411 3088 cap.
437 3051 494 3088 57.
520 3039 579 3077 sed
601 3040 660 3076 ille
680 3052 786 3077 aurea
819 3043 929 3079 etiam
959 3044 1103 3081 metalla
1123 3045 1188 3081 illis
1209 3046 1288 3082 affi-

243 3097 352 3137 gnam
386 3089 509 3126 ἐέντων
528 3089 662 3130 airaon
682 3091 717 3124 ἐν
731 3090 776 3136 τῇ
798 3094 898 3138 Νήσῳ
916 3097 1072 3139 χρυσέων
1095 3097 1156 3130 κοιῑ
1174 3097 1287 3140 ἀργυ-

245 3143 325 3184 ρέων
347 3143 555 3184 μετάλλων.
583 3144 646 3191 qui
663 3142 834 3191 Sip'inon
855 3145 1165 3191 opulentissimam
1188 3157 1283 3195 quo-

245 3202 317 3238 que
347 3193 454 3230 facit:
496 3197 557 3229 Tea
587 3193 627 3229 δὲ
656 3198 725 3230 τῶν
753 3195 905 3239 Σιφνίων
923 3198 1124 3240 πρήγματα
1145 3197 1283 3239 ἤκμασε

246 3243 369 3277 veiireu
410 3245 469 3279 τὸν
497 3245 641 3291 χρόνον,
670 3247 733 3281 xx?
763 3248 950 3284 νησιωτέων
968 3250 1116 3288 μάλιςοι
1139 3247 1279 3284 ἐπλού-

2272 769 2406 830 facies

1365 904 1485 951 beno,
1507 905 1707 956 quodcum
1733 905 1863 944 Samiis
1885 902 2021 955 gessere
2044 903 2209 956 Syphnii.
2236 906 2404 948 meminit.

1365 957 1474 1006 hujus
1497 958 1709 1007 opulentiae
1732 957 1936 995 Eustathius
1955 968 2109 1006 quoque
2126 956 2165 993 in
2187 956 2408 1007 Periegeten.

1368 1009 1429 1045 Ab
1446 1009 1635 1046 immensis
1667 1008 1906 1057 Siphniorum
1937 1008 2066 1056 opibus
2089 1006 2255 1058 profecta
2272 1009 2404 1056 opinor

1362 1059 1489 1108 adagia
1516 1060 1575 1098 illa
1597 1060 1772 1109 antiqua,
1799 1059 1941 1106 Σίφνιος
1968 1059 2130 1106 σι’ῤῥοῐβων
2151 1087 2161 1103 ,
2191 1061 2256 1095 καὶ
2282 1059 2407 1106 Σιφνὶιι

1363 1112 1535 1155 ποτήρια,
1564 1123 1631 1160 pro
1659 1111 1850 1149 luculento
1882 1111 2083 1156 arrabone,
2114 1110 2153 1148 ὃς
2182 1122 2248 1159 pro
2271 1111 2406 1159 poculis

1360 1162 1553 1210 splendidis
1574 1174 1616 1199 ac
1636 1161 1753 1200 lautis.
1780 1162 1935 1206 Σιφνίων
1955 1162 2127 1206 ποτηρίων
2145 1161 2319 1199 meminit
2332 1163 2406 1201 Ste-

1363 1214 1504 1261 phanus
1533 1213 1732 1262 Byzantius
1757 1213 1793 1251 in
1823 1212 1966 1260 Σίφνος.
2021 1213 2092 1251 Sed
2121 1213 2405 1260 explicationem

1364 1263 1481 1312 adagii
1495 1276 1574 1301 non
1593 1264 1704 1302 addit.
1731 1264 1875 1311 Σίφνιος
1894 1260 2060 1310 οὲβιῖοἱβων
2072 1263 2167 1312 apud
2180 1263 2408 1313 Hesycliium

1366 1316 1405 1352 &
1430 1315 1578 1352 Suidam
1601 1316 1771 1353 occurrit.
1799 1316 2020 1354 meminit&
2035 1310 2255 1360 οἰςροιγάλον
2267 1314 2409 1362 Σιφνίου

1361 1365 1567 1403 Eustatliius
1598 1366 1752 1404 Scholiis
1780 1367 1817 1404 in
1848 1365 2023 1416 Dionysii
2060 1365 2280 1414 Perlegesin,
2307 1366 2405 1416 quod

1360 1418 1417 1454 vir
1435 1416 1662 1455 doctissimus
1685 1417 1890 1455 Hadrianus
1903 1418 2032 1465 Junius
2053 1416 2188 1456 nostras
2211 1416 2257 1455 de
2272 1417 2406 1457 mendo

1360 1469 1610 1518 nequicquam
1630 1468 1833 1517 suspectum
1854 1469 1976 1506 habet.
2026 1469 2111 1507 Sive
2134 1469 2170 1505 id
2193 1467 2239 1506 ad
2260 1469 2408 1519 astraga-

1358 1519 1414 1557 los
1435 1520 1630 1558 aleatorios
1641 1521 1766 1564 refers,
1786 1520 1861 1557 five
1872 1520 1916 1557 ad
1927 1520 2249 1558 architectonicos.
2269 1520 2408 1560 Viden-

1360 1577 1420 1607 tur
1438 1574 1538 1608 enim
1553 1571 1802 1620 Siphniialeae
1815 1583 1892 1608 non
1906 1572 2028 1608 minus
2039 1571 2152 1608 dediti
2165 1568 2282 1616 fuiffe,
2296 1583 2407 1621 quam

1364 1624 1490 1659 ceteris
1510 1623 1676 1660 luxuriae
1694 1622 1938 1660 instrumentis
1955 1650 1964 1667 ‚
1985 1634 2080 1671 quae
2095 1622 2238 1659 divitias
2251 1631 2290 1660 ut
2302 1623 2410 1671 pluri-

1361 1684 1465 1710 mum
1479 1673 1690 1721 sequuntur.
1712 1673 1783 1711 Sed
1793 1675 1832 1711 &
1846 1674 2152 1711 architectonicae
2165 1672 2411 1720 splendidioris

1359 1723 1536 1762 studiosos
1549 1725 1717 1772 Siplinios
1734 1737 1778 1762 ex
1798 1724 2000 1762 Herodoto
2023 1725 2175 1762 scimus:
2214 1725 2275 1773 qui
2288 1723 2412 1764 laudat

1356 1774 1567 1812 ssruc‘turam
1582 1776 1709 1824 templi
1724 1788 1770 1813 ex
1791 1787 1977 1813 marmore
1989 1776 2095 1813 Pario
2115 1773 2210 1822 apud
2233 1775 2312 1812 illos
2326 1787 2407 1812 ere-

1354 1824 1422 1868 έὶ1;
1435 1825 1495 1863 sed
1515 1826 1752 1873 proverbium
1771 1827 1816 1864 ad
1837 1827 1952 1864 aleam
1975 1827 2099 1865 referri
2113 1825 2226 1863 malo.
2253 1825 2332 1863 usus
2344 1837 2409 1864 eo-

1357 1875 1442 1913 dem
1457 1888 1609 1925 quoque
1628 1878 1826 1925 proverbio
1839 1878 1886 1914 est
1905 1877 2032 1915 Strabo
2047 1906 2056 1920 ,
2070 1877 2132 1926 qui
2155 1884 2280 1913 tamen
2300 1877 2406 1916 aliam

1354 1927 1434 1976 ejus
1447 1927 1506 1965 dat
1517 1929 1697 1965 rationem
1713 1943 1722 1966 2
1751 1926 2029 1973 Ε’νθενῆΣὶφνος
2052 1927 2086 1962 ἐν
2108 1926 2183 1966 ὄψει
2197 1924 2287 1969 rie-io,
2301 1928 2404 1975 ἐφῆ

1350 1979 1502 2025 ,λέγουσι
1520 1980 1663 2024 Σὶφνιον
1673 1980 1890 2025 ἀςρεὶγαλον
1902 1977 1961 2014 διὰ
1973 1982 2036 2018 τῆν
2046 1976 2157 2014 edo-§A
2178 1990 2242 2013 izv.
2255 1978 2289 2015 A
2303 1979 2406 2028 Siph-

1354 2031 1423 2067 niis
1436 2029 1635 2067 deductum
1651 2041 1804 2080 quoque
1818 2031 1858 2065 τὸ
1869 2028 2080 2075 Σιφνιοὶζειν
2091 2028 2246 2065 verbum
2262 2030 2408 2069 obscae-

1354 2080 2001 2130 1111111,01101ῃοἀοΛεσβιεὶζειν,6υ]115
2014 2079 2220 2126 complures
2231 2092 2275 2117 ex
2284 2092 2405 2129 gram-

1356 2133 1499 2169 maticis
1517 2133 1675 2181 antiquis
1699 2133 1974 2174 meminerunt,
1987 2130 2090 2178 quod
2100 2129 2144 2166 ad
2163 2130 2401 2177 Siphniorum

1354 2182 1546 2220 libidinem
1570 2183 1714 2220 videtur
1736 2181 1807 2219 effe
1826 2180 2072 2219 referendum.
2127 2180 2182 2217 Ex
2203 2181 2257 2218 his
2271 2209 2281 2226 ,
2308 2195 2403 2232 quae

1359 2232 1404 2270 de
1425 2233 1583 2281 Siphniis
1604 2235 1639 2271 in
1662 2233 1826 2271 medium
1844 2233 1923 2282 jam
1947 2232 2215 2281 produximus,
2245 2235 2400 2272 manife-

1358 2283 1450 2321 stum
1471 2284 1510 2322 fit
1532 2313 1543 2329 ‚
1570 2285 1695 2322 vivam
1716 2285 1796 2322 illos
1816 2284 2017 2333 imaginem
2038 2281 2140 2320 fuiffe
2162 2283 2267 2321 luxus
2287 2278 2410 2334 Syba-'
2472 2280 2475 2324 ἶ

1356 2335 1462 2372 ritici.
1489 2336 1798 2373 Aestuavitetiam
1819 2337 1856 2373 in
1875 2336 1950 2372 hoc
1963 2333 2220 2372 Nasonisloco
2233 2336 2396 2375 enodan-

1356 2385 1406 2423 do
1429 2386 1624 2436 Micyllus:
1667 2398 1709 2424 ac
1728 2385 1885 2435 proinde
1915 2385 2174 2434 corrigendum
2206 2386 2397 2433 censebat,

1353 2450 1527 2487 quamque
1547 2438 1654 2487 impia
1691 2437 1846 2487 prodidit
1874 2441 1974 2474 Arne
2002 2435 2168 2485 Cythnon
2201 2448 2245 2475 (φ
2270 2447 2396 2487 accepto

1349 2501 1445 2524 auro.
1474 2488 1576 2537 quod
1607 2488 1705 2526 serus
1736 2488 1991 2526 animadverti.
2046 2487 2128 2535 Ego
2159 2488 2396 2528 nihilominus

1347 2538 1500 2587 Siphnon
1518 2541 1579 2577 hic
1596 2539 1670 2577 loci
1690 2539 1886 2588 repositam
1909 2539 2009 2576 malo
2024 2538 2072 2575 ob
2093 2538 2342 2588 rationesjam
2355 2541 2393 2579 in

1347 2589 1513 2629 medium
1535 2591 1758 2639 prolatas.ex
1777 2590 2156 2637 BoeiOrnithogonia
2177 2590 2271 2627 hanc
2288 2591 2396 2629 histo·
2466 2627 2468 2640 s

1345 2642 1461 2684 riam,
1491 2650 1581 2690 puto
1598 2669 1607 2685 ,
1633 2649 1818 2679 mutuatus
1838 2649 1914 2678 erat
1935 2640 2045 2677 Naso.
2074 2640 2108 2677 Si
2121 2641 2267 2689 Micylli
2284 2642 2394 2691 Cyth-
2421 2685 2423 2688 Α
2464 2647 2467 2682 3

1346 2704 1415 2727 non
1444 2693 1504 2729 hic
1538 2692 1769 2730 admittimus
1795 2720 1805 2734 ‚
1833 2691 2054 2739 capiendum
2082 2692 2150 2729 erit
2183 2691 2329 2730 fortasse
2347 2692 2390 2731 de

1345 2751 1526 2789 occupata
1559 2743 1602 2780 ab
1624 2743 1903 2791 Amphitryone
1924 2742 2110 2779 Thebano
2131 2742 2298 2791 Cythno.
2324 2756 2391 2782 un-

1344 2793 1390 2830 de
1408 2793 1533 2842 adagia
1548 2821 1558 2837 ,
1587 2794 1773 2836 Κνθνώσεις
1791 2793 1967 2839 σύμφοροιι
1980 2821 1989 2835 ,
2019 2794 2058 2830 ὃζ
2072 2793 2249 2836 Κυθνώὲης
2265 2794 2388 2832 deho-

1343 2845 1445 2881 mine
1474 2844 1613 2892 perdite
1640 2844 1785 2882 misero.
1805 2856 1896 2881 mox
1920 2844 2020 2892 nigra
2037 2843 2179 2893 pedem,
2202 2856 2279 2882 non
2294 2844 2389 2894 pedes

1341 2894 1459 2942 scripti
1478 2896 1641 2942 potiores
1671 2907 1808 2944 magno
1838 2906 2022 2937 numer03
2051 2895 2154 2944 quod
2174 2896 2212 2932 &
2232 2907 2298 2932 nos
2318 2892 2385 2935 esse

1341 2945 1612 2983 admittendum
1635 2946 1834 2984 censemus.
1863 2946 2069 2983 Herusws.
2099 2945 2268 2983 Francius
2288 2946 2382 2994 lege-

1342 2994 1425 3036 bat,
1454 2995 1548 3042 qud,
1576 2997 1799 3050 quaeimpia.
1833 2996 1890 3033 sed
1922 2996 1947 3033 fi
1976 2996 2022 3034 de
2053 2996 2207 3046 Cythno
2230 2997 2288 3034 1116
2307 2995 2384 3032 sen·

1340 3045 1423 3131 lserit
1444 3044 1580 3089 Poeta,
1604 3046 1723 3094 poflet
1749 3059 1794 3084 ex
1825 3047 1979 3096 vestigiis
2002 3057 2195 3096 corruptae
2215 3045 2382 3086 iectionis

1358 3105 1437 3142 egi:

1644 3172 1832 3221 §Quamque
1853 3171 1960 3221 impia
1973 3170 2126 3221 prodidit
2143 3184 2258 3209 arcem

1389 3220 1563 3270 Cythnius
1575 3249 1584 3266 ,
1596 3231 1725 3272 accepto
1744 3224 1835 3274 quod
1852 3235 1968 3260 avara
1984 3222 2163 3271 poposcerit
2184 3236 2282 3262 auro.

241 3301 333 3334 155⁰*
364 3294 400 3330 δί
419 3306 514 3345 quae
531 3297 604 3335 illic
624 3296 834 3353 sequuntur.
862 3296 1013 3339 addit&
1034 3298 1212 3339 nonnulla
1232 3298 1278 3340 de
1335 3301 1389 3353 Ut
1409 3302 1535 3351 Arne,
1563 3303 1666 3357 cujus
1686 3316 1831 3345 nomen
1856 3297 2045 3343 Gloffator
2065 3302 2382 3355 adscripserat‚in-'

2285 3350 2381 3401 {effla
