2483 3616
284 184 1519 248 METAMORPHOSEON
1591 189 1944 252 L1B.XIV.

216 328 319 378 445
357 307 589 363 Solvitur
613 301 842 356 herboso
867 301 1117 373 religatus
1143 302 1206 357 ab
1233 322 1426 376 aggere
1451 305 1615 361 funis:

353 380 427 435 Et
450 375 637 449 procul
660 375 892 438 infidias,
929 374 1317 448 infamataeque
1340 378 1650 451 relinquunt

350 450 521 505 Testa
546 448 720 512 Deae,
761 450 1016 520 lucosque
1042 461 1261 520 petunt,
1300 449 1389 503 ubi
1415 451 1622 505 nubilus
1645 450 1832 506 umbra

348 523 406 577 In
431 540 576 576 mare
601 539 724 576 cum
750 522 885 576 flava
910 522 1210 592 prorumpit
1236 520 1472 592 Thybris
1502 526 1676 577 arena.

352 595 797 666 Faunigenaeque
824 595 993 649 domo
1017 595 1223 666 potitur
1249 597 1478 667 nataque
1505 595 1718 661 Latini;

207 685 313 739 450
347 669 475 724 Non
502 669 606 722 fine
633 668 814 722 Marte
839 683 1031 721 tamen.
1069 666 1266 720 bellum
1291 684 1416 721 cum
1443 682 1604 738 gente
1631 669 1800 724 feroci

351 742 672 813 Suscipitur3
716 739 973 813 pafiaque
1000 739 1128 793 furit
1153 756 1253 810 pro
1278 739 1505 810 conjuge
1530 740 1766 796 Turnus,

348 814 642 868 Concurrit
669 813 830 867 Latio
856 812 1163 882 Tyrrhenia
1188 825 1301 866 tota
1331 831 1341 865 :
1382 813 1583 886 diuque

347 888 536 941 Ardua
560 885 792 941 sollicitis
817 885 1038 939 vi&oria
1061 886 1333 956 quaeritur
1357 887 1530 940 armis.

352 962 536 1032 Auget
560 974 789 1031 uterque
814 959 925 1012 suas
953 972 1181 1010 externo
1209 958 1407 1012 robore
1434 960 1572 1013 vires
1598 977 1610 1013 :

206 1051 309 1103 455
349 1033 422 1088 Et
446 1034 601 1088 multi
626 1031 891 1093 Rutulos,
931 1029 1083 1083 multi
1109 1029 1350 1099 Trojana
1380 1044 1599 1086 tuentur

353 1106 551 1160 Castra.
592 1121 765 1177 neque
792 1101 990 1158 AEneas
1016 1102 1251 1156 Evandri
1277 1104 1343 1157 ad
1372 1104 1549 1158 limina
1573 1104 1786 1172 frustra,

344 1181 423 1234 At
448 1179 687 1235 Venulus
713 1194 960 1247 magnam
985 1174 1201 1247 profugi
1231 1175 1514 1230 Diomedis
1539 1178 1602 1232 ad
1639 1180 1826 1236 urbem

357 1252 615 1310 Venerat.
654 1252 739 1306 ille
765 1248 986 1322 quidem
1010 1246 1104 1303 sub
1131 1247 1326 1320 Iapyge
1354 1251 1584 1305 maxima
1615 1251 1813 1308 Dauno

2101 212 2202 263 971

110 1470 210 1505 Dum
231 1462 358 1504 Tiberis
376 1461 492 1513 flavas
513 1462 664 1512 Thuscus
684 1460 822 1499 habebit
842 1473 965 1512 aquas.

2049 1327 2209 1384 Moe-

1165 1459 1299 1497 moem‘a
1321 1460 1426 1499 multi
1442 1474 1485 1499 ex
1499 1462 1671 1513 antiquiS,
1696 1463 1823 1502 limina
1836 1474 1953 1503 snam
1972 1465 2107 1503 moenia
2123 1478 2215 1505 mox

61 1518 113 1557 ita
143 1519 242 1555 enirn
272 1516 397 1564 scripta
424 1514 672 1563 exemplaria;
704 1525 782 1550 non
812 1512 965 1561 liquidas
985 1522 1109 1568 aquas.
1162 1511 1336 1560 sequitur.
1365 1513 1514 1558 Scribe,

55 1568 180 1619 flavus
200 1566 336 1616 Tyberis
359 1576 578 1615 perpetuum
602 1565 794 1614 epitheton
821 1564 897 1612 ejus
918 1563 1030 1600 fluvn.
1059 1563 1108 1599 ita

59 1619 184 1669 paffim
204 1618 337 1656 Noster
355 1617 502 1666 aliique.
528 1615 752 1653 reddidimus
775 1614 913 1652 Nasoni
935 1625 1018 1651 eam
1041 1624 1109 1651 vo-

58 1681 144 1709 cem
167 1671 204 1707 in
232 1669 332 1707 Ibide
354 1667 407 1711 sss.
435 1668 514 1713 138.
544 1666 653 1705 Trist.
674 1678 709 1704 v.
729 1665 783 1703 El.
807 1678 834 1702 1.

111 1723 208 1769 Qot
219 1720 385 1767 frutrices
395 1719 542 1768 sylvae,
570 1728 651 1768 quot
666 1716 790 1768 flavas
803 1715 921 1765 Tybris
943 1727 1078 1753 arenas.

63 1770 195 1810 Statius
218 1772 306 1809 Silv.
327 1783 424 1819 ¹V·5·

115 1822 290 1859 Continuo
311 1822 452 1858 dextras
466 1818 562 1868 flavi
579 1829 650 1866 pete
672 1817 819 1856 Tibridis
840 1830 928 1856 oras.

65 1872 186 1914 Festus
206 1873 340 1910 Avien.
364 1872 488 1909 Descr.
513 1871 604 1908 Orb.
624 1882 709 1919 403.

119 1929 183 1959 Per
203 1936 288 1972 quas
309 1922 477 1968 flaventes
499 1921 608 1958 Tibris
620 1931 720 1970 pater
735 1920 882 1969 explicat
901 1919 1025 1957 undas.

71 1971 259 2012 Claudian.
281 1974 390 2011 Cous.
410 1972 526 2022 Olyb.
548 1984 630 2009 220.
657 1973 718 2010 ubi
738 1973 810 2019 agit
834 1972 879 2009 de
901 1971 1032 2008 Tibri:

431 2042 473 2050 —·
505 2022 661 2059 Taurina
681 2023 849 2059 levantur

125 2077 265 2110 Cornua
286 2072 486 2120 temporibus
498 2071 614 2121 flavos
622 2072 796 2122 sudantia
815 2073 920 2109 rivos.

72 2121 135 2160 ubi
158 2135 276 2159 raucos
295 2134 479 2170 perperam
493 2124 758 2162 circumfertur.
784 2125 930 2162 Hiems.
956 2120 1116 2159 Convul-

65 2173 110 2222 β
134 2185 244 2209 arena
264 2185 355 2210 unus
379 2172 476 2210 ssafil.
498 2175 572 2210 vid.
588 2175 647 2211 lib.
673 2187 723 2212 xi.
746 2188 831 2224 499.

123 2236 209 2272 450.
238 2222 438 2272 Nonsine.]
470 2230 538 2258 Nec
551 2222 624 2270 sine
643 2226 811 2263 Vatican.

125 2284 207 2321 452.
235 2273 458 2321 Comama]
489 2274 644 2311 Occurrit
671 2275 745 2312 duo
775 2277 865 2314 libri.
904 2276 1015 2313 etiam
1039 2285 1118 2312 non

74 2326 182 2362 male.
216 2336 303 2361 narn
333 2328 369 2362 ὃς
399 2325 472 2361 hoc
499 2325 652 2362 verbum
684 2325 766 2364 belli
795 2327 855 2365 est.
893 2326 1026 2365 Noster
1055 2337 1119 2363 111.

3 2399 4 2402 =
74 2376 210 2413 Amor.
232 2387 301 2412 xri.
329 2387 381 2412 12.

125 2426 276 2474 {Quodve
292 2435 412 2474 putem
427 2424 524 2474 fidus
547 2423 666 2468 nostris
684 2439 851 2463 occurrere
862 2425 955 2473 fatis
969 2434 985 2462 ἓ

178 2479 320 2525 Qosve
343 2482 428 2514 Deos
451 2477 489 2513 in
508 2490 561 2512 me
579 2475 666 2511 bella
688 2490 823 2513 movere
841 2483 990 2527 querar?

76 2527 242 2576 Propert.
265 2540 292 2564 1.
315 2540 374 2564 xx.
399 2540 457 2575 30.

126 2584 225 2626 Saepe
245 2577 457 2627 imprudenti
468 2579 617 2624 fortuna
637 2577 783 2613 occurrit
803 2577 955 2615 amanti.

9 2660 10 2667 ,
76 2629 161 2667 vide
182 2638 306 2666 tamen
329 2630 374 2666 ad
393 2629 470 2666 libr.
493 2640 563 2664 vii.
584 2639 642 2676 30.
672 2628 803 2665 Euam.

124 2691 208 2727 454.
236 2684 388 2715 Externo
407 2677 558 2727 robore]
590 2678 708 2715 Milite
727 2688 809 2716 tres.
831 2688 958 2727 corpore
969 2690 1073 2716 unus.

126 2742 209 2778 455.
237 2731 388 2778 Trojana
416 2740 560 2765 tuentur
587 2728 749 2779 Castra]
788 2736 984 2779 Sequuntur
1004 2729 1126 2776 Castra

79 2780 220 2817 Moreti
239 2780 341 2819 liber.
364 2792 441 2818 non
463 2780 570 2817 male.
597 2779 646 2816 ita
666 2781 766 2827 supra
787 2793 833 2818 ex
856 2779 939 2820 Mss'.
958 2780 1029 2819 xti.
1043 2792 1127 2830 320.

131 2830 270 2877 Frustra
288 2830 387 2867 nulla
409 2844 511 2867 arma
524 2830 739 2879 sequentem.

82 2880 119 2919 &
144 2894 179 2917 v.
203 2893 262 2927 91.

131 2938 270 2968 Neutra
289 2944 391 2967 arma
409 2931 574 2979 secutum.

80 2992 152 3021 vix.
181 2993 265 3032 377.

307 3031 524 3082 Vetitumque
546 3042 660 3070 aetate
671 3034 847 3082 fimatum.

132 3090 249 3120 Arma
266 3084 374 3134 sequi.

21 3171 22 3174 ,
82 3143 144 3174 ΧΠ.
162 3135 293 3173 Amor.
316 3146 403 3171 vixi.
426 3133 484 3171 26.

19 3226 23 3232 ἢ
130 3185 192 3220 Sed
213 3186 360 3230 trepidas
380 3184 468 3220 acies
487 3194 529 3222 εἶφ’
544 3184 623 3228 sera
648 3182 755 3232 castra
768 3184 879 3233 sequi.

23 3266 24 3271 ,
83 3233 143 3271 ubi
161 3236 244 3272 vide
270 3235 396 3272 Heins.
425 3235 555 3272 Eum.

133 3288 214 3332 456.
241 3286 406 3323 Evandri
431 3286 478 3321 ad
498 3284 631 3321 moenia
647 3282 824 3333 frustra]
855 3283 1020 3321 Evandri
1040 3299 1127 3323 moe-

82 3333 142 3371 nia
171 3346 262 3374 unus
279 3335 381 3375 Basil.
401 3338 438 3375 &
458 3347 551 3375 unus
570 3334 672 3373 Voll'.
694 3335 742 3371 ad
761 3334 924 3372 Evandri
945 3335 1034 3374 duo.
1056 3348 1123 3385 pro

1343 1576 1449 1614 neque
1466 1569 1596 1601 AEneas
1615 1566 1801 1604 Evandria
1824 1566 1951 1604 limina
1963 1568 2100 1615 frustra

1218 1619 1375 1651 Venerat.

1166 1675 1254 1702 nam
1277 1665 1335 1702 Tb
1357 1665 1405 1701 ad
1427 1677 1516 1703 mox
1534 1665 1684 1715 sequens
1706 1667 1995 1717 subintelligitur.
2023 1668 2070 1706 stc
2092 1673 2216 1705 Evan-

1170 1715 1267 1751 drius
1287 1714 1372 1764 enfis
1389 1716 1484 1764 apud
1507 1717 1701 1765 Virgilium
1722 1718 1782 1755 lib.
1805 1731 1839 1755 x.
1863 1731 1947 1766 493.
1977 1725 2078 1756 Mons
2092 1723 2217 1755 Evan-

1172 1766 1270 1802 drius
1298 1767 1393 1814 apud
1427 1767 1618 1805 Claudiam.
1648 1780 1703 1806 vi.
1736 1768 1846 1806 Cons.
1876 1770 2023 1807 Honor.
2055 1782 2099 1806 11.
2128 1769 2217 1806 Stat.

1167 1829 1265 1854 xvir.
1297 1816 1407 1854 Cons.
1438 1817 1586 1856 Domit.
1616 1819 1821 1856 Evandrius
1846 1819 1937 1856 collis
1964 1819 2166 1856 Prudentio
2190 1833 2218 1857 ι.

1170 1876 1287 1905 contr.
1327 1867 1537 1917 Symmach.
1577 1870 1687 1906 Curia
1721 1870 1908 1906 Evandria
1938 1870 1983 1908 de
2017 1870 2218 1908 Carmente

1171 1918 1276 1957 Silius
1304 1918 1365 1956 lib.
1395 1931 1481 1956 xm.
1521 1920 1604 1958 816.
1653 1921 1841 1959 Evandria
1872 1932 1987 1958 mater
2019 1927 2110 1957 Haec
2137 1922 2216 1968 ficit

1170 1969 1270 2007 idem
1294 1969 1353 2007 lib.
1373 1981 1443 2007 v11.
1472 1969 1526 2008 18.
1760 2015 1765 2018 Α

1221 2020 1295 2067 Qi
1314 2021 1515 2057 Carmentis
1533 2031 1602 2071 opes
1621 2034 1665 2062 φ’
1684 2036 1785 2071 regna
1806 2022 1993 2059 Evandria
2005 2021 2142 2071 fhrvas.

1170 2071 1266 2118 apud
1290 2072 1468 2108 Marciam.
1490 2072 1676 2121 Capellam
1697 2075 1758 2111 lib.
1779 2086 1831 2110 VI.
1860 2072 2014 2109 Catillus
2030 2073 2218 2121 praefeffus

1172 2120 1276 2168 claffis
1307 2122 1521 2159 Evandriae.
1552 2125 1670 2160 Venire
1698 2135 1780 2161 cum
1802 2132 1934 2172 quarto
1961 2123 2039 2160 casu
2061 2123 2218 2170 conjun—

1173 2173 1274 2210 &cum
1305 2184 1381 2209 non
1413 2172 1533 2211 addita
1564 2174 1833 2221 praepositione
1864 2175 1974 2211 etiam
1997 2174 2147 2211 Maroni
2167 2174 2219 2210 fa-

1174 2224 1315 2261 mili-are
1337 2223 1384 2260 est
1399 2250 1408 2267 ,
1429 2231 1469 2261 ut
1492 2224 1526 2261 in
1546 2225 1609 2262 illo
1628 2225 1687 2262 lib.
1717 2237 1745 2261 1.
1766 2237 1800 2261 2.

1227 2273 1371 2310 Italiam
1383 2275 1464 2320 fato
1479 2276 1640 2324 profugus
1662 2274 1816 2312 Lavinia
1835 2274 1935 2313 venit

1234 2325 1376 2361 Littora.

1178 2375 1307 2414 Claud.
1328 2374 1410 2412 bell.
1431 2375 1549 2414 Getic.
1570 2387 1629 2426 73.

1482 2433 1553 2464 Nec
1568 2437 1750 2478 pervenere
1762 2428 1936 2477 juventae

1225 2475 1339 2516 Robur
1361 2475 1546 2516 Aloiadae.

1177 2529 1238 2567 Sil.
1257 2528 1304 2564 lib
1333 2540 1422 2564 xxix.

1228 2581 1289 2615 His
1309 2577 1392 2613 laeti
1414 2578 1539 2614 rediere
1551 2580 1648 2616 duces
1661 2580 1731 2616 loca
1747 2591 1890 2616 amoena
1899 2577 2048 2628 piorum.
2077 2578 2222 2617 HEINS.

1229 2641 1310 2677 457.
1340 2632 1396 2664 At
1426 2629 1572 2667 Venulus
1594 2631 1766 2679 frustra]
1807 2639 1858 2666 At
1884 2630 2029 2665 Venulus
2055 2643 2224 2677 magnam

1185 2680 1345 2718 Florem.
1373 2679 1406 2716 S.
1429 2680 1548 2718 Marci
1587 2683 1622 2718 &
1654 2692 1722 2718 tres
1754 2681 1824 2719 alii.
1853 2680 1950 2718 recte
1976 2708 1984 2722 ‚
2027 2680 2090 2717 nisi
2121 2679 2226 2729 quod

1183 2731 1310 2768 malim
1328 2758 1337 2772 ‚
1364 2736 1406 2766 Ut
1427 2732 1582 2767 Venulus.
1613 2744 1696 2769 nam
1724 2733 1756 2769 S.
1777 2732 1919 2773 Marci,
1948 2731 2080 2767 Urbin.
2107 2733 2226 2778 Neap.

1182 2783 1318 2830 aliique
1338 2780 1506 2818 nonnulli
1529 2786 1587 2819 Et.
1606 2782 1724 2830 plures
1742 2795 1825 2821 cum
1848 2782 1977 2819 Oxon.
2001 2781 2074 2819 Sed.
2098 2781 2226 2829 Virgil.

1181 2832 1205 2871 l.
1227 2846 1277 2870 xx.
1301 2835 1385 2869 226.

1231 2889 1311 2920 Ecce
1324 2882 1426 2931 super
1444 2882 1555 2929 moesti
1576 2897 1704 2932 magna
1730 2882 1908 2920 Diomedis
1930 2881 1973 2918 ab
1992 2880 2073 2917 urbe

1232 2934 1351 2981 Legati
1371 2936 1521 2981 responsa
1541 2936 1674 2981 ferunt.

1181 2986 1342 3022 murima
1375 2984 1509 3020 moenia
1546 2987 1675 3021 Noster
1703 2984 1774 3031 ipse
1808 2981 1916 3030 paulo
1946 2979 2025 3028 post
2057 2979 2227 3029 appellat.

1105 3067 1110 3075 ,
1181 3047 1292 3083 quare
1324 3046 1398 3071 non
1431 3035 1588 3072 admitto
1621 3036 1820 3072 lechonem
1854 3031 2096 3080 plurimorum
2125 3039 2229 3067 vete-

1182 3098 1262 3123 rtnn
1292 3086 1340 3121 ad
1370 3098 1461 3120 arces
1484 3113 1492 3127 ‚
1541 3097 1606 3132 pro
1636 3084 1684 3119 ad
1715 3082 1844 3119 urbem.
1873 3081 1931 3119 sed
1966 3081 2003 3116 a<
2036 3081 2226 3128 vulgatum

1183 3138 1302 3185 magni
1336 3135 1513 3172 Diomedis
1544 3136 1636 3172 bene
1671 3134 1705 3171 se
1744 3133 1864 3171 habet.
1916 3131 2092 3179 Virgilius
2133 3131 2227 3169 libro

1182 3200 1225 3225 vi
1240 3200 1251 3224 1
1267 3200 1296 3223 t.

1235 3198 1400 3272 Mittam
1418 3245 1461 3273 ω’
1481 3233 1600 3282 magni
1621 3233 1769 3271 Venulus
1791 3231 1967 3269 Diomedis
1984 3231 2031 3267 aa'
2050 3230 2179 3269 urbem.

1183 3286 1253 3323 Sed
1278 3288 1316 3322 ὃς
1347 3285 1493 3321 codices
1514 3286 1678 3321 nonnulli
1703 3284 1831 3320 vetusti
1854 3284 1889 3320 in
1909 3283 2000 3319 loco
2020 3282 2129 3330 paulo
2150 3289 2235 3320 ante

1181 3349 1227 3374 ex
1247 3336 1338 3374 libro
1365 3334 1544 3371 AEneidos
1566 3348 1616 3372 xx.
1646 3334 1806 3373 adducto
1822 3361 1831 3378 ,
1861 3332 1980 3381 magni
2004 3332 2236 3371 Diomedisab

1361 3386 1560 3434 Gggggg
1587 3397 1607 3421 2
2159 3382 2240 3420 urhe
