2483 3616
376 173 1617 246 METAMORPHOSEON
1690 176 1945 251 L1ss.t.

382 289 577 358 ‚Digna
599 284 716 339 fuit.
754 282 860 356 qu&
884 295 1023 336 terra
1050 291 1227 352 patet,
1263 279 1375 334 fera
1397 290 1583 350 regnat
1609 279 1855 354 Erinnys,

405 361 465 415 In
486 359 686 413 facinus
707 353 893 426 juraffe
918 366 1088 425 putes.
1128 353 1259 407 dent
1287 352 1436 406 ocius
1460 369 1675 417 omneS‚

407 432 554 505 Quas
577 446 820 485 meruere
843 427 951 499 pati
976 430 998 497 (
1011 425 1079 480 fic
1104 425 1199 480 stat
1222 425 1515 493 sen-tentia)
1540 442 1751 498 poenas,

2177 200 2239 250 41

784 562 1608 614 FAB.V11.ARGUMENTUM.

360 693 404 741 A
429 690 715 741 Deucalione
739 687 923 752 ²ja&ati
945 685 1113 751 lapides
1136 686 1185 733 in
1205 686 1357 747 viros,
1393 686 1443 735 δε
1463 703 1489 735 a
1510 686 1689 750 Pyrrha
1711 689 1760 734 in
1782 687 2006 737 mulieres.

181 819 357 881 Jupiter
371 828 542 879 propter
565 816 788 863 audaciam
811 815 1015 873 Lycaonis
1039 823 1340 873 ceterorumque
1362 810 1381 837 ¹³
1403 815 1762 875 mortalium‚qui
1773 813 2000 875 sceleribus
2012 812 2107 875 fitis
2119 818 2249 862 etiam

116 885 286 932 deorum
302 886 535 944 potentiam
559 882 807 939 tentabant,
842 884 860 904 ‘³
883 879 1017 925 orbem
1052 889 1265 923 terrarum
1290 877 1476 937 profusts
1510 878 1714 924 imbribus
1747 881 1991 925 inundavit.
2060 880 2124 924 Et
2159 896 2252 926 cum

117 951 199 996 duo
215 953 375 1010 pietate
398 959 546 994 ceteros
568 947 763 991 mortales
786 943 1101 1002 anteceffiſjent,
1137 942 1376 987 Deucalion
1398 941 1645 985 Promethei
1656 944 1783 1001 filius
1798 978 1813 1002 ,
1849 961 1899 990 ac
1924 943 2099 1003 Pyrrha
2115 978 2130 1003 ,
2177 962 2249 990 ea-

117 1016 212 1060 dem
220 1014 343 1076 soror
363 1023 487 1074 atque
511 1011 685 1071 conjux3
721 1005 739 1033 ‘¹
761 1007 815 1059 ἐξ
836 1004 1032 1068 Parnaso
1056 1016 1191 1051 monte
1206 1005 1446 1064 proluviem
1481 1006 1680 1050 imbrium
1705 1006 1961 1069 effugiffint3
1999 1013 2015 1033 e
2025 1008 2141 1070 sorte
2164 1026 2250 1055 mo-

119 1080 204 1124 niti
239 1079 449 1125 Themidis
470 1110 486 1135 ,
553 1092 595 1121 eo
613 1085 788 1132 tempore
809 1087 914 1133 quae
949 1068 965 1095 f
984 1071 1153 1132 antistes
1174 1079 1312 1115 terrae
1323 1068 1455 1129 fuiſje
1477 1070 1697 1128 traditur,
1733 1074 1760 1116 a
1779 1073 1864 1117 cleis
1880 1086 1958 1132 per
1972 1086 2113 1132 preces
2130 1091 2251 1136 gene-

119 1143 280 1189 randae
296 1144 426 1203 prolis
449 1142 618 1186 veniam
638 1145 894 1197 acceperunt.
959 1136 1034 1182 Ita
1058 1145 1106 1181 ut
1129 1135 1283 1194 lapides
1299 1133 1394 1194 post
1416 1143 1579 1195 tergum
1588 1135 1811 1195 jacerent,
1854 1153 1904 1180 ex
1939 1139 2084 1198 quibus
2117 1139 2253 1184 homi-

121 1223 191 1252 nes
214 1212 232 1240 g
255 1202 540 1269 nascebantur.
577 1202 631 1256 ξς)
655 1205 684 1248 a
706 1201 965 1249 Deucalione
986 1200 1092 1260 miffi
1112 1201 1158 1245 in
1189 1201 1306 1246 viros
1340 1199 1617 1245 vertebantur
1649 1221 1667 1256 3
1702 1201 1730 1245 a
1764 1199 1941 1257 Pyrrha
1974 1212 2115 1249 autem
2139 1237 2155 1261 ,
2210 1207 2255 1249 in

111 1271 315 1332 feminas.

120 1492 235 1541 impie
257 1503 362 1542 agere
384 1492 580 1543 coepiffet3
617 1504 742 1533 coram
773 1504 816 1533 ac
837 1491 953 1532 statim
974 1490 1158 1543 punitum:

120 1544 180 1582 Sic
211 1544 430 1593 Lycaonem
460 1545 558 1582 hunc
588 1546 626 1583 in
656 1545 783 1594 lupum
807 1574 818 1591 ,
855 1545 903 1582 fic
940 1544 1088 1583 Nioben
1118 1545 1157 1582 in

120 1593 246 1631 saxum
274 1595 394 1642 postea
416 1595 638 1632 conversam.
691 1595 807 1633 Addit
828 1603 952 1634 autem
971 1594 1071 1633 idem
1093 1606 1157 1631 au-

124 1651 184 1681 tor
216 1645 324 1682 etiam
355 1645 606 1693 posterioribus
636 1645 861 1692 temporibus
891 1646 1087 1682 hominem
1118 1644 1157 1681 in

124 1693 252 1742 lupum
275 1695 489 1732 conversum
510 1696 604 1733 inter
624 1694 792 1732 sacrificia
813 1694 972 1743 ejusdem
995 1694 1054 1732 dei
1067 1706 1158 1739 ‚nec

126 1749 251 1781 tamen
272 1757 336 1794 per
357 1757 511 1782 omnem
534 1753 693 1783 aetatem
713 1745 841 1793 lupum
855 1743 1031 1783 manfifl‘e.
1058 1746 1159 1782 Nam

125 1795 189 1843 qui
218 1795 267 1832 ita
298 1796 602 1833 convertebantur
625 1825 635 1840 ‚
671 1796 789 1845 inquit
811 1822 827 1841 ,ι
857 1795 884 1832 fi
916 1795 960 1833 de
993 1803 1116 1833 cetero
1139 1795 1160 1832 a

126 1845 290 1882 carnibus
309 1846 478 1885 humanis
499 1844 763 1891 abstinuissent,
801 1846 949 1885 decimo
987 1858 1086 1883 anno
1118 1845 1164 1883 ad

123 1895 308 1944 pristinam
330 1897 490 1934 formam
511 1896 626 1933 redire
646 1896 817 1934 solebant.
845 1897 906 1934 Sin
928 1897 1079 1945 amplius
1099 1896 1163 1934 illis

125 1945 378 1992 vescerentur,
404 1959 467 1995 per
489 1959 643 1984 omnem
676 1954 834 1984 aetatem
864 1947 969 1996 lupos
1002 1958 1162 1984 manere.

127 1998 255 2041 Quam
287 2008 366 2033 rem
399 1999 436 2034 &
466 1997 569 2034 Plato
601 1997 794 2035 confirmat
823 1996 882 2035 lib.
906 1998 939 2035 8.
962 1997 1007 2035 de
1029 1997 1165 2046 republ.

130 2046 251 2084 dicens
285 2058 347 2084 eos
378 2047 415 2084 in
446 2047 550 2095 lupos
582 2048 715 2085 mutari
746 2047 892 2092 solitos,
931 2048 993 2097 qui
1016 2059 1163 2085 carnem

129 2096 330 2134 humanam
352 2097 390 2133 in
411 2096 584 2134 sacrificiis
605 2096 807 2146 gustaffent.
835 2100 1061 2135 Micums.

180 2147 264 2194 238.
301 2146 468 2184 Violentia
497 2147 653 2196 vultu]
695 2148 815 2186 Vultus
854 2149 983 2185 reetius
1014 2156 1167 2197 uterque

130 2194 344 2281 {Irfmoenfis
367 2225 379 2242 ‚
413 2197 588 2235 secundus
618 2197 728 2235 Palat.
765 2199 804 2235 ὃς
842 2198 1027 2235 Leidenfis
1064 2210 1169 2237 unus,

177 2256 338 2284 EINSIUS.

184 2307 268 2340 241.
292 2296 377 2342 Qu
395 2307 486 2334 terra
502 2297 638 2348 patet.]
678 2298 775 2336 Citat
803 2298 872 2336 hos
893 2298 1011 2336 versus
1041 2299 1167 2338 Senec.

136 2345 196 2382 lib.
215 2357 270 2382 Π.
285 2346 369 2381 Nat.
381 2347 525 2393 Quaest.
538 2361 565 2384 1.

185 2407 270 2444 243.
297 2396 348 2431 sic
364 2395 436 2441 stat
449 2395 650 2447 sententia]
664 2398 718 2436 Ita
740 2398 927 2437 decretum
941 2399 1000 2437 est.
1013 2398 1165 2437 Terent.

129 2443 174 2482 in
195 2445 388 2482 Eunucho.
417 2457 459 2480 11.
478 2446 635 2484 1.Parm.
671 2449 743 2485 Hui
763 2449 963 2498 universum
981 2450 1141 2487 triduum
1154 2460 1170 2488 ,ἓ

132 2495 239 2545 mide,
267 2495 352 2545 quid
371 2508 462 2543 agas.
514 2495 647 2532 Phaed.
662 2497 735 2541 stat
748 2498 932 2545 sententia.
961 2494 1089 2537 Livius
1110 2500 1169 2536 lib.

135 2557 272 2584 XXXIV.
305 2552 383 2582 Stat
405 2545 579 2593 sententia
602 2559 670 2582 non
688 2547 839 2583 minuere
869 2550 1000 2596 copias,
1027 2563 1066 2583 ne
1087 2550 1172 2596 quid

134 2596 282 2632 'interim
314 2595 415 2641 hostes
441 2595 595 2641 inferant
630 2595 847 2643 ignominiae.
886 2598 1094 2634 C10FAnus.
1119 2595 1173 2645 -sic

133 2645 201 2693 stet
222 2658 313 2683 unus
344 2645 441 2683 Sixii.
967 2678 979 2685 x

191 2695 478 2745 Argumentum]
508 2694 733 2733 Colonienfis
752 2696 827 2734 hoc
848 2709 926 2734 non
945 2696 1078 2742 habet,
1114 2696 1175 2734 sed

141 2753 226 2783 ante
256 2757 346 2782 vers.
379 2757 461 2794 313.
497 2745 593 2782 aliud
622 2745 738 2794 posuit
759 2747 796 2784 in
827 2747 918 2784 haec
938 2747 1058 2784 verba.
1083 2753 1175 2784 Con-

135 2796 283 2844 sumptis
303 2796 401 2845 aquis
422 2796 572 2840 diluvii,
598 2796 726 2832 cunetis
745 2797 948 2834 mortalibus
979 2797 1169 2834 Deucalion

145 2845 334 2881 Promethei
350 2845 447 2893 filius
467 2859 544 2882 cum
566 2845 703 2894 Pyrrha
724 2847 912 2896 Epimethei
925 2847 1006 2895 filia
1027 2860 1071 2887 ey·
1091 2861 1169 2884 con-

140 2895 218 2942 juge
241 2894 361 2944 (ipfius
379 2895 416 2931 in
438 2896 576 2943 marg.)
605 2895 822 2934 Deucalionis
835 2897 917 2947 ,qui
932 2898 998 2947 fhli
1015 2912 1056 2934 ex
1077 2898 1170 2935 omni

148 2943 296 2980 humano
322 2958 436 2993 genere
456 2945 680 2994 supererant,
706 2946 744 2982 in
773 2948 926 2996 Parnaso
953 2959 1068 2985 monte
1086 2948 1172 2985 The—

148 2993 252 3030 onidis
282 2995 376 3030 vatis
389 2995 495 3042 sortes
515 2996 554 3031 de
575 2997 783 3044 reparatione
815 2998 1062 3046 consuluerunt.
1116 3004 1172 3035 Ex

150 3042 242 3096 cujus
271 3044 411 3093 responso
428 3042 656 3092 fignificatum
676 3045 719 3092 est
731 3073 742 3090 ,
779 3057 820 3083 ut
841 3048 1025 3096 corporibus
1045 3049 1170 3096 discin-

150 3092 212 3126 ἑῖις
232 3103 273 3129 &³
293 3093 405 3129 velato
426 3095 530 3143 capite
551 3094 613 3143 offlz
638 3109 782 3143 magnae
794 3100 972 3146 parentis,
999 3100 1036 3135 id
1056 3099 1098 3146 est
1117 3099 1172 3135 la-

144 3140 264 3189 pides,
294 3153 430 3199 uterque
452 3144 524 3193 post
552 3146 589 3193 se
611 3146 775 3194 jacerent.
828 3149 971 3197 Projeeli
1003 3150 1120 3199 itaque
1150 3163 1174 3186 a

152 3189 353 3287 Desucalione
385 3206 421 3230 tn
452 3207 586 3242 mares,
610 3209 633 3232 a
663 3195 800 3244 Pyrrha
832 3212 911 3236 vero
942 3199 980 3237 in
1001 3200 1174 3246 foeminas

149 3252 201 3276 cre
219 3249 310 3275 cunt.

204 3294 295 3328 Tornt
329 3295 374 3329 II,

2096 1340 2254 1397 Di&

1264 1499 1282 1518 ²
1306 1490 1489 1541 Jottan']
1518 1490 1622 1538 Jaai
1640 1490 1854 1530 Parmenfis.'

1265 1542 1283 1568 b
1310 1544 1521 1580 Mortalium
1542 1544 1602 1594 qui
1613 1542 1822 1592 sceleribus]
1847 1542 1981 1590 Longe
2003 1540 2103 1578 aliter
2125 1540 2169 1578 C.
2191 1542 2258 1578 nti-3

1213 1604 1285 1642 que
1315 1600 1442 1630 tamen
1474 1593 1567 1630 adeo
1592 1592 1733 1628 diverso
1764 1603 1784 1628 a
1805 1596 1917 1640 poeta
1946 1591 2057 1628 sensu.
2091 1592 2258 1642 Jupiter,

1205 1653 1342 1692 propter
1362 1644 1550 1679 audaciam
1571 1641 1735 1691 Lycaonis
1757 1653 2031 1693 caeterorumque
2053 1642 2258 1679 mortalium

1211 1694 1357 1741 scelera,
1384 1694 1492 1730 etiam
1513 1694 1652 1730 deorum
1665 1693 1859 1740 potentiam
1883 1693 2050 1728 tenta-vit.
2075 1693 2256 1729 GISELIN.

1266 1751 1282 1769 c
1317 1743 1442 1780 Orbem
1474 1741 1689 1790 terrarum]
1718 1741 1773 1778 Ita
1807 1741 1984 1778 Giselinus
2013 1744 2055 1778 δε
2087 1742 2262 1790 Micyllus

1218 1793 1418 1831 ediderunt.
1447 1792 1518 1830 Sed
1538 1793 1575 1828 V
1579 1791 1828 1829 eneta&MS.
1852 1791 1923 1828 una
1945 1791 2078 1828 vocula
2099 1791 2263 1837 auffius,

1218 1845 1335 1894 itaque
1355 1843 1467 1881 orbem
1487 1854 1674 1880 terrarum.
1727 1841 1847 1890 Quod
1867 1854 1946 1879 non
1969 1841 2083 1879 aufim
2108 1842 2262 1880 damna-

1217 1907 1281 1939 re,
1319 1906 1405 1931 cum
1437 1895 1646 1943 frequenter
1677 1892 1726 1929 ita
1759 1895 2004 1935 πλεοναςικῶς
2044 1893 2260 1942 particulam

1217 1945 1320 1982 istam
1351 1946 1469 1995 itaque
1500 1944 1739 1993 repraesentet
1771 1942 1871 1980 idem
1905 1943 1964 1981 ille
1997 1944 2115 1981 codex
2139 1959 2150 1987 ;
2180 1952 2261 1981 tan-

1219 2007 1332 2045 quam
1353 1996 1434 2032 infr.
1457 1995 1541 2032 Fab.
1569 2007 1623 2032 10.
1652 1993 1794 2043 Jupiter
1814 2008 1918 2038 vero,
1957 2008 2021 2037 ne,
2041 1993 2077 2043 fi
2095 1994 2260 2043 negasset,

1215 2047 1369 2095 proderet
1385 2045 1536 2094 puellam
1550 2074 1560 2090 ,
1598 2046 1716 2094 itaque
1734 2043 1872 2080 ’tribuit
1894 2045 2074 2091 confestim.
2115 2045 2259 2081 Confer

1218 2097 1277 2134 lib.
1300 2109 1344 2133 11.
1378 2096 1462 2133 Fab.
1486 2107 1518 2141 7.
1555 2096 1614 2133 lib.
1637 2107 1689 2131 1v.
1712 2094 1795 2131 Fab.
1818 2108 1851 2139 4.
1875 2096 1913 2132 &
1940 2107 1995 2142 19.
2017 2107 2071 2131 vx.
2105 2106 2138 2140 7.
2170 2106 2262 2132 Vnt.

1217 2147 1254 2193 ’4.
1277 2159 1355 2183 xxv.
1387 2159 1442 2184 11.
1474 2148 1564 2183 Non
1589 2144 1801 2182 disfimiliter
1830 2145 2001 2195 Hyginus
2033 2145 2155 2193 Myth-
2184 2156 2263 2192 cap.

1222 2209 1281 2246 43.
1314 2196 1453 2245 Theseus
1471 2197 1511 2233 in
1533 2196 1645 2245 insula
1668 2196 1741 2231 Dia
1763 2196 1954 2245 tempestate
1973 2205 2148 2239 retentus,
2175 2195 2261 2243 cogi-

1222 2258 1325 2291 tans,
1344 2245 1379 2296 fi
1399 2248 1585 2284 Ariadnen
1606 2247 1643 2282 in
1659 2246 1819 2295 patriam
1835 2245 2018 2295 portaſjet,
2049 2244 2118 2293 fibi
2149 2254 2260 2294 oppro-

1223 2298 1337 2334 brium
1350 2299 1545 2344 futurum,
1582 2297 1699 2347 itaque
1730 2296 1904 2344 ininsula
1928 2297 2001 2331 Dia
2034 2295 2261 2332 dormientem

1223 2348 1371 2398 reliquit.
1409 2348 1607 2385 Raenerius
1643 2359 1710 2395 pro
1741 2346 1856 2383 lubitu
1886 2354 2008 2382 totum
2040 2345 2261 2393 principium

1223 2399 1328 2446 hujus
1359 2398 1514 2436 Fabulae
1545 2397 1699 2436 refinxit.
1751 2398 1942 2434 MUNKER.
1983 2396 2101 2445 itaque
2143 2395 2192 2433 est
2223 2396 2264 2435 in

1222 2449 1417 2486 Parmenfi.
2118 2478 2121 2481 ,

1275 2497 1294 2525 d
1320 2504 1368 2535 Et
1389 2498 1552 2548 Parnaſjb
1571 2498 1725 2548 monte]
1759 2500 1914 2536 Raener.
1956 2502 2003 2532 Et
2034 2496 2052 2531 e
2083 2496 2267 2545 Parnaffiiss

1228 2548 1373 2583 Giselin.
1411 2562 1453 2586 (φ
1483 2550 1521 2583 in
1553 2549 1726 2596 Parnaffo.
1767 2548 1939 2596 Micyllus
1973 2546 2053 2596 e‘que
2085 2546 2263 2595 Parnasso-¹

1228 2596 1365 2632 Frustra
1387 2608 1528 2633 omnes.
1586 2598 1701 2634 Amat
1723 2598 1855 2634 Noster
1874 2596 2149 2645 praepositionis
2169 2597 2265 2635 istun

1228 2644 1375 2693 ellipfin.
1403 2647 1592 2684 Mumffla.
1626 2659 1670 2686 ω’
1688 2648 1726 2684 in
1747 2647 1910 2696 Parnaso.
1938 2647 2057 2696 Lugd.

1277 2703 1294 2722 e
1320 2702 1412 2734 Sorte
1432 2697 1590 2746 moniti.]
1620 2704 1718 2734 Forte
1738 2698 1877 2736 monitis
1899 2697 2266 2743 Themidisffllautin:

1218 2748 1312 2794 forte
1334 2747 1482 2793 moniti,
1509 2749 1666 2786 Raener.

1277 2797 1293 2823 f
1316 2797 1469 2845 Antistes
1508 2798 1661 2848 terrae]
1710 2799 1765 2838 Ita
1794 2799 1931 2838 habent
1972 2799 2059 2837 editi
2105 2800 2265 2842 omnes}

1223 2859 1432 2898 quanquam
1456 2849 1632 2887 Giselinus
1653 2858 1758 2888 notat
1778 2852 1820 2887 τὶ
1841 2861 1952 2888 terrae
1972 2848 2088 2888 abesse
2108 2849 2129 2886 a
2163 2849 2264 2886 codi-

1225 2898 1323 2935 cibus
1353 2900 1546 2937 nonnullis.
1588 2900 1675 2937 Infr.
1709 2901 1769 2938 lib.
1808 2913 1860 2939 tv.
1897 2901 1981 2938 Fab.
2014 2912 2067 2945 17.
2111 2898 2263 2945 Antistes

1226 2955 1378 2985 Deorum
1401 2950 1541 2988 dicitur.
1568 2951 1678 2988 Forte
1699 2951 1837 2999 antistes
1859 2951 1963 2988 oracli
1993 2950 2170 2998 scripserat
2200 2959 2263 3001 au-

1228 2999 1326 3037 istor:
1356 3000 1455 3038 Nam
1478 3002 1599 3049 primo
1622 3001 1764 3047 Terra,
1792 3002 1924 3039 deinde
1947 3001 2127 3052 Themis?
2154 3004 2262 3051 tertio

1227 3050 1398 3098 Python,
1438 3059 1568 3100 quarto
1600 3052 1768 3090 Phoebus
1801 3052 1989 3090 oraculum
2023 3055 2149 3086 tenuit.
2179 3045 2263 3083 Vide

1227 3111 1321 3147 quae
1368 3101 1524 3139 diximus
1571 3102 1616 3140 ad
1654 3104 1794 3152 Hygin.
1845 3101 2005 3151 Mythol.
2046 3108 2122 3143 cap.
2181 3108 2261 3141 140.

1229 3150 1420 3188 Mumffia.
1444 3166 1529 3202 quae
1548 3167 1583 3190 eo
1604 3163 1745 3204 tempore
1766 3153 1912 3199 antlstes.
1945 3152 2061 3187 Parm.
2088 3145 2207 3195 Lugd.
2225 3148 2264 3185 ὃς

1228 3200 1398 3250 reliquae.

1277 3258 1300 3294 g*
1320 3252 1604 3304 Naftebantur.]
1634 3255 1861 3303 Nascerentur
1893 3248 2033 3299 Mityn.
2164 3296 2246 3334 Du?

1527 3305 1555 3340 F
2056 3309 2139 3345 244.
2201 3305 2230 3334 it
2246 3309 2268 3334 a
