2483 3616
299 183 1538 252 MET‘AMORPHOSEON
1611 182 1753 241 L1ss.

1824 184 1906 244 III'.

2057 202 2155 252 231

323 289 522 362 lnquit:
549 297 606 340 ut
631 286 706 339 ira
730 285 882 338 mora
906 284 1044 338 vires
1070 285 1342 340 absumere
1366 284 1554 357 posset.

318 359 670 431 Praecipitem
694 356 876 412 famuli
899 357 1066 429 rapite
1090 358 1262 413 hunc:
1290 360 1630 431 cruciataque
1655 358 1783 413 diris

184 440 279 505 695
317 434 561 504 Corpora
586 431 868 485 tormentis
893 430 1105 502 Stygiae
1129 431 1399 485 demittite
1422 430 1582 486 nocti.

321 506 572 562 Protinus
595 503 874 558 abstractus
902 503 1079 557 solidis
1118 503 1438 576 Tyrrhenus
1466 506 1707 558 Acoetes

321 577 605 634 Clauditur
630 577 684 631 in
711 575 886 631 teciis:
930 575 984 628 &
1009 576 1140 631 dum
1165 576 1403 631 crudelia
1426 576 1587 648 jussae

313 651 658 706 Instrumenta
683 650 826 704 necis
843 686 857 710 ‚
895 647 1205 721 ferrumque
1230 649 1474 723 ignisque
1499 660 1780 722 parantur3

315 725 517 797 Sponte
541 724 629 777 sua
652 721 870 795 patuisse
901 721 1071 783 fores,
1109 721 1374 795 lapsasque
1399 723 1605 777 lacertis

178 815 277 864 700
315 797 517 870 Sponte
540 795 655 859 sua,
694 795 833 848 fama
861 794 963 856 est,
1002 795 1150 848 nullo
1176 795 1444 856 solvente,
1479 807 1704 849 catenas

391 867 590 923 Perstat
612 866 964 922 Echionides:
1006 884 1106 920 nec
1130 867 1236 937 jam
1257 866 1409 936 jubet
1431 868 1540 930 ire,
1580 867 1670 921 sed
1697 867 1803 938 ipse

317 941 514 1003 Vadit,
553 941 680 1003 ubi,
721 939 915 995 electus
939 938 1181 993 facienda
1206 940 1273 993 ad
1298 939 1467 1006 sacra,
1507 940 1806 994 Cithaeron

27 1109 200 1159 Diamque
223 1118 295 1145 tene
316 1119 360 1145 ex
380 1107 558 1145 Mediceo
586 1117 664 1144 uno
693 1106 731 1144 &
760 1103 961 1143 Herculani
992 1116 1055 1142 ex-

24 1159 151 1209 cerptis
184 1159 231 1196 est
260 1157 513 1207 reponendum
547 1185 556 1202 ‚
593 1168 661 1205 pro
690 1156 885 1206 Chiumque
905 1183 916 1201 ‚
953 1155 1056 1205 quod

20 1210 99 1260 jam
118 1209 177 1247 alii
196 1208 376 1248 viderunt.
403 1210 607 1246 Harusms.
633 1205 719 1244 Vid.
745 1219 774 1244 1.
795 1207 875 1244 Art.
904 1206 984 1255 528.

76 1262 162 1309 691.
191 1260 433 1309 Acceffisacris
460 1257 677 1308 Baccheaque
690 1258 795 1306 [τινα
819 1259 1015 1307 frequente.
1038 1257 1053 1308 ]

25 1311 115 1349 Duo
137 1319 300 1353 veteres,
327 1311 470 1347 Accedo.
497 1308 557 1347 sed
575 1320 622 1345 ne
648 1308 698 1346 bis
729 1308 829 1346 idem
861 1308 978 1354 dicat,
1005 1309 1058 1346 le-

25 1373 73 1412 go
98 1372 182 1398 cum
204 1361 324 1408 primo
346 1361 455 1398 Palat.
479 1360 683 1407 Cantabrig.
706 1359 745 1396 &
774 1359 938 1409 quinque
959 1360 1032 1398 aliis
1046 1387 1056 1405 ‚

76 1410 231 1460 Accensis
251 1411 322 1448 aris
340 1411 504 1448 Baccheia
517 1411 621 1459 sacra
631 1413 827 1460 frequento.

25 1462 104 1501 Nifi
126 1462 240 1499 mavis
263 1491 275 1507 ,
301 1462 535 1512 Accensusque
568 1467 639 1498 Deo
670 1461 835 1498 Baccheia
852 1461 957 1510 sacra
981 1464 1058 1509 fre-

49 1522 157 1550 uento.
185 1513 287 1563 quod
308 1513 470 1561 impense
491 1512 670 1561 placeret,
698 1511 764 1549 nili
782 1512 926 1561 longius
947 1513 1059 1551 abiret

25 1577 47 1603 a
69 1563 194 1612 scripta
224 1564 394 1602 lectione.
430 1562 478 1601 fic
509 1563 735 1613 Hippolytus
767 1563 828 1601 lib.
866 1575 945 1602 xw.
981 1564 1076 1614 546.-

26 1626 72 1654 ex
92 1612 245 1663 antiquis
267 1614 362 1651 libris
376 1643 386 1659 ,

78 1665 233 1702 Numine
242 1663 310 1712 suh
330 1665 488 1702 dominae
508 1664 595 1702 lateo
611 1693 620 1709 ‚
647 1675 751 1715 atque
772 1664 939 1714 accenseor
958 1664 1037 1703 illi.-

24 1714 221 1767 quomodo
228 1715 299 1754 illic
309 1727 353 1753 ex
364 1715 516 1766 antiquis
528 1716 621 1753 libris
633 1715 928 1765 castigavi.p0ffet
936 1717 1045 1754 etiam
1054 1744 1064 1761 ‚

26 1767 255 1817 Adscitusque
284 1768 387 1811 sacris
407 1766 571 1803 Baccheia
584 1767 673 1814 festa
694 1769 870 1818 frequento
892 1795 902 1811 ‚
939 1766 1063 1804 rescri-

27 1816 72 1855 bi.
99 1816 144 1855 de
166 1829 240 1867 quo
269 1817 382 1855 verbo
414 1817 500 1855 vide
529 1818 646 1855 Notas
678 1818 771 1855 Met.
803 1829 863 1855 xv.
890 1819 974 1867 625.
1001 1817 1062 1856 sed

28 1868 178 1906 alterum
212 1868 326 1917 magis
346 1867 487 1906 arridet.
515 1880 602 1905 nam
627 1869 668 1906 ‘rb
690 1868 747 1904 deo
769 1868 874 1906 facile
894 1868 1062 1906 absorbe—

27 1918 56 1957 ri
85 1919 205 1968 potuit
224 1918 252 1957 *a
283 1931 378 1957 voce
400 1933 462 1970 que
486 1947 495 1963 ‚
522 1930 617 1968 quae
659 1918 829 1966 proxime
865 1919 1061 1968 praecedit.

28 1969 138 2007 Certe
167 1981 236 2007 nec
267 1970 411 2018 vulgata
432 1969 542 2007 lectio
573 1968 691 2018 potest
711 1970 796 2007 ferri
817 1997 827 2014 ‚
867 1972 906 2008 ὅ(
928 1975 1061 2007 Accen-

18 2019 80 2068 sae
108 2020 187 2058 illae
211 2034 292 2057 arae
322 2020 427 2058 valde
459 2021 601 2070 frigent.
640 2021 847 2058 Hizxusrus.
883 2021 1060 2059 Putabam

30 2071 151 2117 primo
169 2071 366 2118 legendum
380 2100 392 2117 ,
421 2070 548 2119 Exceffi
561 2071 796 2121 patriis‚quia
817 2071 1058 2120 11b1·.v1.649.

30 2119 148 2156 Poeta
178 2120 223 2157 de
253 2123 355 2168 patrii
372 2122 485 2159 moris
501 2123 600 2159 sacro
622 2123 854 2159 mentionem
878 2123 975 2160 facit.
1002 2123 1063 2160 sed

33 2169 113 2217 post
132 2170 353 2218 ingeniosam
376 2172 431 2210 Cl.
460 2171 602 2210 Heinfii
622 2172 910 2218 restitutionem,
932 2183 1064 2210 cannas

34 2219 169 2257 nostras
186 2221 275 2257 tanti
303 2222 371 2259 viri
398 2223 554 2261 citharae
585 2222 840 2261 submittimus.
869 2224 1064 2260 ScHEppE-

32 2281 108 2307 Rus
130 2269 225 2318 apud
252 2271 350 2308 Tan.
381 2273 483 2310 Fabr.
512 2274 572 2312 lib.
594 2286 639 2311 11.
661 2274 728 2321 Ep.
758 2285 815 2319 71.
835 2273 946 2322 acceffi
964 2275 1065 2311 terris

33 2320 248 2371 Baccheaque
266 2321 354 2367 festa
367 2324 549 2372 frequento
581 2324 688 2361 MSS.
709 2324 931 2362 Bersmanni.

81 2372 167 2420 692.
199 2372 320 2419 Longis
340 2371 577 2421 ambagibus.]
616 2374 673 2410 Sic
694 2375 870 2412 Horatius
898 2375 936 2413 in
958 2375 1067 2424 Epist.

258 2428 311 2458 Ne
330 2432 362 2458 te
380 2422 484 2471 longis
503 2422 703 2471 ambagibus
716 2451 727 2468 ,
749 2424 846 2461 ultra

83 2473 203 2520 §Quam
217 2471 308 2519 satis
329 2472 372 2519 est
394 2500 403 2515 ‚
431 2487 551 2510 morer.

30 2520 201 2572 kVirgilius
221 2522 313 2560 libro
334 2523 479 2571 primo:

133 2586 226 2594 -·-·
255 2578 370 2622 Longa
391 2573 434 2620 est
451 2573 582 2622 injuria
596 2601 607 2618 ‚
634 2573 750 2622 longae

39 2658 42 2659 ⁷
80 2623 274 2672 Ambages:
295 2624 358 2671 fied
377 2624 515 2669 summa
529 2624 659 2674 fhquar
671 2624 814 2673 fastigia
837 2639 966 2665 rerum.
981 2623 992 2630 “

33 2672 223 2711 Lucretius
241 2675 299 2711 lib.
321 2685 373 2710 vr.

84 2729 131 2759 Et
152 2725 300 2760 nimium
321 2724 424 2774 longis
444 2724 645 2774 amhagibus
663 2724 706 2773 est
727 2727 940 2766 adeundum.

35 2772 82 2811 Et
102 2774 160 2811 hic
182 2775 334 2811 Noster:

95 2873 100 2878 .
214 2830 291 2862 Non
311 2824 415 2874 longis
437 2835 513 2876 opus
534 2826 577 2873 est
597 2827 797 2876 amhagibus
811 2856 821 2872 ,
849 2828 976 2878 inquit.

35 2874 162 2911 Utitur
183 2873 220 2910 ὅ(
240 2874 314 2911 hoc
334 2875 447 2913 verbo
469 2876 612 2913 Plautus
629 2877 667 2915 in
691 2878 821 2916 Cillell.
844 2880 881 2915 δε
902 2881 938 2915 in
962 2878 1068 2916 Pseu-

39 2921 149 2959 dolo:
176 2922 371 2962 Terentius
389 2926 427 2963 in
450 2927 751 2965 Heautontimor.
796 2928 881 2965 Aa.
915 2941 960 2964 Π.
984 2929 1068 2965 Sce-

41 2983 88 3025 na
118 2983 163 3007 11.
180 2973 286 3026 'Alibi
314 2976 557 3013 circuitionem
579 2976 678 3015 dixit.
724 2979 780 3014 M.
804 2978 947 3015 Tullius
976 2980 1066 3017 item

41 3022 281 3078 Circuittonenz
311 3037 353 3064 ΕΤ
382 3027 594 3073 anfractum.
634 3028 807 3076 Atnbages
836 3036 959 3065 autem
987 3040 1069 3066 ver-

41 3069 129 3124 burn
162 3071 349 3111 eoeneum
382 3075 452 3113 effe
484 3077 665 3114 arbitror:
704 3079 811 3115 Licet
842 3091 889 3115 eo
925 3087 1070 3117 utantur

41 3121 194 3164 leluS,
220 3121 256 3157 ἃ
278 3123 428 3163 Tacitus
450 3140 457 3163 :
485 3127 544 3164 sed
569 3155 579 3171 ,
613 3127 798 3165 historiam
821 3128 891 3166 effe
921 3141 1069 3168 carmen

42 3168 198 3207 solutum
214 3197 224 3213 ,
251 3173 396 3211 constat.
421 3178 638 3214 CIOFANUS.

95 3220 179 3273 693.
206 3225 249 3255 Ut
269 3220 321 3257 ira
342 3225 438 3261 mord
459 3228 549 3263 vires
566 3226 738 3275 absumere
751 3228 889 3276 poffl’t]
930 3230 1070 3267 Contra

42 3267 220 3308 Palatinus
233 3296 244 3315 ,
275 3280 315 3308 ut
336 3271 389 3310 ira
411 3287 506 3314 mora
526 3277 616 3316 vires
636 3276 797 3326 afficmere
818 3279 928 3327 poffit.
956 3280 1070 3329 Quod

2015 1012 2159 1068 Can-

1112 1104 1228 1153 magis
1260 1115 1346 1142 cum
1377 1103 1608 1154 sequentibus
1639 1105 1757 1143 faciat.
1803 1103 1908 1142 DAN.
1947 1105 2161 1144 Heinsius,

1163 1158 1247 1204 694.
1296 1156 1520 1204 Praecipitem
1552 1155 1687 1203 famuli
1719 1156 1827 1204 rapite
1867 1156 1998 1205 hunc]
2039 1158 2160 1206 Rapite

1112 1204 1215 1251 hinc,
1244 1205 1474 1244 scribendum
1509 1206 1600 1243 olim
1630 1205 1832 1242 videbatur.
1860 1207 1963 1254 quod
1983 1207 2082 1255 supra
2106 1207 2162 1244 di-

1112 1264 1236 1302 xerat,
1265 1256 1453 1294 Attrahite
1484 1256 1549 1293 huc
1576 1256 1751 1293 vinctum.
1783 1254 1842 1293 sed
1865 1257 1993 1295 vetusti
2014 1257 2159 1295 codices

1111 1319 1180 1355 pro
1203 1307 1352 1356 vulgato
1383 1308 1485 1345 stant.
1516 1307 1661 1345 Plautus
1684 1306 1765 1345 Mil.
1783 1318 1819 1344 v.
1845 1318 1872 1345 1.
1899 1319 1928 1346 1.

1113 1408 1143 1446 F
1164 1360 1286 1409 Rapite
1303 1358 1395 1396 hunc
1406 1358 1606 1407 sublitnemL

1130 1416 1161 1446 „t
1177 1437 1187 1454 ,

1163 1460 1351 1510 Arripiam
1373 1460 1465 1498 hunc
1483 1461 1611 1498 obtorto
1632 1459 1723 1499 collo.

1111 1510 1320 1560 Propertius
1340 1512 1402 1549 lib.
1424 1524 1471 1550 11.
1496 1513 1597 1560 Eleg.
1618 1524 1723 1550 xx1x.

1168 1563 1327 1612 Arripite
1354 1562 1445 1600 hunc
1458 1591 1468 1607 ‚
1482 1563 1586 1600 dixit.

1116 1611 1331 1651 Prudentius
1352 1614 1514 1662 Hymno
1539 1612 1757 1661 Hippolyti,

1167 1671 1237 1701 Hos
1259 1674 1337 1714 rape
1350 1664 1548 1714 praecipites
1570 1676 1612 1703 υ
1635 1664 1767 1700 vinctos
1790 1663 1909 1713 conjice
1929 1662 1967 1701 in
1989 1662 2127 1713 ignemi-

1116 1713 1166 1752 Et
1189 1715 1350 1753 Paffione
1371 1715 1531 1752 Eulaliae
1546 1743 1556 1759 ‚

1169 1773 1312 1803 Praetor
1332 1766 1407 1811 ait,
1435 1772 1525 1815 Rape
1541 1764 1755 1815 praecipitem
1768 1793 1779 1811 ,

1168 1817 1305 1863 Liuor,
1328 1829 1371 1857 (φ’
1392 1816 1492 1853 obrue
1504 1815 1688 1867 suppliciis.

1117 1867 1165 1906 Et
1185 1868 1352 1906 Paflione
1372 1868 1560 1913 Romani,

1169 1925 1328 1969 Praeceps
1340 1918 1485 1968 jubetur
1502 1918 1581 1956 inde
1603 1924 1779 1956 Romanus
1802 1917 1888 1968 rapi.
1917 1919 2067 1958 Hxims.

1167 1972 1250 2019 694.
1277 1970 1511 2021 Cruciataque
1532 1970 1628 2007 duris
1647 1975 1796 2019 Corpora
1819 1971 1999 2008 tormentis
2021 1972 2155 2020 Stygiae

1117 2022 1289 2059 demittite
1308 2021 1453 2070 morti.]
1480 2020 1580 2058 Diris
1601 2021 1805 2063 tormentis,
1834 2021 1873 2057 δί
1906 2022 2040 2070 Stygiae
2071 2023 2175 2058 nocti

1116 2072 1401 2121 praestantiores.
1422 2072 1471 2109 ita
1481 2071 1542 2109 lib.
1560 2083 1613 2108 lv.
1627 2083 1711 2119 499.
1723 2071 1812 2106 diros
1824 2070 1920 2107 ictus.
1948 2071 2049 2120 quod
2064 2072 2161 2109 reete

1118 2122 1282 2161 defendit
1302 2123 1565 2161 Ciofanus.1x.
1593 2133 1674 2168 179.
1706 2121 1774 2157 diri
1798 2122 1977 2158 cruciatus.
2011 2123 2049 2159 &
2081 2123 2161 2158 dira

1110 2183 1220 2223 poena
1239 2173 1334 2222 apud
1346 2173 1429 2210 Val.
1440 2173 1557 2211 F1.1v.
1571 2172 1652 2217 486.
1673 2169 1870 2219 legendum
1886 2172 2044 2214 Nocti,ut
2057 2171 2158 2208 Silius

1120 2224 1263 2262 Italicus
1292 2224 1352 2261 lib.
1376 2236 1430 2261 vr.
1455 2234 1513 2273 33.
1537 2223 1582 2261 de
1610 2222 1753 2258 Bruttio
1784 2222 1920 2265 milite,
1947 2222 2010 2270 qui
2040 2233 2084 2258 ex
2105 2222 2166 2267 inf

1121 2274 1224 2312 fliciis
1245 2275 1453 2312 vulneribus
1479 2273 1681 2323 deliquium
1706 2271 1820 2308 animi
1838 2270 1952 2320 paffus
1973 2273 2112 2309 fuerat:

1176 2332 1300 2363 Verum
1321 2325 1379 2363 abi
1397 2325 1460 2362 lux
1481 2328 1574 2363 noc‘le
1595 2326 1611 2363 ἒ
1633 2322 1749 2371 Stygia
1771 2322 1955 2372 miseroque
1962 2322 2077 2371 fhpore

1173 2377 1335 2414 Reddita.

1122 2426 1170 2465 Et
1191 2426 1290 2464 idem
1304 2427 1369 2464 iib.
1391 2438 1427 2464 v.
1450 2439 1534 2473 241.

1152 2475 1231 2525 Nisi
1240 2491 1338 2526 quem
1351 2482 1445 2513 Deus
1456 2477 1528 2513 ima
1541 2476 1698 2514 colentem
1714 2473 2051 2523 Damnaſjetstygiae
2063 2476 2168 2515 nosti.

1125 2527 1179 2564 Ita
1210 2526 1302 2574 supr.
1325 2538 1408 2571 272.
1436 2528 1569 2575 Stygias
1583 2528 1783 2576 penetravit
1793 2527 1830 2563 in
1840 2525 1992 2563 umbras.
2019 2532 2059 2562 ut
2083 2526 2163 2564 MS.

1125 2577 1163 2613 &
1185 2576 1244 2613 lib.
1265 2588 1291 2612 1.
1319 2588 1400 2623 139.
1428 2578 1549 2626 Stygiis
1568 2579 1774 2614 admoverat
1798 2575 1940 2614 umbris.
1968 2575 2007 2612 ὅ(
2037 2581 2183 2613 Tarta-‘

1124 2627 1196 2663 riae
1216 2625 1367 2663 umbrae.
1380 2638 1415 2664 v.
1441 2628 1525 2674 676.
1553 2628 1708 2677 Sty-giam
1728 2636 1855 2665 tamen
1879 2639 1990 2663 necem
2015 2625 2105 2664 dixit
2125 2627 2165 2665 in

1124 2676 1215 2714 lbin.
1237 2678 1319 2726 634.
1349 2677 1488 2715 Hmus.

1175 2727 1259 2775 698.
1286 2733 1495 2778 Ferrumque
1514 2728 1668 2779 ignesque
1682 2727 1905 2778 parasitum]
1945 2729 2100 2778 Igniſsgae
2122 2727 2169 2774 fi.

1124 2776 1222 2815 dem.
1243 2777 1344 2826 supra
1369 2791 1451 2827 550.

1302 2835 1511 2880 Ferrumque
1532 2830 1682 2880 ignisque
1696 2831 1873 2879 sonarent.
1904 2829 2049 2866 HEst.

1123 2879 1178 2916 Ex
1201 2890 1277 2928 quo
1296 2879 1383 2916 loco
1412 2880 1570 2919 librarius
1593 2880 1728 2919 codicis
1754 2880 1930 2918 Thuanei
1963 2882 2000 2917 ἃ
2029 2880 2088 2916 hic
2108 2880 2164 2928 βο

1124 2940 1251 2966 natent
1271 2938 1451 2978 repetivit:

1176 2992 1260 3027 702.
1287 2981 1421 3018 Electus
1434 2982 1600 3030 facienda
1632 2983 1681 3018 ad
1700 2983 1805 3031 sacra
1829 2981 2028 3020 Cithaeron.
2051 2978 2066 3028 ]
2102 2979 2164 3014 Ci-

1124 3029 1268 3068 thaeron
1297 3031 1345 3068 est
1368 3044 1476 3070 mons
1492 3032 1670 3070 Boeotiae
1685 3061 1694 3077 ‚
1720 3033 1778 3069 ubi
1802 3033 1924 3069 Liberi
1946 3030 2049 3077 patris
2072 3028 2164 3064 sacra

1125 3081 1346 3119 celebrantes
1368 3091 1501 3120 inatres
1522 3084 1727 3120 Pentheum
1753 3082 2018 3130 discerpit—runt.
2058 3079 2165 3114 Haec

1126 3131 1305 3169 Lutatius.
1332 3133 1448 3170 CroF.
1485 3133 1548 3170 Ubi
1558 3134 1665 3180 festus
1686 3134 1849 3182 plerique
1871 3140 2021 3166 veteres.
2060 3137 2166 3164 natus

1125 3181 1343 3230 Bernegger.
1382 3185 1420 3220 &
1454 3183 1530 3220 duo
1559 3185 1628 3220 alii.
1656 3192 1694 3219 ut
1728 3183 1786 3219 lib.
1821 3194 1865 3217 11.
1888 3190 1972 3226 223.
1999 3179 2167 3227 nauesque

1127 3233 1176 3267 ad
1192 3232 1297 3280 sacra
1318 3232 1518 3270 Cithaeron.
1546 3234 1622 3272 duo
1646 3231 1826 3271 Erfurtani
1845 3257 1855 3275 ,
1872 3228 1997 3279 flexus.
2026 3229 2167 3265 Heius.

1128 3281 1190 3334 {sbi
1213 3281 1324 3333 laetae
1344 3283 1514 3322 Gronov.

2017 3340 2099 3378 704.
2128 3334 2198 3366 Ut?
