2483 3616
350 147 1601 223 METAMORPHOSEON
1673 153 1948 214 L113.II.

2128 167 2220 228 163

374 257 614 330 Majestas
639 254 697 308 δε
724 269 890 306 amor.
928 251 1124 324 sceptri
1149 249 1407 323 gravitate
1432 250 1609 306 relieia
1626 293 1641 316 ‚

370 332 460 386 Ille
486 343 637 403 pater
662 325 948 399 reeiorque
972 324 1189 386 Deum;
1231 323 1319 378 cui
1346 323 1537 379 dextra
1561 327 1785 381 trisulcis

365 403 576 475 Ignibus
602 412 799 455 armata
822 398 923 463 est,
961 398 1055 471 qui
1081 410 1217 452 nutu
1241 397 1486 452 concutit
1514 398 1732 462 orbem3

229 477 331 545 850
369 476 611 530 Induitur
635 473 830 528 faciem
854 473 1016 526 tauri:
1054 470 1362 544 mixtusque
1380 470 1624 542 juvencis

372 549 588 621 Mugit‚
626 546 682 600 &
707 547 762 600 in
788 546 986 599 teneris
1009 543 1272 598 formosus
1297 543 1601 598 obambulat
1627 544 1824 601 herbis,

369 622 589 695 Quippe
616 620 768 675 color
792 618 926 673 nivis
950 616 1024 671 est
1042 658 1055 680 ‚
1095 634 1257 690 quam
1282 634 1382 671 nec
1405 617 1622 688 vestigia
1646 617 1768 672 duri

365 696 657 751 Calcavere
683 692 864 765 pediS‚
900 708 1000 745 nec
1024 690 1184 745 solvit·
1202 690 1474 763 aquaticus
1501 689 1711 746 Auster.

337 820 341 822 .
367 769 523 823 Colla
547 768 677 821 toris
703 766 929 820 exstant:
972 763 1126 817 armis
1148 763 1373 835 palearia
1396 763 1663 835 pendent:

224 841 326 911 855
365 842 586 896 Cornua
611 857 768 912 parva
793 837 1044 912 quiderm
1085 836 1178 889 sed
1206 854 1342 908 quae
1365 836 1699 891 contendere
1723 836 1883 909 poffis

367 913 523 969 Faeta
547 930 734 976 mam,
771 912 1011 985 puraque
1034 909 1200 980 magis
1223 908 1498 981 perlucida
1526 911 1753 981 gemma.

76 1065 287 1107 fulminibus
306 1065 484 1116 loquens:
514 1069 656 1113 Laeva,
682 1062 801 1111 inquit
823 1087 834 1104 ,
863 1057 1019 1109 prospera
1040 1056 1114 1093 exi-

67 1120 264 1167 stimantur
277 1146 288 1162 ,
314 1120 397 1167 quia
429 1117 533 1153 laeva
549 1125 648 1164 parte
669 1112 795 1150 mundi
816 1121 910 1147 ortus
931 1108 983 1156 cst.
1011 1109 1113 1156 Ergo

75 1169 119 1207 ab
140 1169 296 1206 Athenis
317 1167 435 1205 versus
454 1165 629 1204 Austrum
650 1163 812 1205 volanti,
825 1160 846 1198 a
866 1161 972 1198 laeva
992 1159 1115 1196 Phoe-

74 1220 170 1258 nicia
191 1228 278 1258 erat.
316 1219 449 1267 Neque
471 1215 630 1253 multum
661 1214 772 1251 etiam
804 1212 864 1250 illa
896 1209 1026 1248 divisio
1049 1221 1114 1246 ve-

76 1278 197 1308 terum
218 1276 416 1318 repugnat,
443 1278 515 1316 qua
536 1277 620 1303 eam
643 1265 739 1302 coeli
758 1271 901 1313 partem
916 1290 927 1307 ,
954 1272 1048 1311 quae
1071 1259 1115 1297 ab

76 1329 162 1359 ortu
199 1320 237 1357 in
277 1318 572 1367 Septentrionem
602 1316 719 1365 vergit
743 1343 754 1358 ‚
790 1315 971 1351 dexteram
1002 1323 1117 1348 voca-

75 1379 181 1409 runt:
206 1369 304 1407 illam
326 1376 451 1406 autem
470 1379 564 1418 quae
587 1367 631 1404 ab
659 1369 758 1404 Ortu
779 1366 817 1404 in
836 1362 1037 1402 Meridiem
1052 1360 1119 1411 ,si-

74 1421 230 1467 nistram.
265 1420 476 1458 Secundum
499 1429 612 1469 quam
635 1416 783 1456 &illud
815 1415 918 1465 supra
954 1413 1036 1463 138.
1064 1413 1119 1451 di-

75 1471 176 1509 etum
197 1471 349 1508 volunt:

126 1528 209 1560 Non
231 1532 263 1559 te
281 1522 450 1559 dexterior
470 1531 603 1558 tortum
625 1519 771 1557 declinet
792 1518 840 1555 ad
861 1529 1009 1566 anguem
1028 1543 1041 1562 ,

129 1579 226 1609 Neve
239 1571 424 1622 finisterior
440 1571 585 1621 pressam
605 1581 683 1607 rota
703 1570 810 1606 ducat
831 1569 880 1606 ad
899 1580 1016 1606 aram.

74 1623 124 1662 Et
145 1623 243 1672 apud
264 1624 460 1660 Lucanum
481 1622 573 1660 libro
593 1633 657 1658 111.
673 1632 758 1667 247.

127 1680 286 1723 Ignotum
307 1673 404 1710 vobis
424 1673 561 1710 Arabes
582 1671 721 1720 venistis
740 1672 779 1708 in
800 1669 914 1707 orbem
928 1697 940 1713 ,

127 1724 273 1761 Umbras
293 1724 417 1761 mirati
436 1737 613 1761 nemorum
636 1737 704 1759 non
722 1723 771 1759 ire
784 1719 944 1771 sinistras
967 1720 1040 1758 δίε.

75 1775 175 1812 Nam
200 1775 358 1825 &juxta
388 1775 483 1812 hanc
513 1775 696 1812 rationem
721 1801 731 1818 ‚
765 1784 811 1810 ex
843 1772 969 1809 Attica
1000 1770 1119 1809 versus

72 1826 249 1864 Austrum
270 1825 511 1874 proficiscenti
524 1837 563 1870 ,a
586 1824 717 1862 finistra
735 1822 937 1862 Phoenicia
953 1822 1012 1860 est.
1040 1822 1121 1860 Ta-

75 1876 182 1914 metfi
203 1885 330 1914 contra
353 1878 541 1914 Homerus
565 1876 666 1913 Iliad.
693 1879 841 1924 M.239.
870 1873 1033 1911 Orientis
1045 1873 1122 1922 pla-

74 1939 160 1976 gam
177 1928 363 1965 dexteram
378 1956 389 1974 ‚
411 1927 627 1966 Occidentis
648 1933 774 1964 autem
797 1924 970 1963 smistram
993 1932 1121 1970 vocet,

75 1989 163 2016 cum
185 1979 324 2028 inquit:

74 2056 78 2072 ἱ
128 2027 207 2065 E‘iv'
225 2030 286 2066 ἐπὶ
306 2028 386 2076 δέξῖ
406 2028 477 2066 iam
496 2030 580 2076 πρὸς
599 2030 643 2072 ἦῶ
666 2030 700 2066 τ’
720 2028 837 2072 ἦέλιὸν
859 2038 925 2072 τε,

130 2075 208 2116 Εἶτ’
230 2075 288 2116 ἐπ’
309 2078 453 2124 αρἰςερέι
475 2082 576 2125 τόιγε
602 2082 689 2116 ποτὶ
709 2079 820 2127 ζόφον
847 2079 1029 2121 ηέρὸεντκ.

79 2126 142 2164 De
159 2141 232 2179 qua
251 2131 552 2168 reechstathius
572 2131 743 2168 meminit
764 2130 801 2167 in
822 2142 850 2167 1.
874 2128 1019 2166 Iliados.
1048 2128 1120 2166 Sed

81 2177 223 2216 videtur
244 2181 399 2219 Ovidius
421 2182 581 2230 priorem
614 2180 834 2218 divisionem
863 2179 1004 2216 secutus
1034 2177 1118 2215 esse.

81 2225 188 2266 IDEM
212 2230 250 2266 in
268 2232 576 2270 retraffationibus.
603 2233 744 2269 Haeret
773 2231 834 2267 hic
864 2229 1118 2278 interpretibus

80 2289 199 2327 aqua,
228 2280 354 2328 quibus
383 2282 547 2320 summae
568 2282 740 2320 dividuae
763 2289 865 2319 ortae
890 2309 900 2325 ‚
928 2279 1009 2328 Qut
1041 2279 1119 2317 fieri

77 2328 208 2375 poffit‚
236 2337 276 2366 ut
295 2330 495 2368 Phoenices
522 2333 711 2381 suspiciant
742 2331 909 2370 Pleiades
938 2329 1115 2368 sinistras?

78 2380 183 2426 Quas
203 2379 314 2418 credo
348 2380 398 2417 ita
416 2384 594 2428 componi
611 2383 723 2430 posse.
758 2384 924 2420 Primum
945 2394 1024 2419 non
1041 2381 1117 2418 hoc

75 2427 235 2467 disertim
256 2431 344 2467 dicit
365 2431 479 2468 Poeta
498 2459 508 2475 ,
533 2432 772 2469 Phoeniciam
803 2433 977 2481 suspicere
997 2432 1118 2469 Pleia-

76 2478 139 2516 des
162 2479 182 2517 ὲ.
203 2480 346 2518 finisti-a.
370 2482 512 2518 Verum
535 2481 775 2530 Amphibolia
794 2482 855 2519 est.
879 2483 1055 2530 Namque
1077 2483 1117 2519 &

76 2529 179 2568 tellus
202 2531 344 2568 Sidonis
366 2529 387 2568 a
409 2530 541 2569 sinistra
562 2531 625 2569 sita
645 2539 788 2580 poterat
810 2533 921 2569 etiam
943 2532 1116 2579 suspicere

76 2579 251 2619 Pleiadas.
287 2581 437 2619 Deinde
457 2594 523 2630 pro
545 2582 759 2630 imaginaria
787 2583 826 2618 &
855 2581 1005 2627 relativa
1023 2581 1119 2618 coeli

77 2629 161 2669 fitus
183 2633 348 2677 ratione,
375 2632 474 2669 varie
504 2632 524 2669 a
557 2633 663 2669 variis
683 2631 851 2678 gentibus
881 2630 1116 2669 confiderata.

80 2682 228 2720 Graecis
249 2684 383 2733 quippe
405 2682 525 2720 antica
557 2694 635 2732 pars
658 2682 865 2730 Septentrio
889 2710 900 2726 ‚
938 2683 1119 2719 Romanis

80 2731 276 2779 Meridies,
302 2735 351 2771 ita
371 2741 497 2771 tamen
529 2742 570 2771 ut
594 2761 605 2776 ‚
637 2733 723 2770 licet
754 2732 926 2777 anteriori
957 2733 1120 2781 corporis

81 2791 180 2830 parte
200 2784 246 2821 ad
266 2784 439 2821 Austrum
461 2783 553 2820 versi
575 2783 687 2821 essent
701 2811 712 2828 ,
738 2783 872 2820 faciem
890 2790 1017 2820 tamen
1037 2795 1120 2820 ver-

81 2831 135 2869 sus
173 2835 367 2872 Orientem
410 2834 597 2871 fle6³terent
626 2849 636 2877 3
688 2834 742 2871 uti
773 2833 998 2870 demonstrat
1028 2834 1118 2871 Ant.

84 2879 225 2921 Delrius
243 2885 281 2922 in
300 2885 390 2922 curis
411 2884 573 2922 secundis
594 2884 640 2922 ad
661 2884 853 2932 Thyesten
883 2884 1044 2921 Senecae
1065 2885 1119 2927 y'ss.

87 2931 170 2987 697.
197 2934 252 2972 Sic
273 2934 395 2984 positis
418 2935 617 2972 Phoenicia
637 2934 769 2972 sinistra
791 2935 857 2971 erit
877 2935 1120 2973 constellatio-

86 2992 126 3019 ni
143 2983 354 3029 Ple'i'adum3
384 2987 524 3023 Contra
547 2984 728 3023 conversis
743 3014 754 3030 ‚
779 2984 944 3023 Pleiades
966 2985 1122 3024 sinistrae

86 3040 191 3069 erunt
213 3035 351 3073 ratione
370 3035 452 3073 situs
477 3036 708 3074 Phoeniciae.
735 3036 971 3074 FARNAmus.

121 3081 197 3126 841.
211 3089 332 3122 Monta
339 3101 378 3123 no
387 3087 573 3135 grumum]
590 3094 632 3123 In
637 3087 795 3135 gramine
819 3086 1006 3125 Leidenfis
1017 3099 1122 3126 unus.

138 3132 223 3181 843.
250 3135 424 3186 Expulfi.]
466 3137 523 3174 Sic
551 3137 589 3174 T
592 3137 690 3175 ibull.

138 3185 208 3231 Ipse
229 3190 321 3221 Deus
335 3187 455 3233 solitus
471 3187 616 3234 stabulis
636 3187 792 3236 expellere
814 3202 948 3226 vaccas.
970 3189 1122 3227 DOUZA.

84 3234 177 3272 Non
200 3236 395 3283 repperi.in
417 3237 580 3276 Tibullo.
601 3236 720 3285 excuffi
738 3238 959 3289 Thysianus.
979 3239 1124 3290 exclusi,

83 3285 335 3333 fragmentum
358 3286 509 3328 Cantab.
532 3290 570 3327 ὃς
593 3287 789 3329 Leidenfis.

2088 984 2223 1040 Nul-

1219 1054 1305 1099 846.
1333 1061 1415 1093 Non
1435 1056 1515 1093 bene
1536 1057 1750 1094 conveniunt
1770 1071 1828 1095 nec
1850 1057 1888 1094 iu
1914 1057 2070 1106 unasede
2083 1071 2224 1096 moran-

1169 1116 1230 1142 tur
1252 1106 1417 1155 Majestas
1439 1120 1483 1147 (φ
1504 1108 1642 1157 amon]
1672 1109 1784 1147 Hanc
1814 1109 2032 1147 sententiam
2064 1110 2104 1147 in
2140 1120 2222 1159 κως.

1170 1156 1281 1206 Epist.
1312 1169 1394 1207 173.
1424 1159 1641 1208 complexus
1665 1158 1734 1197 est:

1223 1213 1332 1245 Nunc
1346 1208 1438 1246 male
1450 1224 1501 1246 res
1514 1211 1660 1259 junl‘lae
1687 1210 2040 1250 calor&reverentia
2048 1220 2223 1260 pugnant:

1172 1310 1204 1348 C
1273 1260 1374 1308 Qid
1384 1261 1514 1311 fiquar
1534 1261 1573 1298 in
1595 1260 1696 1298 dubio
1712 1261 1756 1309 est
1769 1261 1873 1306 ‚haec
1886 1262 1975 1300 decet
1988 1290 1999 1307 ‚
2013 1262 2077 1299 illa
2094 1262 2227 1312 juvenc

1207 1321 1385 1349 {oramus

1224 1361 1306 1408 848.
1337 1361 1398 1399 Ille
1413 1362 1558 1412 putem]
1597 1362 1665 1413 Ipse
1687 1361 1872 1399 Gebhard.
1904 1363 1967 1402 lib.
1997 1377 2026 1401 1.
2050 1363 2163 1412 Crep.
2183 1363 2227 1411 9⁶³

1173 1412 1284 1452 male.
1310 1412 1358 1451 fic
1380 1413 1437 1450 ille
1458 1414 1602 1464 Jupiter
1623 1413 1762 1463 paffim.
1785 1413 1858 1450 vid.
1884 1413 1931 1451 ad
1952 1426 2017 1451 111.
2040 1413 2120 1451 Art.
2140 1413 2224 1462 654.

1231 1464 1316 1514 852.
1341 1465 1472 1515 ngpe
1493 1464 1618 1514 colon]
1646 1464 1778 1509 Malo,
1805 1464 1869 1514 ipse
1890 1464 1991 1502 color.
2014 1465 2226 1502 Ι-Ιῐεῐικῑεῐυς..7

1227 1515 1314 1563 852.
1340 1519 1463 1565 Qum
1474 1530 1533 1553 nec
1545 1516 1685 1565 vestigia
1698 1515 1779 1553 duri
1800 1514 1992 1554 Calcavere
2008 1515 2225 1566 pedis.]Lib.

1177 1576 1224 1604 11.
1246 1567 1308 1604 De
1328 1567 1452 1605 Ponto
1473 1579 1511 1606 V.
1536 1568 1592 1605 18.

1279 1623 1328 1654 Et
1348 1632 1417 1655 non
1436 1618 1575 1656 calcata
1591 1618 1794 1656 candidiora
1817 1616 1911 1654 nive.

1174 1667 1288 1706 Mart.
1312 1668 1372 1706 lib.
1394 1681 1466 1706 vn.
1488 1670 1556 1719 Ep.
1579 1681 1638 1719 37.

1227 1721 1402 1757 Sordidior
1423 1733 1517 1758 coeno
1539 1734 1617 1757 cum
1631 1718 1681 1770 J‘t't
1702 1729 1779 1769 toga
1794 1747 1806 1764 ,
1827 1718 1954 1755 calceus
1975 1729 2094 1757 autem

1282 1771 1477 1808 Candidior
1490 1772 1609 1822 prima
1630 1770 1672 1816 [it
1691 1771 1755 1807 tibi
1769 1798 1780 1815 ‚
1808 1771 1927 1807 Cinna
1942 1799 1952 1815 ‚
1980 1771 2073 1808 nive.
2104 1770 2220 1812 C10F0'

1176 1820 1285 1859 Idem
1309 1821 1485 1860 Martialis
1510 1835 1581 1860 ΧΠ.
1603 1822 1709 1871 Epig.
1732 1822 1791 1866 84.

1228 1874 1353 1910 Lintea
1367 1871 1403 1922 st
1412 1873 1536 1922 sumas
1551 1902 1561 1918 ‚
1590 1873 1671 1909 nive
1694 1872 1897 1909 candidiora
1921 1870 2092 1922 loquetur,

1280 1925 1359 1961 Sint
1380 1923 1455 1960 licet
1476 1924 1626 1969 infantis
1638 1924 1835 1972 sordidiora
1848 1921 1943 1973 sinu.

1227 1975 1315 2024 855.
1342 1981 1485 2012 Cornua
1499 1984 1618 2024 parva
1641 1973 1821 2025 quidem]
1851 1973 1969 2022 Atqui
1989 1972 2060 2010 alta
2082 1985 2222 2011 cornua

1175 2026 1215 2064 ὃς
1237 2025 1386 2075 spatiosa
1405 2025 1597 2063 laudantur
1615 2025 1653 2061 in
1684 2033 1805 2061 tauro.
1831 2024 1917 2061 vide
1949 2035 2043 2073 quae
2066 2024 2110 2061 ad
2133 2025 2223 2062 vers.

1173 2077 1334 2115 2021ib1·i
1366 2077 1526 2125 proximi
1558 2087 1649 2113 mox
1679 2075 1857 2112 dicemus.
1895 2077 2022 2124 Quare
2043 2074 2184 2123 resigno
2209 2103 2222 2120 ,

1175 2134 1318 2164 Cornua
1340 2141 1433 2163 vara
1458 2156 1467 2170 ,
1495 2135 1535 2164 ut
1557 2126 1690 2164 monui
1712 2127 1846 2163 Amor.
1880 2138 1909 2163 1.
1942 2125 2043 2173 Eleg.
2071 2138 2116 2162 11.
2145 2127 2222 2162 hoc

1175 2179 1225 2215 est
1239 2207 1248 2223 ‚
1262 2179 1364 2228 quod
1385 2177 1561 2215 Palladius
1580 2177 1640 2214 lib.
1668 2188 1721 2213 1v.
1743 2188 1820 2224 cap.
1844 2188 1897 2213 XI.
1918 2175 1964 2212 de
1986 2175 2111 2211 bobus.
2134 2182 2221 2212 Cor-

1177 2229 1276 2266 nibus
1298 2228 1460 2276 robustis,
1488 2241 1529 2264 ac
1542 2226 1617 2278 fine
1638 2238 1851 2264 curvaturae
1869 2226 2051 2276 pravitate
2073 2226 2220 2264 lunatis.

1176 2280 1381 2317 Hfimsius.
1417 2280 1564 2316 Verum
1587 2279 1784 2328 particulae
1807 2278 1945 2327 quidem
1970 2304 1980 2320 ,
2009 2277 2047 2312 δί
2060 2276 2124 2324 sed
2155 2288 2221 2314 ex-

1176 2331 1329 2368 cludunt
1355 2344 1448 2367 vara
1470 2344 1597 2367 cornua
1613 2357 1624 2373 ,
1645 2330 1683 2366 8<
1705 2328 1899 2367 ostendunt
1913 2355 1923 2371 ‚
1957 2325 2021 2363 etsi
2041 2338 2119 2364 non
2140 2327 2220 2376 spa-

1175 2381 1265 2419 tiosa
1292 2380 1404 2418 effent
1426 2409 1436 2426 ‚
1460 2388 1591 2418 »tamen
1622 2377 1725 2417 fuiffe
1750 2378 2003 2427 pulcherrima.
2039 2377 2078 2414 ὃς
2105 2389 2219 2426 parva

1171 2431 1329 2469 sumsisse
1351 2433 1483 2478 Jovem
1509 2430 1678 2468 credibile
1707 2429 1779 2474 est,
1806 2440 1853 2466 ne
1892 2426 2054 2465 terribilis
2077 2429 2218 2476 puellae

1173 2482 1370 2518 videretur.
1396 2482 1495 2518 unde
1514 2480 1614 2517 addit
1630 2480 1759 2529 proelia
1793 2478 1891 2516 nulla
1923 2478 2065 2515 minari.
2112 2482 2219 2525 facia

1173 2543 1265 2568 vero
1285 2545 1396 2568 manu
1416 2532 1496 2568 sunt
1517 2529 1618 2579 quasi
1639 2530 1683 2566 ab
1706 2529 1842 2567 artifice
1856 2529 2017 2578 ,pretore
2031 2557 2042 2573 ‚
2070 2529 2130 2566 vel
2151 2529 2219 2567 sta-

1172 2582 1317 2625 tuario,
1344 2582 1407 2630 qui
1436 2580 1692 2629 perfeetiffima
1714 2580 1870 2629 fingunt,
1908 2581 1947 2618 &
1979 2589 2219 2628 opponuntur

1174 2631 1403 2668 naturalibus.
1430 2630 1504 2669 vid.
1524 2631 1570 2669 ad
1593 2631 1772 2679 Quinem.
1792 2630 1898 2668 Decl.
1932 2643 1984 2667 xx.
2020 2630 2076 2668 18.
2110 2632 2148 2669 ὃς
2182 2643 2219 2670 ν.»

1174 2681 1258 2719 Inst.
1285 2695 1338 2729 14.
1364 2682 1493 2719 BuRM.

1227 2733 1309 2782 855.
1338 2734 1549 2782 Contendere
1573 2731 1714 2783 posses]
1752 2731 1852 2781 Poffis
1874 2731 2057 2770 meliores.
2084 2739 2124 2770 ut
2157 2732 2219 2771 lib.

1173 2796 1237 2820 111.
1261 2785 1294 2821 6.
1317 2796 1369 2821 1v.
1392 2797 1478 2829 400.
1515 2797 1570 2822 vr.
1595 2796 1678 2832 390.
1710 2795 1800 2820 vm.
1826 2795 1908 2833 323.
1937 2796 2025 2820 xm.
2056 2783 2140 2821 620.
2172 2796 2218 2821 ex

1173 2835 1283 2872 MSS.
1314 2835 1514 2873 I-lfimsius.
1550 2835 1797 2885 Comprendere
1819 2835 1931 2872 etiam
1965 2832 2153 2871 Leidenfis
2175 2846 2217 2871 u-

1175 2897 1255 2923 nus.

1227 2936 1312 2985 856.
1340 2937 1532 2987 puraque]
1563 2936 1784 2987 Pulchraque
1806 2935 2036 2974 Gronovian.
2055 2936 2104 2971 ita
2124 2934 2217 2971 haec

1176 2987 1287 3025 verba
1309 2987 1489 3025 confundi
1522 2987 1650 3025 docuit
1683 2989 1740 3026 Cl.
1764 2987 1871 3025 Bentl
1903 2986 1949 3023 ad
1971 2987 2103 3023 Horat.
2134 2985 2216 3020 Art.

1175 3050 1239 3086 99.
1268 3038 1330 3076 ubi
1351 3039 1495 3088 egregie
1516 3039 1661 3076 videtur
1692 3039 1785 3076 mihi
1805 3037 2005 3076 Horatium
2029 3033 2219 3071 emendas-

1175 3088 1222 3126 se.
1248 3088 1296 3126 fic
1317 3090 1356 3127 ὃς
1378 3089 1475 3138 apud
1497 3090 1650 3139 Quinct.
1673 3102 1727 3126 xx.
1753 3088 1838 3136 Just.
1863 3099 1895 3136 3.
1923 3100 1992 3122 vox
2006 3084 2136 3139 dulcir,
2151 3085 2218 3122 du-

1176 3139 1323 3186 rabilis,
1350 3139 1472 3186 clara,
1491 3150 1607 3190 pura,
1631 3140 1694 3177 ubi
1715 3138 1881 3176 Vossiani
1919 3135 1992 3172 duo
2036 3134 2182 3172 codices
2207 3163 2219 3180 ‚

1169 3189 1333 3240 pulchra.
1358 3191 1419 3228 hic
1440 3202 1531 3228 vero
1548 3201 1639 3240 pura
1660 3188 1892 3227 retinendum
1907 3214 1918 3230 ‚
1945 3184 2029 3233 quia
2059 3184 2219 3242 sequitur

1173 3241 1353 3291 perlucida
1375 3269 1385 3285 ,
1411 3252 1479 3288 pro
1510 3253 1588 3290 quo
1604 3239 1802 3290 praelucida
1834 3236 1882 3272 est
1913 3236 1951 3272 in
1981 3235 2145 3285 quinque
2175 3236 2219 3274 li-

1181 3291 1262 3330 bi‘is.
1293 3291 1343 3330 ita
1364 3290 1481 3329 lucida
1498 3305 1637 3338 gemma
1658 3289 1767 3338 Epist.
1786 3298 1847 3326 XV.
1870 3298 1926 3334 74.
1966 3286 2046 3324 Bur.
2055 3300 2096 3322 M.

1475 3341 1511 3377 X
1537 3353 1560 3391 ζ
2044 3336 2129 3387 858.
2154 3342 2227 3384 Ρας
