2483 3616
682 175 1244 234 P.OV1D11

1317 169 1848 231 NASONIS

634 279 798 336 Etera
823 280 1040 336 diversis
1065 280 1218 334 tellus
1242 279 1483 333 animalia
1505 277 1693 333 formis

503 367 506 371 “
634 353 835 425 Sponte
860 353 948 406 sua
971 353 1209 425 peperit3
1247 349 1526 424 postquam
1553 364 1705 404 vetus
1729 349 1925 405 humor
1950 348 2014 403 ab
2038 349 2163 422 igne

500 426 766 483 Percaluit
793 424 955 489 Solis,
993 441 1364 497 coenumque,
1402 423 1650 494 udaeque
1671 421 1889 493 paludes

498 499 805 554 Intumuere
831 496 998 551 aestu:
1040 496 1379 569 fecundaque
1402 495 1598 550 semina
1622 512 1830 557 rerum,

358 590 462 641 420
501 572 694 629 Vivaci
717 570 917 624 nutrita
939 569 1051 623 solo
1067 610 1082 634 ‚
1118 588 1221 625 ceu
1245 569 1425 624 mati-'is
1447 569 1503 621 10
1529 567 1649 620 alvo

370 640 373 643 ’
503 644 837 706 Creverunt‚
875 642 1177 713 faciemque
1202 643 1430 714 aliquam
1454 657 1647 711 cepere
1675 639 1955 695 morando„

505 716 592 771 Sic
617 716 707 771 ubi
732 715 965 770 deseruit
990 715 1234 770 madidos
1257 711 1601 784 septemfluus
1625 729 1779 784 agros

501 789 679 851 Nilus,
719 787 773 840 &
796 789 1020 858 antiquo
1044 787 1129 840 sua
1154 786 1375 839 flumina
1399 783 1640 839 reddidit
1666 785 1844 848 alve0‚

502 860 875 930 Aetherioque
899 875 1085 912 recens
1110 856 1299 912 exarsit
1327 856 1496 911 fidere
1523 857 1706 919 limus;

359 950 460 1004 425
499 932 733 986 Plurima
758 930 991 984 cultores
1014 930 1171 984 verfis
1197 930 1437 984 animalia
1459 929 1625 1003 glebis

369 1002 372 1007 ‘
503 1003 812 1065 Inveniunt‚
854 1002 907 1056 &
935 1002 991 1058 in
1015 1002 1380 1075 hisquaedam
1407 1002 1576 1057 modo
1606 1013 1799 1074 coepta
1821 1001 1914 1056 sub
1937 1002 2107 1074 ipsum

500 1075 767 1132 Nascend'i
792 1075 1015 1146 spatium
1033 1099 1046 1137 ;
1063 1076 1325 1148 quaedam
1341 1074 1647 1148 imperfeffta
1664 1116 1678 1139 ,
1718 1075 1923 1148 suisque

503 1149 727 1207 Trunca
751 1148 939 1204 vident
972 1149 1232 1205 numeris:
1277 1149 1332 1202 &
1358 1147 1556 1204 eodem
1580 1149 1636 1203 in
1662 1166 1892 1221 corpore
1913 1147 2066 1222 saepe

213 1341 310 1392 apud
332 1341 514 1390 Aristoph.
538 1341 658 1380 Sehol.
680 1342 718 1380 in
739 1341 900 1380 Plutum.
922 1352 993 1392 pag
1027 1341 1142 1381 6.E‹3.
1157 1340 1260 1395 Cald.

213 1394 354 1435 Δκῐμων
379 1407 432 1434 ’τις
455 1392 489 1435 ἦν
517 1393 605 1430 οὕτω
631 1396 844 1438 κκλούμευος
875 1395 1056 1430 Πλούτων.
1086 1388 1155 1438 ἀφ’
1176 1395 1211 1427 εὑ
1242 1393 1259 1434 ἦ

211 1444 324 1480 Πύθιαι
356 1443 635 1491 παρωνομάζετο
663 1445 679 1485 ἦ
709 1445 771 1481 καὶ
799 1444 911 1487 &vrbe
933 1444 949 1480 ὁ
969 1439 1160 1482 Ἀπόλλων
1189 1447 1261 1479 rio.

213 1494 275 1536 ὀιος
286 1494 556 1541 ὀνομαζόμενος,
571 1495 630 1530 ὃιὶι
654 1495 696 1531 τί»
717 1498 789 1539 τοῖς
810 1495 1072 1540 πυνθανομένοις
1082 1496 1262 1541 χρῆσμους

212 1543 340 1582 διδόναι
362 1546 432 1582 &c
446 1545 504 1582 sed
516 1556 642 1583 veram
654 1545 937 1595 Etymologiam
948 1544 1058 1583 disces
1071 1558 1116 1583 ex
1132 1545 1256 1583 Heins.

211 1595 404 1632 Aristarch.
430 1597 524 1632 Sacr.
545 1608 580 1644 p.
608 1597 663 1634 18.
689 1598 884 1634 Munium.
911 1610 998 1646 quae
1023 1597 1103 1645 jam
1135 1597 1173 1633 in
1203 1595 1258 1633 his

212 1645 303 1681 ludis
324 1644 378 1692 ost.
404 1646 522 1683 Parin.
546 1646 666 1696 Lugd.
689 1646 780 1685 ludis
803 1645 925 1685 omisit
949 1646 1072 1685 Heins.
1096 1648 1258 1684 certami-

212 1708 260 1731 na
282 1709 368 1745 quae
390 1697 427 1732 in
449 1695 501 1732 his
521 1696 612 1733 ludis
644 1696 698 1743 ost.
727 1698 866 1734 Colon.

265 1748 348 1791 416.
376 1752 497 1782 Cetera
520 1745 692 1795 diverfis.]
721 1748 894 1786 Vetustus
916 1747 1035 1786 codex
1062 1747 1261 1796 elegantius

211 1794 321 1832 habet
343 1795 488 1844 deverfis
502 1824 511 1840 ‚
537 1797 575 1833 id
597 1797 645 1833 est
668 1796 838 1836 deorsum
864 1797 984 1835 versis.
1009 1799 1184 1844 Epitheto
1207 1799 1260 1835 sa-

212 1855 260 1882 ne
287 1847 325 1883 ὅ(
348 1845 457 1882 brutis
481 1858 647 1895 congruo
663 1875 673 1892 ,
710 1848 838 1898 quibus
861 1848 977 1892 θεωρία
998 1848 1095 1885 nulla
1118 1849 1165 1885 est
1179 1878 1189 1894 ,
1219 1850 1257 1886 ὃ(

211 1896 316 1944 quod
331 1896 383 1932 «ab
405 1895 542 1933 eodem
565 1896 704 1935 dietum
727 1907 834 1936 antea
849 1927 858 1940 ‚
888 1905 1068 1949 Pronaque
1091 1912 1167 1935 cum
1182 1900 1258 1949 spe-

214 1948 307 1982 ctent
328 1946 502 1983 animalia
526 1958 632 1984 cetera
656 1951 728 1986 &c
767 1949 870 1986 Natis
892 1950 992 1986 enim
1016 1950 1256 2000 reparatisque

211 1995 424 2033 hominibus
447 2009 491 2034 ex
514 1998 639 2035 averso
660 1999 822 2049 lapidum
840 1999 942 2048 jacftu
957 2028 966 2044 ‚
990 2000 1257 2038 eodemmodo

210 2045 329 2084 subdit
344 2076 353 2091 ,
381 2058 490 2083 cetera
512 2049 682 2086 animalia
708 2051 865 2100 deversae
876 2052 1014 2098 formae
1039 2079 1048 2095 ‚
1075 2051 1112 2088 id
1135 2051 1183 2088 est
1202 2052 1257 2089 in—

210 2097 400 2135 rationalia
422 2099 622 2149 brutaque,
650 2101 781 2138 telluris
812 2101 939 2149 sponte
971 2102 1103 2149 genita.
1140 2113 1256 2139 nemo

212 2155 337 2184 autem
361 2147 532 2186 similibus
552 2158 685 2187 terram
710 2152 836 2189 formis
861 2153 1060 2189 animantia
1082 2150 1256 2200 peperisse

211 2196 463 2244 arbitraretur,
495 2200 533 2236 &
553 2201 625 2248 ipse
646 2202 756 2250 paulo
778 2202 856 2250 post
878 2214 972 2252 quae
996 2210 1114 2239 creata
1148 2214 1258 2240 mon-

211 2247 279 2285 stra
300 2249 459 2293 fuerint,
496 2249 662 2289 ostendit.
686 2264 764 2289 vers
797 2253 881 2300 436.
913 2253 1037 2289 Edidit
1057 2253 1258 2290 innumeras

212 2298 285 2334 &c.
314 2301 580 2338 Mammam.
608 2302 831 2341 AccuRsrus
844 2304 880 2340 in
903 2302 1070 2341 diatribis.
1095 2303 1155 2341 sed
1166 2304 1257 2341 haec

214 2348 321 2384 nimis
344 2360 448 2387 acuta
470 2352 605 2390 merito
626 2353 783 2390 Heinsio
806 2352 1029 2390 videbantur.

265 2398 348 2444 418.
375 2402 587 2451 Percaluit.]
619 2404 772 2440 Incaluit
793 2404 899 2440 inulti
921 2404 1065 2441 codices
1080 2433 1091 2449 ‚
1118 2405 1254 2444 &edit

213 2447 299 2485 Ald.
333 2450 483 2486 excas-tit
515 2464 607 2488 unus
639 2454 749 2490 Palat.
776 2455 945 2503 pertepuit
978 2466 1069 2492 unus
1097 2455 1254 2493 Mediol.

205 2499 399 2547 praenituit
411 2500 666 2539 Mediceuszsic
673 2506 947 2554 praecandescere
962 2505 1089 2543 Claud.
1103 2506 1256 2545 1.Rufin.

214 2560 273 2598 25.
297 2560 340 2585 0)(
355 2550 459 2587 MSS.
481 2551 738 2591 Bunmmuus.

265 2611 345 2643 422.
375 2602 425 2637 Sic
447 2602 534 2651 ubal]
564 2603 647 2641 Hos
669 2604 787 2643 versus
809 2605 896 2643 citat
920 2605 1089 2643 Lutatius
1108 2606 1153 2644 ad
1168 2606 1253 2645 Stat.
1283 2620 1289 2623 ’

214 2660 268 2686 xv.
293 2649 414 2686 Theb.
440 2663 521 2700 705⁹

267 2691 351 2749 423'.
381 2702 522 2755 redux]
552 2704 670 2740 Variis
702 2705 914 2743 nominibus
948 2706 1016 2742 fuit
1048 2706 1255 2755 appellatus.

215 2749 316 2787 Nam
338 2763 498 2799 primum
520 2765 540 2789 a
565 2754 681 2791 cursus
704 2755 900 2792 velocitate
934 2756 1256 2807 profunditateque

213 2811 391 2849 aquarum
415 2802 551 2852 Aquila
574 2804 641 2841 fuit
672 2815 836 2842 vocatus.
872 2805 1018 2842 Deinde
1052 2807 1095 2843 ab
1128 2808 1256 2856 Aegy-

215 2859 282 2899 pto
304 2863 394 2900 rege
423 2858 621 2902 Aegyptus,
649 2862 727 2891 tum
753 2856 874 2892 aNilo
897 2867 980 2905 rege
996 2885 1005 2900 ,
1037 2857 1150 2894 Nilus.
1177 2859 1257 2894 Ta-

213 2901 321 2938 metfi
341 2902 491 2952 quidam
513 2903 666 2942 asserunt
687 2906 812 2943 Nilum
839 2905 937 2954 quasi
952 2907 1092 2943 Neilum
1115 2907 1254 2944 distum

213 2950 286 2988 effe
310 2956 407 2996 παρὰ
431 2955 472 2989 τὸ
485 2957 556 2995 νέος
570 2983 579 2998 ,
596 2956 696 3004 quod
720 2956 768 2992 est
786 2957 982 3005 juvenis&
1005 2969 1123 2994 novus
1139 2986 1149 3001 ‚
1172 2958 1256 3007 quia

215 3000 356 3050 singulis
379 3004 480 3041 ann-is
503 3006 671 3042 renovari
693 3006 859 3049 videtur,
891 3018 975 3044 cum
997 3015 1115 3044 totam
1129 3009 1257 3057 Aegy-

215 3058 318 3096 ptum
341 3054 505 3092 inundet.
536 3057 790 3093 REGxus.Vcl
813 3058 925 3106 magis
947 3056 1230 3106 (10311νέκνὶλυν
1247 3087 1255 3100 ,

215 3099 289 3135 hoc
311 3103 357 3139 est
371 3133 381 3147 ‚
409 3116 552 3143 novum
574 3107 692 3144 lutum
716 3107 860 3144 trahens
875 3136 884 3151 ‚
912 3119 1006 3156 quae
1029 3109 1256 3157 etymologia

214 3156 455 3205 communior
478 3156 526 3193 est
540 3184 550 3200 ,
579 3157 622 3194 ab
644 3157 779 3194 effeftu
803 3158 970 3195 videlicet
993 3158 1149 3196 fluminis
1164 3187 1173 3202 ‚
1187 3169 1257 3196 tra-

216 3198 274 3253 int¹
294 3211 390 3237 enim
413 3207 570 3244 crescens
591 3208 722 3246 limum
738 3237 749 3254 ,
786 3221 862 3258 quo
886 3209 959 3257 agri
982 3210 1255 3258 Aegyptiorum

213 3257 407 3298 arrigamus
429 3255 464 3292 ὃ(
485 3258 736 3300 stercorantur.
791 3259 894 3301 Idem
919 3260 1031 3298 etiam
1053 3261 1135 3299 Siris
1169 3260 1257 3299 (1101ς

2174 1222 2361 1280 Altera

1315 1347 1374 1378 tur
1403 1339 1527 1389 lingua
1560 1338 1790 1389 Aethiopum
1814 1367 1824 1383 ,
1863 1338 1902 1376 &
1934 1337 2079 1382 Triton,
2117 1345 2157 1375 ut
2178 1338 2271 1376 Plin.
2299 1340 2362 1378 ait.

1318 1392 1436 1441 Quod
1469 1400 1594 1428 autem
1627 1391 1687 1428 1110
1719 1390 1765 1428 de
1795 1389 1907 1438 glebis
1941 1389 2095 1427 animari
2136 1388 2244 1426 solitis
2267 1417 2278 1434 ‚
2314 1391 2360 1428 ab

1320 1442 1462 1480 Ovidio
1486 1441 1616 1479 dicitur
1630 1470 1644 1487 ‚
1671 1441 1771 1479 idem
1794 1441 1926 1488 Pomp.
1947 1440 2050 1477 Mela
2071 1440 2125 1477 his
2148 1438 2265 1476 verbis
2288 1447 2362 1478 tra-

1318 1493 1395 1538 dit,
1424 1492 1652 1540 Manifestum
1674 1493 1740 1540 est,
1766 1491 1908 1542 inquit,
1937 1491 2028 1541 quod
2039 1490 2099 1527 ubi
2111 1489 2285 1538 sedantur
2306 1491 2362 1527 {li-2

1317 1543 1419 1581 luvia
1431 1572 1443 1589 ,
1456 1557 1494 1581 ac
1498 1545 1536 1592 [ἐ
1550 1541 1617 1592 fibi
1639 1543 1792 1580 reddidit
1807 1571 1817 1587 ,
1838 1551 1898 1591 per
1919 1541 2097 1578 humentes
2110 1550 2241 1590 campos
2253 1555 2357 1591 quae-

1318 1595 1403 1631 dam
1434 1595 1589 1631 nondam
1615 1595 1765 1643 perfhfflz
1795 1590 1992 1636 animalia,
2021 1592 2084 1640 ῥά
2115 1601 2192 1627 tum
2204 1592 2362 1640 primum

1317 1646 1517 1694 accipientia
1530 1645 1695 1694 spiritum
1710 1672 1720 1688 ,
1759 1655 1802 1683 (φ
1823 1656 1863 1679 ex
1879 1651 1979 1691 parte
1994 1642 2075 1691 jam
2098 1643 2260 1688 formata
2274 1671 2284 1688 ,
2319 1656 2362 1679 ex

1311 1704 1413 1745 parte
1444 1696 1558 1732 adhuc
1590 1704 1700 1731 terrea
1734 1694 1911 1739 visuntur.
1963 1693 2079 1730 Porro
2105 1697 2115 1737 ’,
2152 1704 2265 1741 quem
2297 1693 2361 1732 1110

1318 1746 1499 1782 pithonem
1535 1753 1645 1782 vocat
1678 1745 1860 1788 Ovidius,
1902 1743 2121 1792 Apollonius
2153 1742 2359 1794 Delphinem

1318 1805 1428 1834 vocat
1449 1797 1507 1834 lib.
1532 1808 1564 1833 z.
1585 1796 1731 1844 Argon.
1754 1796 1807 1832 1115
1835 1793 2003 1832 versibus.

1440 1851 1501 1883 σῦν
1521 1846 1564 1883 δέ
1585 1847 1668 1892 σφιν
1691 1845 1750 1888 ἐὺς
1774 1847 1860 1887 mile
1882 1843 2034 1891 oix‘ypom

1366 1899 1497 1943 Βιςσνὶῃ
1519 1898 1692 1944 φόρμιγγι
1717 1897 1855 1940 λιγείης
1879 1893 1984 1942 ἦρχεν
2007 1895 2136 1940 ἀσιδῆς.

1365 1944 1437 1991 Ωῗς
1461 1961 1550 1985 ποτε
1575 1948 1726 1993 πετραίῃ
1750 1947 1817 1983 ὑπὸ
1838 1946 1970 1990 δειράδι
1996 1950 2214 1991 Πκρνιὶσσαισ

1363 1998 1542 2046 Δελφῖνκν
1564 1999 1692 2045 τόξοισι
1717 1999 1884 2042 πελώριεν
1907 1999 2108 2045 ἐξενάριξεν

1365 2053 1492 2094 Κοῦρος
1513 2051 1573 2086 ἐὼν
1596 2052 1652 2086 ἔτι
1676 2051 1830 2096 γυμνῦς,
1854 2049 1911 2085 ἔτι
1932 2053 2148 2093 πλσκέμσισι,
2167 2050 2337 2097 γεγηθῶςζ
2355 2050 2363 2062 ’

1313 2101 1498 2151 Loquitur
1521 2102 1621 2138 enim
1644 2101 1688 2138 de
1711 2100 1886 2149 Apolline
1901 2129 1910 2144 ‚
1934 2100 1992 2136 001
2012 2108 2092 2137 tum
2116 2100 2358 2139 sacrificabant

1313 2153 1576 2201 Argonautae,
1605 2152 1760 2201 Orpheo
1783 2152 1875 2188 inter
1906 2150 2002 2188 sacra
2034 2151 2208 2188 citharam
2237 2151 2360 2199 perso-

1312 2211 1435 2239 nante.
1488 2203 1679 2241 Homerus
1702 2211 1826 2239 autem
1847 2203 1885 2238 in
1907 2202 2052 2250 hymno
2064 2202 2244 2250 Apollinis
2267 2213 2358 2238 eun-

1314 2251 1401 2290 dem
1425 2253 1643 2303 Typhaonem
1665 2260 1797 2296 vocat,
1826 2253 1866 2289 &
1888 2264 1932 2289 ex
1955 2260 2047 2289 terra
2062 2280 2071 2296 ‚
2108 2252 2272 2301 precibus
2292 2252 2358 2298 Ju-

1314 2303 1422 2340 nonis
1445 2305 1584 2341 editum
1610 2304 1697 2340 dicit
1712 2332 1721 2348 ,
1750 2302 1834 2339 clim
1857 2302 1915 2339 illa
1937 2303 2021 2348 Jovi
2044 2304 2092 2339 ob
2114 2310 2259 2350 partum
2281 2303 2359 2340 Mi-

1314 2366 1450 2391 nervae
1464 2383 1474 2398 ,
1502 2354 1734 2393 succenseret.
1773 2354 1820 2390 Et
1841 2354 1925 2404 quia
1947 2353 2086 2400 Apollo
2108 2352 2157 2389 1111
2178 2352 2361 2402 impreca-

1313 2412 1395 2450 tus,
1424 2404 1585 2450 dixerat,
1626 2403 1800 2440 ’Em-aveo}
1822 2407 1877 2439 νῖν
1901 2404 2006 2439 misti)
2027 2431 2036 2446 ‚
2076 2402 2137 2438 ἐπὶ
2170 2404 2268 2448 χῦσνῖ
2298 2404 2358 2447 βο-

1314 2457 1488 2501 τιανεῖρῃ,
1515 2456 1612 2505 isque
1636 2457 1770 2493 eodem
1798 2455 1884 2492 1000
1902 2454 2028 2503 jacens
2058 2451 2358 2501 computruisset,

1311 2507 1350 2543 ὅ(
1371 2507 1457 2544 1000
1481 2519 1623 2544 nomen
1645 2505 1729 2543 inde
1751 2505 1889 2542 facftum
1905 2533 1915 2549 ,
1944 2507 1982 2541 ὃς
2002 2503 2066 2552 ipsi
2087 2503 2198 2547 Deo,
2226 2512 2266 2541 ut
2288 2510 2358 2553 Py-

1310 2557 1404 2593 thius
1426 2565 1619 2594 vocaretur
1658 2557 1883 2593 chrrrus.

1360 2608 1444 2652 426.
1473 2608 1666 2644 Inveniunt
1698 2620 1741 2646 ω’
1772 2608 1809 2642 in
1838 2606 1891 2641 his
1913 2605 2085 2654 quaedam
2116 2606 2213 2641 modo
2245 2614 2358 2655 coepta

1306 2666 1366 2705 per
1387 2658 1496 2707 ipsum
1521 2657 1692 2704 Nascendi
1706 2654 1892 2703 spatium]
1926 2655 2014 2691 Hoc
2038 2655 2085 2692 est
2107 2664 2255 2704 propter
2275 2656 2357 2694 bre-

1312 2718 1359 2743 ve
1382 2705 1551 2743 nascendi
1572 2713 1716 2753 tempus
1738 2705 1951 2754 iuipcrseeta
1964 2705 2133 2743 videntur
2146 2706 2328 2755 quaedam
2344 2735 2357 2751 ,

1314 2757 1362 2793 est
1385 2766 1509 2793 autem
1534 2756 1711 2805 dialyton.
1750 2756 1807 2792 Isti
1831 2756 1982 2805 quidem
2009 2756 2239 2802 admonent,
2267 2769 2356 2794 nata

1311 2807 1348 2844 in
1372 2806 1584 2856 quibusdam
1608 2806 1871 2855 exemplaribus
1891 2807 1987 2856 legi,
2014 2806 2073 2844 sed
2094 2815 2219 2844 utrum
2242 2819 2357 2854 nata,

1313 2869 1358 2894 an
1380 2868 1489 2906 coepta
1509 2858 1709 2906 legendum
1732 2857 1773 2894 sit
1787 2886 1796 2902 ,
1836 2857 1971 2895 mirum
2004 2866 2116 2906 agunt
2148 2857 2328 2896 silentium
2343 2887 2356 2904 ,

1312 2908 1462 2956 perinde
1494 2918 1603 2957 atque
1638 2907 1662 2944 fi
1695 2907 1731 2944 id
1757 2908 1925 2958 judicatu
1957 2908 2213 2945 difficillimum
2249 2909 2358 2947 foret.

1315 2959 1394 2995 Nos
1416 2958 1505 2995 verb
1528 2961 1569 2995 ὅ(
1591 2970 1634 2995 ex
1658 2957 1756 2996 sensu
1776 2960 1818 2996 .&
1839 2958 1981 2996 Vetusto
2016 2959 2215 3006 exemplari
2246 2968 2357 3008 coepta

1313 3009 1350 3045 in
1373 3020 1459 3045 nata
1483 3009 1708 3046 mutavimus
1722 3037 1732 3053 ,
1759 3021 1800 3046 ac
1822 3010 1869 3046 ita
1885 3008 2067 3047 Ovidium
2088 3007 2252 3058 scripfiffe
2265 3021 2358 3046 con-

1313 3060 1509 3097 tendimus.
1537 3061 1699 3096 300105.
1728 3060 1893 3108 Raphael
1916 3061 2051 3108 Regius
2072 3059 2165 3096 haec
2188 3059 2297 3097 verba
2310 3059 2357 3097 ad

1313 3109 1499 3158 sequentia
1522 3110 1642 3147 retulit
1656 3138 1665 3154 ‚
1690 3110 1792 3159 quasi
1813 3114 1924 3158 po'eta
1947 3110 2066 3154 dicat,
2094 3109 2275 3157 quaedam
2287 3111 2360 3147 im-

1313 3160 1473 3208 persecla
1497 3173 1558 3209 per
1581 3160 1697 3208 ipsum
1720 3160 1888 3198 nascendi
1910 3161 2076 3209 spatium.
2103 3159 2160 3197 alii
2192 3161 2283 3198 haec
2304 3160 2362 3198 su-

1313 3211 1512 3259 perioribus
1534 3211 1764 3260 conjungunt
1787 3211 1831 3248 ad
1853 3212 1951 3248 hunc
1982 3210 2123 3248 sensum
2138 3239 2148 3254 ,
2187 3212 2224 3248 &
2246 3211 2284 3248 in
2305 3211 2361 3248 his

1313 3261 1496 3313 quaedam
1519 3261 1638 3301 modo
1662 3270 1746 3303 nata
1770 3273 1833 3311 per
1854 3261 1970 3311 ipsum
1990 3260 2161 3300 nascendi·
2181 3261 2334 3350 spatiulpz
2347 3288 2359 3305 ,

2315 3321 2360 3351 OG
