<?xml version="1.0" encoding="UTF-8"?>
<!DOCTYPE html PUBLIC "-//W3C//DTD XHTML 1.0 Transitional//EN"
    "http://www.w3.org/TR/xhtml1/DTD/xhtml1-transitional.dtd">
<html xmlns="http://www.w3.org/1999/xhtml" xml:lang="en" lang="en">
 <head>
  <title>
</title>
<meta http-equiv="Content-Type" content="text/html;charset=utf-8" />
  <meta name='ocr-system' content='tesseract 3.04.00' />
  <meta name='ocr-capabilities' content='ocr_page ocr_carea ocr_par ocr_line ocrx_word'/>
</head>
<body>
  <div class='ocr_page' id='page_1' title='image "./publiiovidiinaso02ovid_1100.png"; bbox 0 0 2483 3616; ppageno 0'>
   <div class='ocr_carea' id='block_1_1' title="bbox 152 144 2036 236">
    <p class='ocr_par' dir='ltr' id='par_1_1' title="bbox 152 144 2036 236">
     <span class='ocr_line' id='line_1_1' title="bbox 152 144 2036 236; baseline -0.005 -15"><span class='ocrx_word' id='word_1_1' title='bbox 152 182 287 236; x_wconf 80' lang='lat'>1094</span> <span class='ocrx_word' id='word_1_2' title='bbox 389 153 709 230; x_wconf 85' lang='lat' dir='ltr'><strong>JOAN.</strong></span> <span class='ocrx_word' id='word_1_3' title='bbox 785 149 1039 210; x_wconf 85' lang='lat' dir='ltr'><strong>GUL.</strong></span> <span class='ocrx_word' id='word_1_4' title='bbox 1114 144 2036 211; x_wconf 81' lang='lat' dir='ltr'>CAPOFERREUS</span> 
     </span>
    </p>
   </div>
   <div class='ocr_carea' id='block_1_2' title="bbox 205 297 357 311">
    <p class='ocr_par' dir='ltr' id='par_1_2' title="bbox 205 297 357 311">
     <span class='ocr_line' id='line_1_2' title="bbox 205 297 357 311; baseline 0 3305"><span class='ocrx_word' id='word_1_5' title='bbox 205 297 357 311; x_wconf 95' lang='lat' dir='ltr'><strong> </strong></span> 
     </span>
    </p>
   </div>
   <div class='ocr_carea' id='block_1_3' title="bbox 157 272 1231 3177">
    <p class='ocr_par' dir='ltr' id='par_1_3' title="bbox 206 272 1152 386">
     <span class='ocr_line' id='line_1_3' title="bbox 384 272 1152 335; baseline -0.013 -14"><span class='ocrx_word' id='word_1_6' title='bbox 384 293 425 321; x_wconf 83' lang='lat' dir='ltr'><strong>ut</strong></span> <span class='ocrx_word' id='word_1_7' title='bbox 444 283 619 335; x_wconf 81' lang='lat' dir='ltr'><em>quaedam</em></span> <span class='ocrx_word' id='word_1_8' title='bbox 633 311 644 328; x_wconf 86' lang='lat'><strong>,</strong></span> <span class='ocrx_word' id='word_1_9' title='bbox 663 280 714 332; x_wconf 80' lang='lat' dir='ltr'><strong>fic</strong></span> <span class='ocrx_word' id='word_1_10' title='bbox 742 293 809 319; x_wconf 82' lang='lat' dir='ltr'><strong>non</strong></span> <span class='ocrx_word' id='word_1_11' title='bbox 832 275 1016 325; x_wconf 82' lang='lat' dir='ltr'><em>manifesta</em></span> <span class='ocrx_word' id='word_1_12' title='bbox 1036 272 1152 313; x_wconf 78' lang='lat' dir='ltr'><strong>videri</strong></span> 
     </span>
     <span class='ocr_line' id='line_1_4' title="bbox 206 333 1130 386; baseline -0.011 -10"><span class='ocrx_word' id='word_1_13' title='bbox 206 346 333 377; x_wconf 86' lang='lat' dir='ltr'><em>Forma</em></span> <span class='ocrx_word' id='word_1_14' title='bbox 348 335 451 386; x_wconf 86' lang='lat' dir='ltr'><strong>potest</strong></span> <span class='ocrx_word' id='word_1_15' title='bbox 466 333 632 373; x_wconf 83' lang='lat' dir='ltr'><strong>hominis.</strong></span> <span class='ocrx_word' id='word_1_16' title='bbox 1078 377 1085 384; x_wconf 91' lang='lat'><strong><em>.</em></strong></span> <span class='ocrx_word' id='word_1_17' title='bbox 1126 367 1130 371; x_wconf 72' lang='grc'>,</span> 
     </span>
    </p>

    <p class='ocr_par' dir='ltr' id='par_1_4' title="bbox 157 378 1204 438">
     <span class='ocr_line' id='line_1_5' title="bbox 157 378 1204 438; baseline -0.016 -6"><span class='ocrx_word' id='word_1_18' title='bbox 157 390 252 433; x_wconf 79' lang='lat' dir='ltr'><strong>Ead.</strong></span> <span class='ocrx_word' id='word_1_19' title='bbox 271 388 357 428; x_wconf 89' lang='lat' dir='ltr'><strong>Fab.</strong></span> <span class='ocrx_word' id='word_1_20' title='bbox 370 387 459 426; x_wconf 87' lang='lat' dir='ltr'><strong>vers.</strong></span> <span class='ocrx_word' id='word_1_21' title='bbox 472 386 558 438; x_wconf 85' lang='lat'><strong>386.</strong></span> <span class='ocrx_word' id='word_1_22' title='bbox 585 391 721 434; x_wconf 85' lang='lat' dir='ltr'><strong>Detque</strong></span> <span class='ocrx_word' id='word_1_23' title='bbox 733 381 802 433; x_wconf 81' lang='lat' dir='ltr'><strong>fibi</strong></span> <span class='ocrx_word' id='word_1_24' title='bbox 823 381 982 425; x_wconf 85' lang='lat' dir='ltr'><strong>veniam,</strong></span> <span class='ocrx_word' id='word_1_25' title='bbox 994 378 1128 429; x_wconf 76' lang='lat' dir='ltr'><strong>pavido</strong></span> <span class='ocrx_word' id='word_1_26' title='bbox 1149 390 1204 425; x_wconf 53' lang='lat' dir='ltr'><strong>rof</strong></span> 
     </span>
    </p>

    <p class='ocr_par' dir='ltr' id='par_1_5' title="bbox 158 445 1208 641">
     <span class='ocr_line' id='line_1_6' title="bbox 330 445 688 488; baseline -0.017 -11"><span class='ocrx_word' id='word_1_27' title='bbox 330 448 393 488; x_wconf 86' lang='lat' dir='ltr'><strong>gat</strong></span> <span class='ocrx_word' id='word_1_28' title='bbox 413 452 466 476; x_wconf 81' lang='lat' dir='ltr'><strong>ore</strong></span> <span class='ocrx_word' id='word_1_29' title='bbox 479 467 489 484; x_wconf 93' lang='lat'><strong>,</strong></span> <span class='ocrx_word' id='word_1_30' title='bbox 517 445 688 488; x_wconf 87' lang='lat' dir='ltr'><em>pavetque</em></span> 
     </span>
     <span class='ocr_line' id='line_1_7' title="bbox 210 482 1019 539; baseline -0.012 -10"><span class='ocrx_word' id='word_1_31' title='bbox 210 490 359 529; x_wconf 86' lang='lat' dir='ltr'><strong>Laedere</strong></span> <span class='ocrx_word' id='word_1_32' title='bbox 370 489 517 539; x_wconf 76' lang='lat' dir='ltr'><em>jac‘latis</em></span> <span class='ocrx_word' id='word_1_33' title='bbox 535 496 712 525; x_wconf 81' lang='lat' dir='ltr'><em>maternas</em></span> <span class='ocrx_word' id='word_1_34' title='bbox 729 482 846 533; x_wconf 84' lang='lat' dir='ltr'><em>offibus</em></span> <span class='ocrx_word' id='word_1_35' title='bbox 863 482 1019 521; x_wconf 78' lang='lat' dir='ltr'><em>umbras.</em></span> 
     </span>
     <span class='ocr_line' id='line_1_8' title="bbox 158 530 1205 586; baseline -0.013 -4"><span class='ocrx_word' id='word_1_36' title='bbox 158 542 406 581; x_wconf 72' lang='lat' dir='ltr'><strong>verisimilius</strong></span> <span class='ocrx_word' id='word_1_37' title='bbox 434 541 480 579; x_wconf 89' lang='lat' dir='ltr'><strong>est</strong></span> <span class='ocrx_word' id='word_1_38' title='bbox 511 539 681 586; x_wconf 87' lang='lat' dir='ltr'><strong>scripturn</strong></span> <span class='ocrx_word' id='word_1_39' title='bbox 714 533 840 580; x_wconf 74' lang='lat' dir='ltr'><strong>fuisse,</strong></span> <span class='ocrx_word' id='word_1_40' title='bbox 870 545 1060 582; x_wconf 82' lang='lat' dir='ltr'><em>cavetque,</em></span> <span class='ocrx_word' id='word_1_41' title='bbox 1088 530 1205 582; x_wconf 70' lang='lat' dir='ltr'><strong>quam</strong></span> 
     </span>
     <span class='ocr_line' id='line_1_9' title="bbox 160 584 1208 641; baseline -0.012 -8"><span class='ocrx_word' id='word_1_42' title='bbox 160 606 206 633; x_wconf 85' lang='lat' dir='ltr'><strong>ex</strong></span> <span class='ocrx_word' id='word_1_43' title='bbox 227 593 402 633; x_wconf 80' lang='lat' dir='ltr'><strong>anufione</strong></span> <span class='ocrx_word' id='word_1_44' title='bbox 424 590 556 641; x_wconf 74' lang='lat' dir='ltr'><strong>pavido</strong></span> <span class='ocrx_word' id='word_1_45' title='bbox 581 598 754 638; x_wconf 80' lang='lat' dir='ltr'><em>pavetque</em></span> <span class='ocrx_word' id='word_1_46' title='bbox 774 594 953 637; x_wconf 79' lang='lat' dir='ltr'><strong>captatam</strong></span> <span class='ocrx_word' id='word_1_47' title='bbox 975 584 1208 633; x_wconf 78' lang='lat' dir='ltr'>elegantiam.</span> 
     </span>
    </p>

    <p class='ocr_par' dir='ltr' id='par_1_6' title="bbox 160 642 561 690">
     <span class='ocr_line' id='line_1_10' title="bbox 160 642 561 690; baseline -0.015 -6"><span class='ocrx_word' id='word_1_48' title='bbox 160 645 247 684; x_wconf 87' lang='lat' dir='ltr'><strong>Fab.</strong></span> <span class='ocrx_word' id='word_1_49' title='bbox 268 657 342 682; x_wconf 84' lang='lat' dir='ltr'><strong>x11.</strong></span> <span class='ocrx_word' id='word_1_50' title='bbox 371 642 457 680; x_wconf 78' lang='lat' dir='ltr'><strong>vers.</strong></span> <span class='ocrx_word' id='word_1_51' title='bbox 477 653 561 690; x_wconf 80' lang='lat'>425.</span> 
     </span>
    </p>

    <p class='ocr_par' dir='ltr' id='par_1_7' title="bbox 214 688 979 740">
     <span class='ocr_line' id='line_1_11' title="bbox 214 688 979 740; baseline -0.013 -6"><span class='ocrx_word' id='word_1_52' title='bbox 214 695 376 734; x_wconf 68' lang='lat' dir='ltr'><strong>Plurima</strong></span> <span class='ocrx_word' id='word_1_53' title='bbox 400 692 541 730; x_wconf 80' lang='lat' dir='ltr'><strong>cultores</strong></span> <span class='ocrx_word' id='word_1_54' title='bbox 560 688 663 740; x_wconf 72' lang='lat' dir='ltr'><strong>versis</strong></span> <span class='ocrx_word' id='word_1_55' title='bbox 684 688 858 727; x_wconf 85' lang='lat' dir='ltr'><em>animalia</em></span> <span class='ocrx_word' id='word_1_56' title='bbox 873 688 979 737; x_wconf 80' lang='lat' dir='ltr'><em>glebis</em></span> 
     </span>
    </p>

    <p class='ocr_par' dir='ltr' id='par_1_8' title="bbox 210 737 1210 944">
     <span class='ocr_line' id='line_1_12' title="bbox 212 737 1210 792; baseline -0.007 -11"><span class='ocrx_word' id='word_1_57' title='bbox 212 754 275 785; x_wconf 62' lang='lat' dir='ltr'><strong>Jnae</strong></span> <span class='ocrx_word' id='word_1_58' title='bbox 288 754 408 783; x_wconf 52' lang='lat' dir='ltr'><strong>omnint</strong></span> <span class='ocrx_word' id='word_1_59' title='bbox 421 760 432 780; x_wconf 87' lang='lat'><strong>.·</strong></span> <span class='ocrx_word' id='word_1_60' title='bbox 452 755 494 782; x_wconf 62' lang='grc' dir='ltr'><strong><em>φ</em></strong></span> <span class='ocrx_word' id='word_1_61' title='bbox 511 744 548 779; x_wconf 81' lang='lat' dir='ltr'><strong>in</strong></span> <span class='ocrx_word' id='word_1_62' title='bbox 560 741 613 779; x_wconf 67' lang='lat' dir='ltr'><strong>lais</strong></span> <span class='ocrx_word' id='word_1_63' title='bbox 624 741 794 792; x_wconf 77' lang='lat' dir='ltr'><em>quaedam</em></span> <span class='ocrx_word' id='word_1_64' title='bbox 805 741 902 777; x_wconf 85' lang='lat' dir='ltr'><em>modo</em></span> <span class='ocrx_word' id='word_1_65' title='bbox 914 749 1023 787; x_wconf 81' lang='lat' dir='ltr'><strong>coepta</strong></span> <span class='ocrx_word' id='word_1_66' title='bbox 1033 747 1090 787; x_wconf 82' lang='lat' dir='ltr'><strong>per</strong></span> <span class='ocrx_word' id='word_1_67' title='bbox 1099 737 1210 787; x_wconf 82' lang='lat' dir='ltr'><strong>ipsum</strong></span> 
     </span>
     <span class='ocr_line' id='line_1_13' title="bbox 211 790 1177 844; baseline -0.009 -10"><span class='ocrx_word' id='word_1_68' title='bbox 211 794 572 844; x_wconf 69' lang='lat' dir='ltr'><strong>Nasce.›⁷dispatium;</strong></span> <span class='ocrx_word' id='word_1_69' title='bbox 604 793 776 842; x_wconf 78' lang='lat' dir='ltr'><em>quaedam</em></span> <span class='ocrx_word' id='word_1_70' title='bbox 797 792 990 841; x_wconf 71' lang='lat' dir='ltr'><strong>imperfec&#39;la</strong></span> <span class='ocrx_word' id='word_1_71' title='bbox 1006 818 1016 833; x_wconf 91' lang='lat'><strong>,</strong></span> <span class='ocrx_word' id='word_1_72' title='bbox 1035 790 1177 840; x_wconf 81' lang='lat' dir='ltr'><strong>suisque</strong></span> 
     </span>
     <span class='ocr_line' id='line_1_14' title="bbox 210 841 1148 890; baseline -0.007 -7"><span class='ocrx_word' id='word_1_73' title='bbox 210 841 350 883; x_wconf 60' lang='lat' dir='ltr'><em>Trs&#39;mca</em></span> <span class='ocrx_word' id='word_1_74' title='bbox 372 846 495 882; x_wconf 59' lang='lat' dir='ltr'><strong>vident</strong></span> <span class='ocrx_word' id='word_1_75' title='bbox 514 844 686 885; x_wconf 67' lang='lat' dir='ltr'><strong>hameris,</strong></span> <span class='ocrx_word' id='word_1_76' title='bbox 716 854 759 881; x_wconf 61' lang='grc' dir='ltr'><strong>(φ’</strong></span> <span class='ocrx_word' id='word_1_77' title='bbox 778 843 889 879; x_wconf 81' lang='lat' dir='ltr'><em>codem</em></span> <span class='ocrx_word' id='word_1_78' title='bbox 910 851 1038 890; x_wconf 84' lang='lat' dir='ltr'><strong>corpore</strong></span> <span class='ocrx_word' id='word_1_79' title='bbox 1047 841 1148 890; x_wconf 70' lang='lat' dir='ltr'><strong>saepe</strong></span> 
     </span>
     <span class='ocr_line' id='line_1_15' title="bbox 212 891 1132 944; baseline -0.007 -9"><span class='ocrx_word' id='word_1_80' title='bbox 212 898 342 935; x_wconf 71' lang='lat' dir='ltr'><em>Altera</em></span> <span class='ocrx_word' id='word_1_81' title='bbox 361 906 441 944; x_wconf 69' lang='lat' dir='ltr'><em>pars</em></span> <span class='ocrx_word' id='word_1_82' title='bbox 461 897 579 940; x_wconf 76' lang='lat' dir='ltr'><strong>vivit,</strong></span> <span class='ocrx_word' id='word_1_83' title='bbox 610 894 706 931; x_wconf 77' lang='lat' dir='ltr'><strong>rudis</strong></span> <span class='ocrx_word' id='word_1_84' title='bbox 723 894 765 940; x_wconf 80' lang='lat' dir='ltr'><strong>est</strong></span> <span class='ocrx_word' id='word_1_85' title='bbox 783 903 863 941; x_wconf 79' lang='lat' dir='ltr'><em>pars</em></span> <span class='ocrx_word' id='word_1_86' title='bbox 884 894 999 930; x_wconf 83' lang='lat' dir='ltr'><em>altera</em></span> <span class='ocrx_word' id='word_1_87' title='bbox 1019 891 1132 929; x_wconf 82' lang='lat' dir='ltr'><strong>tellus.</strong></span> 
     </span>
    </p>

    <p class='ocr_par' dir='ltr' id='par_1_9' title="bbox 162 941 1209 997">
     <span class='ocr_line' id='line_1_16' title="bbox 162 941 1209 997; baseline -0.008 -9"><span class='ocrx_word' id='word_1_88' title='bbox 162 950 225 988; x_wconf 71' lang='lat' dir='ltr'><strong>An</strong></span> <span class='ocrx_word' id='word_1_89' title='bbox 248 960 324 985; x_wconf 82' lang='lat' dir='ltr'><strong>non</strong></span> <span class='ocrx_word' id='word_1_90' title='bbox 345 958 454 997; x_wconf 81' lang='lat' dir='ltr'><strong>coepta</strong></span> <span class='ocrx_word' id='word_1_91' title='bbox 476 948 513 984; x_wconf 65' lang='lat'><strong>8.-</strong></span> <span class='ocrx_word' id='word_1_92' title='bbox 534 946 729 994; x_wconf 65' lang='lat' dir='ltr'><strong>irrzpersec‘ia</strong></span> <span class='ocrx_word' id='word_1_93' title='bbox 750 946 849 982; x_wconf 84' lang='lat' dir='ltr'><strong>idem</strong></span> <span class='ocrx_word' id='word_1_94' title='bbox 871 941 1030 981; x_wconf 80' lang='lat' dir='ltr'><strong>dicunt?</strong></span> <span class='ocrx_word' id='word_1_95' title='bbox 1060 944 1209 992; x_wconf 85' lang='lat' dir='ltr'><strong>opinor.</strong></span> 
     </span>
    </p>

    <p class='ocr_par' dir='ltr' id='par_1_10' title="bbox 162 995 1210 1048">
     <span class='ocr_line' id='line_1_17' title="bbox 162 995 1210 1048; baseline -0.007 -11"><span class='ocrx_word' id='word_1_96' title='bbox 162 1004 272 1048; x_wconf 62' lang='lat' dir='ltr'><strong>Quav-</strong></span> <span class='ocrx_word' id='word_1_97' title='bbox 297 1010 385 1048; x_wconf 76' lang='lat' dir='ltr'><strong>ergo</strong></span> <span class='ocrx_word' id='word_1_98' title='bbox 408 998 575 1035; x_wconf 74' lang='lat' dir='ltr'><strong>discretio</strong></span> <span class='ocrx_word' id='word_1_99' title='bbox 591 1025 600 1040; x_wconf 90' lang='lat'><strong>,</strong></span> <span class='ocrx_word' id='word_1_100' title='bbox 628 997 800 1045; x_wconf 83' lang='lat' dir='ltr'><em>quaedam</em></span> <span class='ocrx_word' id='word_1_101' title='bbox 821 995 920 1032; x_wconf 78' lang='lat' dir='ltr'><em>modo</em></span> <span class='ocrx_word' id='word_1_102' title='bbox 942 1004 1052 1043; x_wconf 82' lang='lat' dir='ltr'><em>coepta</em></span> <span class='ocrx_word' id='word_1_103' title='bbox 1066 1021 1075 1038; x_wconf 93' lang='lat'><strong>,</strong></span> <span class='ocrx_word' id='word_1_104' title='bbox 1102 1007 1210 1043; x_wconf 88' lang='lat' dir='ltr'><em>quae·</em></span> 
     </span>
    </p>

    <p class='ocr_par' dir='ltr' id='par_1_11' title="bbox 161 1043 1209 1099">
     <span class='ocr_line' id='line_1_18' title="bbox 161 1043 1209 1099; baseline -0.005 -12"><span class='ocrx_word' id='word_1_105' title='bbox 161 1052 243 1087; x_wconf 59' lang='lat' dir='ltr'><em>darn</em></span> <span class='ocrx_word' id='word_1_106' title='bbox 260 1051 451 1099; x_wconf 58' lang='lat' dir='ltr'><strong>imperjcc‘ia</strong></span> <span class='ocrx_word' id='word_1_107' title='bbox 472 1057 487 1085; x_wconf 66' lang='grc' dir='ltr'><strong><em>ἓ</em></strong></span> <span class='ocrx_word' id='word_1_108' title='bbox 517 1048 563 1085; x_wconf 68' lang='grc' dir='ltr'><strong>Εἰ</strong></span> <span class='ocrx_word' id='word_1_109' title='bbox 582 1046 671 1096; x_wconf 81' lang='lat' dir='ltr'><strong>quid</strong></span> <span class='ocrx_word' id='word_1_110' title='bbox 685 1047 747 1092; x_wconf 87' lang='lat' dir='ltr'><strong>est,</strong></span> <span class='ocrx_word' id='word_1_111' title='bbox 762 1052 900 1083; x_wconf 84' lang='lat' dir='ltr'><em>Trunca</em></span> <span class='ocrx_word' id='word_1_112' title='bbox 918 1045 1070 1083; x_wconf 80' lang='lat' dir='ltr'><strong>humeris</strong></span> <span class='ocrx_word' id='word_1_113' title='bbox 1085 1073 1094 1090; x_wconf 90' lang='lat'>‚</span> <span class='ocrx_word' id='word_1_114' title='bbox 1123 1043 1209 1082; x_wconf 66' lang='lat' dir='ltr'><strong>cum</strong></span> 
     </span>
    </p>

    <p class='ocr_par' dir='ltr' id='par_1_12' title="bbox 159 1097 1211 1196">
     <span class='ocr_line' id='line_1_19' title="bbox 159 1097 1210 1150; baseline -0.007 -10"><span class='ocrx_word' id='word_1_115' title='bbox 159 1114 207 1140; x_wconf 85' lang='lat' dir='ltr'><strong>ne</strong></span> <span class='ocrx_word' id='word_1_116' title='bbox 240 1100 517 1150; x_wconf 60' lang='lat' dir='ltr'><strong>quadrupedum</strong></span> <span class='ocrx_word' id='word_1_117' title='bbox 552 1098 703 1147; x_wconf 83' lang='lat' dir='ltr'><strong>quidem</strong></span> <span class='ocrx_word' id='word_1_118' title='bbox 718 1126 727 1142; x_wconf 92' lang='lat'><em>‚</em></span> <span class='ocrx_word' id='word_1_119' title='bbox 758 1097 894 1135; x_wconf 87' lang='lat' dir='ltr'><strong>nedum</strong></span> <span class='ocrx_word' id='word_1_120' title='bbox 927 1097 1111 1145; x_wconf 77' lang='lat' dir='ltr'><strong>reptilium</strong></span> <span class='ocrx_word' id='word_1_121' title='bbox 1141 1097 1210 1134; x_wconf 85' lang='lat' dir='ltr'><strong>hu-</strong></span> 
     </span>
     <span class='ocr_line' id='line_1_20' title="bbox 161 1147 1211 1196; baseline -0.006 -6"><span class='ocrx_word' id='word_1_122' title='bbox 161 1164 283 1191; x_wconf 74' lang='lat' dir='ltr'><strong>meros</strong></span> <span class='ocrx_word' id='word_1_123' title='bbox 307 1156 468 1188; x_wconf 59' lang='lat' dir='ltr'><strong>uramus</strong></span> <span class='ocrx_word' id='word_1_124' title='bbox 484 1178 493 1193; x_wconf 86' lang='lat'><em>‚</em></span> <span class='ocrx_word' id='word_1_125' title='bbox 522 1148 580 1187; x_wconf 88' lang='lat' dir='ltr'><strong>sed</strong></span> <span class='ocrx_word' id='word_1_126' title='bbox 598 1161 721 1187; x_wconf 86' lang='lat' dir='ltr'><strong>armos</strong></span> <span class='ocrx_word' id='word_1_127' title='bbox 742 1147 757 1186; x_wconf 83' lang='lat'>?</span> <span class='ocrx_word' id='word_1_128' title='bbox 788 1149 887 1186; x_wconf 69' lang='lat' dir='ltr'><strong>velut</strong></span> <span class='ocrx_word' id='word_1_129' title='bbox 908 1148 953 1185; x_wconf 87' lang='lat' dir='ltr'><strong>de</strong></span> <span class='ocrx_word' id='word_1_130' title='bbox 967 1149 1211 1196; x_wconf 78' lang='lat' dir='ltr'><strong>Hippomene</strong></span> 
     </span>
    </p>

    <p class='ocr_par' dir='ltr' id='par_1_13' title="bbox 163 1199 1211 1246">
     <span class='ocr_line' id='line_1_21' title="bbox 163 1199 1211 1246; baseline -0.005 -6"><span class='ocrx_word' id='word_1_131' title='bbox 163 1206 202 1240; x_wconf 67' lang='grc' dir='ltr'><strong>ὅ(</strong></span> <span class='ocrx_word' id='word_1_132' title='bbox 232 1203 400 1240; x_wconf 70' lang='lat' dir='ltr'><strong>Atalanta</strong></span> <span class='ocrx_word' id='word_1_133' title='bbox 422 1230 432 1246; x_wconf 95' lang='lat'><strong>,</strong></span> <span class='ocrx_word' id='word_1_134' title='bbox 463 1201 551 1238; x_wconf 87' lang='lat' dir='ltr'><strong>dum</strong></span> <span class='ocrx_word' id='word_1_135' title='bbox 583 1201 621 1237; x_wconf 90' lang='lat' dir='ltr'><strong>in</strong></span> <span class='ocrx_word' id='word_1_136' title='bbox 653 1201 781 1238; x_wconf 86' lang='lat' dir='ltr'><strong>leones</strong></span> <span class='ocrx_word' id='word_1_137' title='bbox 812 1207 1080 1237; x_wconf 81' lang='lat' dir='ltr'><strong>convertuntur</strong></span> <span class='ocrx_word' id='word_1_138' title='bbox 1104 1226 1114 1244; x_wconf 92' lang='lat'><strong>,</strong></span> <span class='ocrx_word' id='word_1_139' title='bbox 1154 1199 1211 1236; x_wconf 89' lang='lat' dir='ltr'><strong>in-</strong></span> 
     </span>
    </p>

    <p class='ocr_par' dir='ltr' id='par_1_14' title="bbox 162 1250 1210 1303">
     <span class='ocr_line' id='line_1_22' title="bbox 162 1250 1210 1303; baseline -0.004 -13"><span class='ocrx_word' id='word_1_140' title='bbox 162 1256 241 1303; x_wconf 71' lang='lat' dir='ltr'><strong>quit</strong></span> <span class='ocrx_word' id='word_1_141' title='bbox 257 1281 266 1298; x_wconf 90' lang='lat'><strong>,</strong></span> <span class='ocrx_word' id='word_1_142' title='bbox 294 1258 348 1289; x_wconf 78' lang='lat' dir='ltr'><strong>Ex</strong></span> <span class='ocrx_word' id='word_1_143' title='bbox 374 1251 525 1289; x_wconf 66' lang='lat' dir='ltr'><strong>humeris</strong></span> <span class='ocrx_word' id='word_1_144' title='bbox 546 1250 639 1288; x_wconf 85' lang='lat' dir='ltr'><strong>armi</strong></span> <span class='ocrx_word' id='word_1_145' title='bbox 651 1250 760 1299; x_wconf 84' lang='lat' dir='ltr'><em>fiunt.</em></span> <span class='ocrx_word' id='word_1_146' title='bbox 814 1251 861 1288; x_wconf 69' lang='lat' dir='ltr'><strong>ht</strong></span> <span class='ocrx_word' id='word_1_147' title='bbox 882 1262 944 1288; x_wconf 87' lang='lat' dir='ltr'><strong>cur</strong></span> <span class='ocrx_word' id='word_1_148' title='bbox 963 1250 1086 1299; x_wconf 88' lang='lat' dir='ltr'><strong>potius</strong></span> <span class='ocrx_word' id='word_1_149' title='bbox 1108 1259 1210 1288; x_wconf 90' lang='lat' dir='ltr'><strong>trun·</strong></span> 
     </span>
    </p>

    <p class='ocr_par' dir='ltr' id='par_1_15' title="bbox 161 1300 1212 1404">
     <span class='ocr_line' id='line_1_23' title="bbox 168 1300 1212 1353; baseline -0.003 -11"><span class='ocrx_word' id='word_1_150' title='bbox 168 1318 209 1342; x_wconf 75' lang='lat' dir='ltr'><strong>ca</strong></span> <span class='ocrx_word' id='word_1_151' title='bbox 234 1305 394 1342; x_wconf 81' lang='lat' dir='ltr'><strong>humeris</strong></span> <span class='ocrx_word' id='word_1_152' title='bbox 421 1301 534 1353; x_wconf 69' lang='lat' dir='ltr'><strong>qnam</strong></span> <span class='ocrx_word' id='word_1_153' title='bbox 568 1303 643 1340; x_wconf 81' lang='lat' dir='ltr'><strong>aliis</strong></span> <span class='ocrx_word' id='word_1_154' title='bbox 677 1301 851 1340; x_wconf 76' lang='lat' dir='ltr'><strong>membris</strong></span> <span class='ocrx_word' id='word_1_155' title='bbox 875 1300 889 1338; x_wconf 82' lang='lat'>?</span> <span class='ocrx_word' id='word_1_156' title='bbox 921 1301 1056 1339; x_wconf 61' lang='lat' dir='ltr'><strong>Lefiio</strong></span> <span class='ocrx_word' id='word_1_157' title='bbox 1078 1300 1212 1339; x_wconf 88' lang='lat' dir='ltr'><strong>ridicu-</strong></span> 
     </span>
     <span class='ocr_line' id='line_1_24' title="bbox 161 1353 1042 1404; baseline -0.005 -10"><span class='ocrx_word' id='word_1_158' title='bbox 161 1356 196 1395; x_wconf 69' lang='lat' dir='ltr'><strong>la</strong></span> <span class='ocrx_word' id='word_1_159' title='bbox 214 1367 256 1393; x_wconf 86' lang='lat' dir='ltr'><strong>ac</strong></span> <span class='ocrx_word' id='word_1_160' title='bbox 273 1356 480 1404; x_wconf 79' lang='lat' dir='ltr'><strong>nugatoria.</strong></span> <span class='ocrx_word' id='word_1_161' title='bbox 535 1353 599 1391; x_wconf 87' lang='lat' dir='ltr'><strong>Tu</strong></span> <span class='ocrx_word' id='word_1_162' title='bbox 617 1362 787 1402; x_wconf 86' lang='lat' dir='ltr'><strong>corrupta</strong></span> <span class='ocrx_word' id='word_1_163' title='bbox 806 1353 853 1391; x_wconf 91' lang='lat' dir='ltr'><strong>fic</strong></span> <span class='ocrx_word' id='word_1_164' title='bbox 876 1353 1042 1391; x_wconf 83' lang='lat' dir='ltr'><strong>restitue:</strong></span> 
     </span>
    </p>

    <p class='ocr_par' dir='ltr' id='par_1_16' title="bbox 212 1403 1211 1557">
     <span class='ocr_line' id='line_1_25' title="bbox 339 1403 1144 1455; baseline -0.006 -10"><span class='ocrx_word' id='word_1_165' title='bbox 339 1418 382 1445; x_wconf 63' lang='grc' dir='ltr'><strong>ω’</strong></span> <span class='ocrx_word' id='word_1_166' title='bbox 402 1406 440 1443; x_wconf 82' lang='lat' dir='ltr'><strong>in</strong></span> <span class='ocrx_word' id='word_1_167' title='bbox 459 1405 514 1442; x_wconf 78' lang='lat' dir='ltr'><strong>his</strong></span> <span class='ocrx_word' id='word_1_168' title='bbox 534 1404 706 1455; x_wconf 78' lang='lat' dir='ltr'><em>quaedam</em></span> <span class='ocrx_word' id='word_1_169' title='bbox 727 1404 825 1441; x_wconf 87' lang='lat' dir='ltr'><em>modo</em></span> <span class='ocrx_word' id='word_1_170' title='bbox 847 1414 939 1441; x_wconf 81' lang='lat' dir='ltr'><strong>creta</strong></span> <span class='ocrx_word' id='word_1_171' title='bbox 955 1413 1015 1452; x_wconf 79' lang='lat' dir='ltr'><strong>per</strong></span> <span class='ocrx_word' id='word_1_172' title='bbox 1035 1403 1144 1452; x_wconf 82' lang='lat' dir='ltr'><strong>ipsum</strong></span> 
     </span>
     <span class='ocr_line' id='line_1_26' title="bbox 212 1455 1188 1506; baseline -0.003 -11"><span class='ocrx_word' id='word_1_173' title='bbox 212 1458 389 1506; x_wconf 79' lang='lat' dir='ltr'><strong>Nascendi</strong></span> <span class='ocrx_word' id='word_1_174' title='bbox 400 1457 556 1505; x_wconf 76' lang='lat' dir='ltr'><strong>spatium</strong></span> <span class='ocrx_word' id='word_1_175' title='bbox 569 1470 579 1499; x_wconf 78' lang='lat'><em>3</em></span> <span class='ocrx_word' id='word_1_176' title='bbox 609 1455 781 1505; x_wconf 75' lang='lat' dir='ltr'><em>quaedam</em></span> <span class='ocrx_word' id='word_1_177' title='bbox 803 1456 1020 1505; x_wconf 61' lang='lat' dir='ltr'><strong>imperfecta,</strong></span> <span class='ocrx_word' id='word_1_178' title='bbox 1045 1455 1188 1505; x_wconf 78' lang='lat' dir='ltr'><strong>suisque</strong></span> 
     </span>
     <span class='ocr_line' id='line_1_27' title="bbox 214 1506 1211 1557; baseline -0.002 -12"><span class='ocrx_word' id='word_1_179' title='bbox 214 1514 351 1545; x_wconf 78' lang='lat' dir='ltr'><em>Trunca</em></span> <span class='ocrx_word' id='word_1_180' title='bbox 361 1508 484 1545; x_wconf 74' lang='lat' dir='ltr'><strong>videm</strong></span> <span class='ocrx_word' id='word_1_181' title='bbox 497 1508 664 1552; x_wconf 78' lang='lat' dir='ltr'><strong>numeris,</strong></span> <span class='ocrx_word' id='word_1_182' title='bbox 676 1519 719 1546; x_wconf 65' lang='grc'><strong>(9·</strong></span> <span class='ocrx_word' id='word_1_183' title='bbox 727 1506 841 1545; x_wconf 85' lang='lat' dir='ltr'><strong>eodem</strong></span> <span class='ocrx_word' id='word_1_184' title='bbox 852 1508 888 1543; x_wconf 84' lang='lat' dir='ltr'><strong>in</strong></span> <span class='ocrx_word' id='word_1_185' title='bbox 900 1506 1129 1557; x_wconf 84' lang='lat' dir='ltr'><strong>corporesaepe</strong></span> <span class='ocrx_word' id='word_1_186' title='bbox 1138 1517 1211 1546; x_wconf 63' lang='lat' dir='ltr'><em>&amp;a</em></span> 
     </span>
    </p>

    <p class='ocr_par' dir='ltr' id='par_1_17' title="bbox 163 1557 1211 1608">
     <span class='ocr_line' id='line_1_28' title="bbox 163 1557 1211 1608; baseline -0.001 -11"><span class='ocrx_word' id='word_1_187' title='bbox 163 1565 265 1598; x_wconf 89' lang='lat' dir='ltr'><em>Nata</em></span> <span class='ocrx_word' id='word_1_188' title='bbox 279 1587 288 1603; x_wconf 91' lang='lat'>‚</span> <span class='ocrx_word' id='word_1_189' title='bbox 310 1571 377 1608; x_wconf 89' lang='lat' dir='ltr'><strong>pro</strong></span> <span class='ocrx_word' id='word_1_190' title='bbox 398 1570 490 1596; x_wconf 81' lang='lat' dir='ltr'><em>crota</em></span> <span class='ocrx_word' id='word_1_191' title='bbox 505 1586 513 1601; x_wconf 90' lang='lat'><strong>,</strong></span> <span class='ocrx_word' id='word_1_192' title='bbox 540 1557 717 1606; x_wconf 75' lang='lat' dir='ltr'><strong>glossema</strong></span> <span class='ocrx_word' id='word_1_193' title='bbox 737 1558 799 1596; x_wconf 86' lang='lat' dir='ltr'><strong>est.</strong></span> <span class='ocrx_word' id='word_1_194' title='bbox 826 1559 972 1596; x_wconf 86' lang='lat' dir='ltr'><strong>numeri</strong></span> <span class='ocrx_word' id='word_1_195' title='bbox 994 1558 1074 1596; x_wconf 90' lang='lat' dir='ltr'><strong>sunt</strong></span> <span class='ocrx_word' id='word_1_196' title='bbox 1094 1565 1211 1606; x_wconf 83' lang='lat' dir='ltr'><strong>partes</strong></span> 
     </span>
    </p>

    <p class='ocr_par' dir='ltr' id='par_1_18' title="bbox 164 1608 1143 1853">
     <span class='ocr_line' id='line_1_29' title="bbox 164 1608 1065 1658; baseline -0.003 -9"><span class='ocrx_word' id='word_1_197' title='bbox 164 1613 204 1649; x_wconf 84' lang='lat'>&amp;</span> <span class='ocrx_word' id='word_1_198' title='bbox 225 1613 389 1648; x_wconf 86' lang='lat' dir='ltr'><strong>membra</strong></span> <span class='ocrx_word' id='word_1_199' title='bbox 404 1638 414 1655; x_wconf 88' lang='lat'><strong>,</strong></span> <span class='ocrx_word' id='word_1_200' title='bbox 438 1620 477 1648; x_wconf 87' lang='lat' dir='ltr'><strong>ut</strong></span> <span class='ocrx_word' id='word_1_201' title='bbox 498 1610 580 1647; x_wconf 82' lang='lat' dir='ltr'><strong>Lib.</strong></span> <span class='ocrx_word' id='word_1_202' title='bbox 606 1608 694 1647; x_wconf 87' lang='lat' dir='ltr'><strong>Vll.</strong></span> <span class='ocrx_word' id='word_1_203' title='bbox 711 1609 796 1648; x_wconf 82' lang='lat' dir='ltr'><strong>Fab.</strong></span> <span class='ocrx_word' id='word_1_204' title='bbox 819 1622 845 1647; x_wconf 87' lang='lat'><strong>1.</strong></span> <span class='ocrx_word' id='word_1_205' title='bbox 866 1609 956 1646; x_wconf 85' lang='lat' dir='ltr'><strong>vers.</strong></span> <span class='ocrx_word' id='word_1_206' title='bbox 982 1621 1065 1658; x_wconf 79' lang='lat'><strong>125.</strong></span> 
     </span>
     <span class='ocr_line' id='line_1_30' title="bbox 214 1659 1143 1712; baseline -0.002 -14"><span class='ocrx_word' id='word_1_207' title='bbox 214 1668 324 1712; x_wconf 85' lang='lat' dir='ltr'><strong>thue</strong></span> <span class='ocrx_word' id='word_1_208' title='bbox 342 1660 491 1698; x_wconf 80' lang='lat' dir='ltr'><strong>hominis</strong></span> <span class='ocrx_word' id='word_1_209' title='bbox 500 1659 646 1709; x_wconf 83' lang='lat' dir='ltr'><strong>speciem</strong></span> <span class='ocrx_word' id='word_1_210' title='bbox 669 1659 834 1697; x_wconf 65' lang='lat' dir='ltr'><em>materna</em></span> <span class='ocrx_word' id='word_1_211' title='bbox 845 1660 958 1709; x_wconf 77' lang='lat' dir='ltr'><strong>sumit</strong></span> <span class='ocrx_word' id='word_1_212' title='bbox 977 1660 1015 1697; x_wconf 88' lang='lat' dir='ltr'><strong>in</strong></span> <span class='ocrx_word' id='word_1_213' title='bbox 1035 1659 1118 1697; x_wconf 84' lang='lat' dir='ltr'><em>alvo</em></span> <span class='ocrx_word' id='word_1_214' title='bbox 1131 1688 1143 1706; x_wconf 93' lang='lat'><strong>,</strong></span> 
     </span>
     <span class='ocr_line' id='line_1_31' title="bbox 215 1711 1131 1762; baseline -0.002 -12"><span class='ocrx_word' id='word_1_215' title='bbox 215 1720 348 1762; x_wconf 82' lang='lat' dir='ltr'><strong>Perque</strong></span> <span class='ocrx_word' id='word_1_216' title='bbox 361 1714 439 1760; x_wconf 82' lang='lat' dir='ltr'><em>suos</em></span> <span class='ocrx_word' id='word_1_217' title='bbox 459 1711 556 1749; x_wconf 86' lang='lat' dir='ltr'><strong>intus</strong></span> <span class='ocrx_word' id='word_1_218' title='bbox 578 1724 735 1749; x_wconf 81' lang='lat' dir='ltr'><strong>numeros</strong></span> <span class='ocrx_word' id='word_1_219' title='bbox 758 1712 969 1761; x_wconf 77' lang='lat' dir='ltr'><em>componitur</em></span> <span class='ocrx_word' id='word_1_220' title='bbox 986 1711 1131 1757; x_wconf 82' lang='lat' dir='ltr'><strong>infans,</strong></span> 
     </span>
     <span class='ocr_line' id='line_1_32' title="bbox 216 1761 1075 1812; baseline -0.001 -12"><span class='ocrx_word' id='word_1_221' title='bbox 216 1769 290 1800; x_wconf 89' lang='lat' dir='ltr'><strong>Nec</strong></span> <span class='ocrx_word' id='word_1_222' title='bbox 310 1762 375 1812; x_wconf 83' lang='lat' dir='ltr'><strong>nist</strong></span> <span class='ocrx_word' id='word_1_223' title='bbox 393 1773 556 1801; x_wconf 85' lang='lat' dir='ltr'><strong>maturus</strong></span> <span class='ocrx_word' id='word_1_224' title='bbox 577 1776 772 1800; x_wconf 83' lang='lat' dir='ltr'><em>communes</em></span> <span class='ocrx_word' id='word_1_225' title='bbox 794 1761 866 1800; x_wconf 88' lang='lat' dir='ltr'><strong>exit</strong></span> <span class='ocrx_word' id='word_1_226' title='bbox 888 1762 926 1800; x_wconf 85' lang='lat' dir='ltr'><strong>in</strong></span> <span class='ocrx_word' id='word_1_227' title='bbox 947 1775 1075 1800; x_wconf 82' lang='lat' dir='ltr'><em>auras:</em></span> 
     </span>
     <span class='ocr_line' id='line_1_33' title="bbox 215 1815 367 1853; baseline 0 -3"><span class='ocrx_word' id='word_1_228' title='bbox 215 1815 272 1851; x_wconf 71' lang='lat' dir='ltr'><strong>sic</strong></span> <span class='ocrx_word' id='word_1_229' title='bbox 297 1826 367 1853; x_wconf 60' lang='lat' dir='ltr'><strong>eye.</strong></span> 
     </span>
    </p>

    <p class='ocr_par' dir='ltr' id='par_1_19' title="bbox 167 1863 982 1913">
     <span class='ocr_line' id='line_1_34' title="bbox 167 1863 982 1913; baseline -0.002 -10"><span class='ocrx_word' id='word_1_230' title='bbox 167 1865 254 1904; x_wconf 84' lang='lat' dir='ltr'><strong>Fab.</strong></span> <span class='ocrx_word' id='word_1_231' title='bbox 274 1877 362 1902; x_wconf 84' lang='lat' dir='ltr'><strong>xm.</strong></span> <span class='ocrx_word' id='word_1_232' title='bbox 390 1864 480 1901; x_wconf 84' lang='lat' dir='ltr'><strong>vers.</strong></span> <span class='ocrx_word' id='word_1_233' title='bbox 501 1877 586 1913; x_wconf 83' lang='lat'><strong>510.</strong></span> <span class='ocrx_word' id='word_1_234' title='bbox 614 1863 875 1909; x_wconf 84' lang='lat' dir='ltr'><em>moderantius,</em></span> <span class='ocrx_word' id='word_1_235' title='bbox 903 1877 982 1910; x_wconf 88' lang='lat' dir='ltr'><strong>oro,</strong></span> 
     </span>
    </p>

    <p class='ocr_par' dir='ltr' id='par_1_20' title="bbox 168 1915 1221 2016">
     <span class='ocr_line' id='line_1_35' title="bbox 193 1915 1221 1968; baseline 0.005 -16"><span class='ocrx_word' id='word_1_236' title='bbox 193 1956 195 1959; x_wconf 26' lang='lat'><strong><em>¹</em></strong></span> <span class='ocrx_word' id='word_1_237' title='bbox 219 1922 347 1959; x_wconf 90' lang='lat' dir='ltr'><strong>Curre,</strong></span> <span class='ocrx_word' id='word_1_238' title='bbox 355 1916 551 1963; x_wconf 84' lang='lat' dir='ltr'><em>fugamque</em></span> <span class='ocrx_word' id='word_1_239' title='bbox 563 1915 701 1959; x_wconf 81' lang='lat' dir='ltr'><strong>inhibe3</strong></span> <span class='ocrx_word' id='word_1_240' title='bbox 725 1915 962 1953; x_wconf 83' lang='lat' dir='ltr'><strong>moderantius</strong></span> <span class='ocrx_word' id='word_1_241' title='bbox 973 1915 1134 1967; x_wconf 72' lang='lat' dir='ltr'><strong>inftquar</strong></span> <span class='ocrx_word' id='word_1_242' title='bbox 1145 1915 1221 1968; x_wconf 68' lang='lat' dir='ltr'><strong>ipſse.</strong></span> 
     </span>
     <span class='ocr_line' id='line_1_36' title="bbox 168 1965 994 2016; baseline 0 -11"><span class='ocrx_word' id='word_1_243' title='bbox 168 1967 256 2005; x_wconf 89' lang='lat' dir='ltr'><strong>edit.</strong></span> <span class='ocrx_word' id='word_1_244' title='bbox 276 1965 378 2004; x_wconf 86' lang='lat' dir='ltr'><strong>Bafil.</strong></span> <span class='ocrx_word' id='word_1_245' title='bbox 398 1966 555 2013; x_wconf 81' lang='lat' dir='ltr'><strong>insequor</strong></span> <span class='ocrx_word' id='word_1_246' title='bbox 568 1992 578 2010; x_wconf 83' lang='lat'><strong>,</strong></span> <span class='ocrx_word' id='word_1_247' title='bbox 606 1967 710 2014; x_wconf 88' lang='lat' dir='ltr'><strong>quod</strong></span> <span class='ocrx_word' id='word_1_248' title='bbox 731 1967 846 2016; x_wconf 83' lang='lat' dir='ltr'><strong>magis</strong></span> <span class='ocrx_word' id='word_1_249' title='bbox 864 1968 994 2016; x_wconf 82' lang='lat' dir='ltr'><strong>placet.</strong></span> 
     </span>
    </p>

    <p class='ocr_par' dir='ltr' id='par_1_21' title="bbox 168 2015 585 2063">
     <span class='ocr_line' id='line_1_37' title="bbox 168 2015 585 2063; baseline -0.012 -7"><span class='ocrx_word' id='word_1_250' title='bbox 168 2018 255 2056; x_wconf 88' lang='lat' dir='ltr'><strong>Fab.</strong></span> <span class='ocrx_word' id='word_1_251' title='bbox 278 2028 359 2054; x_wconf 77' lang='lat' dir='ltr'>X1v.</span> <span class='ocrx_word' id='word_1_252' title='bbox 387 2015 477 2052; x_wconf 89' lang='lat' dir='ltr'><strong>vers.</strong></span> <span class='ocrx_word' id='word_1_253' title='bbox 502 2027 585 2063; x_wconf 69' lang='lat'><strong>545,</strong></span> 
     </span>
    </p>

    <p class='ocr_par' dir='ltr' id='par_1_22' title="bbox 167 2064 1227 2574">
     <span class='ocr_line' id='line_1_38' title="bbox 221 2064 1218 2116; baseline 0.002 -11"><span class='ocrx_word' id='word_1_254' title='bbox 221 2075 286 2106; x_wconf 79' lang='lat' dir='ltr'><strong>Fer</strong></span> <span class='ocrx_word' id='word_1_255' title='bbox 298 2095 308 2112; x_wconf 96' lang='lat'><em>‚</em></span> <span class='ocrx_word' id='word_1_256' title='bbox 329 2076 443 2116; x_wconf 86' lang='lat' dir='ltr'><strong>pater,</strong></span> <span class='ocrx_word' id='word_1_257' title='bbox 456 2065 589 2114; x_wconf 85' lang='lat' dir='ltr'><strong>inquit,</strong></span> <span class='ocrx_word' id='word_1_258' title='bbox 611 2073 716 2114; x_wconf 87' lang='lat' dir='ltr'><strong>opem,</strong></span> <span class='ocrx_word' id='word_1_259' title='bbox 721 2064 755 2114; x_wconf 80' lang='lat' dir='ltr'><strong>fi</strong></span> <span class='ocrx_word' id='word_1_260' title='bbox 761 2065 913 2113; x_wconf 82' lang='lat' dir='ltr'><em>flumina</em></span> <span class='ocrx_word' id='word_1_261' title='bbox 926 2080 1054 2105; x_wconf 78' lang='lat' dir='ltr'><strong>numen</strong></span> <span class='ocrx_word' id='word_1_262' title='bbox 1066 2068 1218 2107; x_wconf 82' lang='lat' dir='ltr'><strong>habetis:</strong></span> 
     </span>
     <span class='ocr_line' id='line_1_39' title="bbox 223 2115 1196 2169; baseline -0.002 -13"><span class='ocrx_word' id='word_1_263' title='bbox 223 2122 307 2169; x_wconf 68' lang='lat' dir='ltr'><strong>Qu</strong></span> <span class='ocrx_word' id='word_1_264' title='bbox 322 2117 474 2155; x_wconf 80' lang='lat' dir='ltr'><strong>nimium</strong></span> <span class='ocrx_word' id='word_1_265' title='bbox 489 2115 629 2165; x_wconf 84' lang='lat' dir='ltr'><strong>placui,</strong></span> <span class='ocrx_word' id='word_1_266' title='bbox 653 2115 755 2152; x_wconf 85' lang='lat' dir='ltr'><strong>tellus</strong></span> <span class='ocrx_word' id='word_1_267' title='bbox 771 2142 780 2159; x_wconf 94' lang='lat'><strong>,</strong></span> <span class='ocrx_word' id='word_1_268' title='bbox 809 2115 860 2151; x_wconf 80' lang='lat' dir='ltr'><strong>ait</strong></span> <span class='ocrx_word' id='word_1_269' title='bbox 873 2143 883 2159; x_wconf 89' lang='lat'><strong>,</strong></span> <span class='ocrx_word' id='word_1_270' title='bbox 913 2118 1001 2153; x_wconf 80' lang='lat' dir='ltr'><strong>hisce</strong></span> <span class='ocrx_word' id='word_1_271' title='bbox 1014 2134 1024 2154; x_wconf 90' lang='lat'><strong>.·</strong></span> <span class='ocrx_word' id='word_1_272' title='bbox 1053 2120 1113 2155; x_wconf 81' lang='lat' dir='ltr'><strong>vel</strong></span> <span class='ocrx_word' id='word_1_273' title='bbox 1124 2132 1196 2159; x_wconf 61' lang='grc' dir='ltr'><strong>(φτ.</strong></span> 
     </span>
     <span class='ocr_line' id='line_1_40' title="bbox 168 2165 1222 2215; baseline -0.002 -6"><span class='ocrx_word' id='word_1_274' title='bbox 168 2172 321 2209; x_wconf 86' lang='lat' dir='ltr'>Vitium</span> <span class='ocrx_word' id='word_1_275' title='bbox 346 2167 583 2206; x_wconf 80' lang='lat' dir='ltr'><strong>manifestum</strong></span> <span class='ocrx_word' id='word_1_276' title='bbox 599 2194 608 2211; x_wconf 91' lang='lat'><strong>,</strong></span> <span class='ocrx_word' id='word_1_277' title='bbox 638 2166 741 2215; x_wconf 89' lang='lat' dir='ltr'><strong>quod</strong></span> <span class='ocrx_word' id='word_1_278' title='bbox 763 2178 840 2204; x_wconf 90' lang='lat' dir='ltr'><strong>non</strong></span> <span class='ocrx_word' id='word_1_279' title='bbox 862 2175 939 2204; x_wconf 88' lang='lat' dir='ltr'><strong>tam</strong></span> <span class='ocrx_word' id='word_1_280' title='bbox 963 2165 1222 2207; x_wconf 66' lang='lat' dir='ltr'><strong>assersmanno</strong></span> 
     </span>
     <span class='ocr_line' id='line_1_41' title="bbox 167 2217 1221 2272; baseline -0.003 -11"><span class='ocrx_word' id='word_1_281' title='bbox 167 2221 284 2272; x_wconf 72' lang='lat' dir='ltr'><strong>quam</strong></span> <span class='ocrx_word' id='word_1_282' title='bbox 317 2219 361 2258; x_wconf 86' lang='lat' dir='ltr'><strong>ab</strong></span> <span class='ocrx_word' id='word_1_283' title='bbox 381 2217 539 2257; x_wconf 78' lang='lat' dir='ltr'><strong>Heinsio</strong></span> <span class='ocrx_word' id='word_1_284' title='bbox 558 2229 636 2255; x_wconf 90' lang='lat' dir='ltr'><strong>non</strong></span> <span class='ocrx_word' id='word_1_285' title='bbox 657 2218 952 2256; x_wconf 86' lang='lat' dir='ltr'><strong>animadversum</strong></span> <span class='ocrx_word' id='word_1_286' title='bbox 974 2218 1065 2256; x_wconf 80' lang='lat' dir='ltr'>subit</span> <span class='ocrx_word' id='word_1_287' title='bbox 1085 2220 1221 2258; x_wconf 81' lang='lat' dir='ltr'><strong>mirari.</strong></span> 
     </span>
     <span class='ocr_line' id='line_1_42' title="bbox 170 2268 1223 2323; baseline -0.003 -11"><span class='ocrx_word' id='word_1_288' title='bbox 170 2271 362 2323; x_wconf 82' lang='lat' dir='ltr'><strong>Quorsum</strong></span> <span class='ocrx_word' id='word_1_289' title='bbox 382 2271 484 2308; x_wconf 87' lang='lat' dir='ltr'><strong>enim</strong></span> <span class='ocrx_word' id='word_1_290' title='bbox 507 2270 546 2307; x_wconf 89' lang='lat' dir='ltr'><strong>in</strong></span> <span class='ocrx_word' id='word_1_291' title='bbox 568 2269 683 2307; x_wconf 85' lang='lat' dir='ltr'><strong>altero</strong></span> <span class='ocrx_word' id='word_1_292' title='bbox 704 2269 830 2311; x_wconf 87' lang='lat' dir='ltr'><strong>versu,</strong></span> <span class='ocrx_word' id='word_1_293' title='bbox 861 2269 914 2306; x_wconf 85' lang='lat' dir='ltr'><strong>ait</strong></span> <span class='ocrx_word' id='word_1_294' title='bbox 928 2296 937 2313; x_wconf 89' lang='lat'><strong>,</strong></span> <span class='ocrx_word' id='word_1_295' title='bbox 967 2268 1051 2307; x_wconf 74' lang='lat' dir='ltr'><strong>cnm</strong></span> <span class='ocrx_word' id='word_1_296' title='bbox 1065 2270 1103 2308; x_wconf 87' lang='lat' dir='ltr'><strong>in</strong></span> <span class='ocrx_word' id='word_1_297' title='bbox 1124 2273 1223 2319; x_wconf 87' lang='lat' dir='ltr'><strong>prio-</strong></span> 
     </span>
     <span class='ocr_line' id='line_1_43' title="bbox 169 2318 1225 2371; baseline -0.003 -8"><span class='ocrx_word' id='word_1_298' title='bbox 169 2337 230 2369; x_wconf 85' lang='lat' dir='ltr'><strong>re,</strong></span> <span class='ocrx_word' id='word_1_299' title='bbox 259 2323 403 2371; x_wconf 82' lang='lat' dir='ltr'><strong>inquit,</strong></span> <span class='ocrx_word' id='word_1_300' title='bbox 431 2318 657 2359; x_wconf 70' lang='lat' dir='ltr'><strong>antecesserit</strong></span> <span class='ocrx_word' id='word_1_301' title='bbox 682 2318 697 2357; x_wconf 86' lang='lat'>?</span> <span class='ocrx_word' id='word_1_302' title='bbox 735 2320 861 2356; x_wconf 82' lang='lat' dir='ltr'>Gratia</span> <span class='ocrx_word' id='word_1_303' title='bbox 883 2321 921 2357; x_wconf 81' lang='lat'>&amp;</span> <span class='ocrx_word' id='word_1_304' title='bbox 944 2320 1068 2358; x_wconf 89' lang='lat' dir='ltr'><strong>honor</strong></span> <span class='ocrx_word' id='word_1_305' title='bbox 1089 2322 1225 2360; x_wconf 84' lang='lat' dir='ltr'><strong>editio-</strong></span> 
     </span>
     <span class='ocr_line' id='line_1_44' title="bbox 171 2370 1223 2423; baseline -0.004 -8"><span class='ocrx_word' id='word_1_306' title='bbox 171 2377 212 2415; x_wconf 87' lang='lat' dir='ltr'><strong>ni</strong></span> <span class='ocrx_word' id='word_1_307' title='bbox 233 2374 336 2414; x_wconf 77' lang='lat' dir='ltr'><strong>Bafil.</strong></span> <span class='ocrx_word' id='word_1_308' title='bbox 358 2384 453 2423; x_wconf 84' lang='lat' dir='ltr'><strong>quae</strong></span> <span class='ocrx_word' id='word_1_309' title='bbox 470 2371 581 2410; x_wconf 86' lang='lat' dir='ltr'><strong>habet</strong></span> <span class='ocrx_word' id='word_1_310' title='bbox 595 2399 604 2416; x_wconf 91' lang='lat'><strong>,</strong></span> <span class='ocrx_word' id='word_1_311' title='bbox 632 2381 697 2408; x_wconf 90' lang='lat' dir='ltr'><strong>aut</strong></span> <span class='ocrx_word' id='word_1_312' title='bbox 716 2370 814 2408; x_wconf 81' lang='lat' dir='ltr'><strong>hisce.</strong></span> <span class='ocrx_word' id='word_1_313' title='bbox 843 2372 1034 2409; x_wconf 73' lang='lat' dir='ltr'><strong>Nimirum</strong></span> <span class='ocrx_word' id='word_1_314' title='bbox 1049 2372 1223 2422; x_wconf 79' lang='lat' dir='ltr'><strong>Daphne,</strong></span> 
     </span>
     <span class='ocr_line' id='line_1_45' title="bbox 171 2419 1224 2472; baseline -0.004 -7"><span class='ocrx_word' id='word_1_315' title='bbox 171 2435 215 2465; x_wconf 86' lang='lat' dir='ltr'><strong>ut</strong></span> <span class='ocrx_word' id='word_1_316' title='bbox 242 2438 291 2464; x_wconf 86' lang='lat' dir='ltr'><strong>ne</strong></span> <span class='ocrx_word' id='word_1_317' title='bbox 323 2426 446 2462; x_wconf 82' lang='lat' dir='ltr'><strong>veniat</strong></span> <span class='ocrx_word' id='word_1_318' title='bbox 465 2426 501 2461; x_wconf 85' lang='lat' dir='ltr'><strong>in</strong></span> <span class='ocrx_word' id='word_1_319' title='bbox 522 2422 665 2460; x_wconf 83' lang='lat' dir='ltr'><strong>Phoebi</strong></span> <span class='ocrx_word' id='word_1_320' title='bbox 687 2423 905 2470; x_wconf 82' lang='lat' dir='ltr'><strong>potestatem</strong></span> <span class='ocrx_word' id='word_1_321' title='bbox 936 2419 956 2458; x_wconf 75' lang='lat' dir='ltr'><strong>a</strong></span> <span class='ocrx_word' id='word_1_322' title='bbox 979 2431 1078 2470; x_wconf 85' lang='lat' dir='ltr'><strong>patre</strong></span> <span class='ocrx_word' id='word_1_323' title='bbox 1101 2436 1224 2472; x_wconf 80' lang='lat' dir='ltr'><strong>preca-</strong></span> 
     </span>
     <span class='ocr_line' id='line_1_46' title="bbox 170 2473 1227 2523; baseline -0.004 -8"><span class='ocrx_word' id='word_1_324' title='bbox 170 2486 255 2522; x_wconf 87' lang='lat' dir='ltr'><strong>tur,</strong></span> <span class='ocrx_word' id='word_1_325' title='bbox 282 2485 322 2515; x_wconf 88' lang='lat' dir='ltr'><strong>ut</strong></span> <span class='ocrx_word' id='word_1_326' title='bbox 342 2475 403 2513; x_wconf 88' lang='lat' dir='ltr'><strong>fibi</strong></span> <span class='ocrx_word' id='word_1_327' title='bbox 425 2473 564 2513; x_wconf 86' lang='lat' dir='ltr'><strong>auxilio</strong></span> <span class='ocrx_word' id='word_1_328' title='bbox 584 2473 651 2518; x_wconf 88' lang='lat' dir='ltr'><strong>fit,</strong></span> <span class='ocrx_word' id='word_1_329' title='bbox 680 2481 763 2517; x_wconf 84' lang='lat' dir='ltr'><strong>aut,</strong></span> <span class='ocrx_word' id='word_1_330' title='bbox 792 2473 817 2510; x_wconf 90' lang='lat' dir='ltr'><strong>fi</strong></span> <span class='ocrx_word' id='word_1_331' title='bbox 839 2474 912 2510; x_wconf 88' lang='lat' dir='ltr'><strong>hoc</strong></span> <span class='ocrx_word' id='word_1_332' title='bbox 934 2482 1036 2520; x_wconf 87' lang='lat' dir='ltr'><strong>pater</strong></span> <span class='ocrx_word' id='word_1_333' title='bbox 1052 2485 1129 2511; x_wconf 86' lang='lat' dir='ltr'><strong>non</strong></span> <span class='ocrx_word' id='word_1_334' title='bbox 1144 2474 1227 2523; x_wconf 88' lang='lat' dir='ltr'><strong>pos-</strong></span> 
     </span>
     <span class='ocr_line' id='line_1_47' title="bbox 172 2524 1227 2574; baseline -0.002 -8"><span class='ocrx_word' id='word_1_335' title='bbox 172 2528 216 2566; x_wconf 79' lang='lat' dir='ltr'><strong>sit</strong></span> <span class='ocrx_word' id='word_1_336' title='bbox 230 2556 240 2572; x_wconf 89' lang='lat'><strong>,</strong></span> <span class='ocrx_word' id='word_1_337' title='bbox 268 2526 290 2565; x_wconf 68' lang='grc' dir='ltr'>ὲ</span> <span class='ocrx_word' id='word_1_338' title='bbox 317 2526 470 2564; x_wconf 84' lang='lat' dir='ltr'><strong>Tellure</strong></span> <span class='ocrx_word' id='word_1_339' title='bbox 492 2525 732 2574; x_wconf 81' lang='lat' dir='ltr'><strong>impetratum</strong></span> <span class='ocrx_word' id='word_1_340' title='bbox 764 2524 844 2562; x_wconf 91' lang='lat' dir='ltr'><strong>vult</strong></span> <span class='ocrx_word' id='word_1_341' title='bbox 858 2551 866 2567; x_wconf 89' lang='lat'>‚</span> <span class='ocrx_word' id='word_1_342' title='bbox 908 2532 948 2561; x_wconf 88' lang='lat' dir='ltr'><strong>ut</strong></span> <span class='ocrx_word' id='word_1_343' title='bbox 967 2524 1058 2562; x_wconf 87' lang='lat' dir='ltr'><strong>haec</strong></span> <span class='ocrx_word' id='word_1_344' title='bbox 1076 2524 1141 2563; x_wconf 87' lang='lat' dir='ltr'><strong>fibi</strong></span> <span class='ocrx_word' id='word_1_345' title='bbox 1161 2525 1227 2564; x_wconf 89' lang='lat' dir='ltr'><strong>de-</strong></span> 
     </span>
    </p>

    <p class='ocr_par' dir='ltr' id='par_1_23' title="bbox 172 2574 1038 2616">
     <span class='ocr_line' id='line_1_48' title="bbox 172 2574 1038 2616; baseline -0.005 0"><span class='ocrx_word' id='word_1_346' title='bbox 172 2578 347 2616; x_wconf 85' lang='lat' dir='ltr'><strong>hiscendo</strong></span> <span class='ocrx_word' id='word_1_347' title='bbox 371 2577 430 2615; x_wconf 87' lang='lat' dir='ltr'><strong>vel</strong></span> <span class='ocrx_word' id='word_1_348' title='bbox 450 2577 613 2614; x_wconf 85' lang='lat' dir='ltr'><strong>formam</strong></span> <span class='ocrx_word' id='word_1_349' title='bbox 636 2574 817 2613; x_wconf 82' lang='lat' dir='ltr'><strong>mutando</strong></span> <span class='ocrx_word' id='word_1_350' title='bbox 838 2574 1038 2613; x_wconf 81' lang='lat' dir='ltr'><strong>subveniat.</strong></span> 
     </span>
    </p>

    <p class='ocr_par' dir='ltr' id='par_1_24' title="bbox 226 2625 1085 2676">
     <span class='ocr_line' id='line_1_49' title="bbox 226 2625 1085 2676; baseline -0.002 -10"><span class='ocrx_word' id='word_1_351' title='bbox 226 2629 316 2666; x_wconf 79' lang='lat' dir='ltr'><strong>Ead.</strong></span> <span class='ocrx_word' id='word_1_352' title='bbox 334 2628 419 2666; x_wconf 82' lang='lat' dir='ltr'><strong>Fab.</strong></span> <span class='ocrx_word' id='word_1_353' title='bbox 439 2627 528 2666; x_wconf 87' lang='lat' dir='ltr'><strong>vers.</strong></span> <span class='ocrx_word' id='word_1_354' title='bbox 550 2639 634 2676; x_wconf 77' lang='lat'><strong>552.</strong></span> <span class='ocrx_word' id='word_1_355' title='bbox 661 2632 735 2663; x_wconf 84' lang='lat' dir='ltr'><strong>Ora</strong></span> <span class='ocrx_word' id='word_1_356' title='bbox 758 2638 922 2664; x_wconf 82' lang='lat' dir='ltr'><em>cacumen</em></span> <span class='ocrx_word' id='word_1_357' title='bbox 944 2625 1085 2665; x_wconf 78' lang='lat' dir='ltr'><strong>habent.</strong></span> 
     </span>
    </p>

    <p class='ocr_par' dir='ltr' id='par_1_25' title="bbox 175 2677 1231 2830">
     <span class='ocr_line' id='line_1_50' title="bbox 226 2677 1231 2727; baseline 0 -10"><span class='ocrx_word' id='word_1_358' title='bbox 226 2677 563 2727; x_wconf 75' lang='lat' dir='ltr'><strong>Quemadmodum</strong></span> <span class='ocrx_word' id='word_1_359' title='bbox 595 2688 673 2716; x_wconf 90' lang='lat' dir='ltr'><strong>non</strong></span> <span class='ocrx_word' id='word_1_360' title='bbox 702 2677 864 2723; x_wconf 84' lang='lat' dir='ltr'><strong>diceret,</strong></span> <span class='ocrx_word' id='word_1_361' title='bbox 903 2689 966 2726; x_wconf 85' lang='lat' dir='ltr'><strong>pes</strong></span> <span class='ocrx_word' id='word_1_362' title='bbox 997 2678 1107 2717; x_wconf 79' lang='lat' dir='ltr'><strong>habet</strong></span> <span class='ocrx_word' id='word_1_363' title='bbox 1136 2679 1231 2717; x_wconf 84' lang='lat' dir='ltr'><strong>radi-</strong></span> 
     </span>
     <span class='ocr_line' id='line_1_51' title="bbox 176 2728 1228 2778; baseline 0 -9"><span class='ocrx_word' id='word_1_364' title='bbox 176 2741 288 2774; x_wconf 85' lang='lat' dir='ltr'><strong>cem,</strong></span> <span class='ocrx_word' id='word_1_365' title='bbox 313 2728 374 2766; x_wconf 88' lang='lat' dir='ltr'><strong>sed</strong></span> <span class='ocrx_word' id='word_1_366' title='bbox 404 2728 502 2766; x_wconf 82' lang='lat' dir='ltr'><strong>radix</strong></span> <span class='ocrx_word' id='word_1_367' title='bbox 529 2729 639 2767; x_wconf 76' lang='lat' dir='ltr'><strong>habet</strong></span> <span class='ocrx_word' id='word_1_368' title='bbox 669 2728 829 2778; x_wconf 64' lang='lat' dir='ltr'><strong>pedem</strong></span> <span class='ocrx_word' id='word_1_369' title='bbox 869 2728 917 2766; x_wconf 88' lang='lat' dir='ltr'><strong>fic</strong></span> <span class='ocrx_word' id='word_1_370' title='bbox 950 2739 1073 2778; x_wconf 85' lang='lat' dir='ltr'><strong>neque</strong></span> <span class='ocrx_word' id='word_1_371' title='bbox 1103 2729 1228 2769; x_wconf 72' lang='lat' dir='ltr'><strong>dixisse</strong></span> 
     </span>
     <span class='ocr_line' id='line_1_52' title="bbox 175 2777 1118 2830; baseline 0.002 -13"><span class='ocrx_word' id='word_1_372' title='bbox 175 2778 358 2830; x_wconf 77' lang='lat' dir='ltr'><strong>putandus</strong></span> <span class='ocrx_word' id='word_1_373' title='bbox 377 2777 450 2821; x_wconf 87' lang='lat' dir='ltr'><strong>est,</strong></span> <span class='ocrx_word' id='word_1_374' title='bbox 477 2792 537 2815; x_wconf 82' lang='lat' dir='ltr'><strong>ora</strong></span> <span class='ocrx_word' id='word_1_375' title='bbox 560 2792 723 2818; x_wconf 79' lang='lat' dir='ltr'><strong>cacumen</strong></span> <span class='ocrx_word' id='word_1_376' title='bbox 742 2779 892 2826; x_wconf 77' lang='lat' dir='ltr'><em>habent,</em></span> <span class='ocrx_word' id='word_1_377' title='bbox 922 2779 982 2819; x_wconf 82' lang='lat' dir='ltr'><strong>sed</strong></span> <span class='ocrx_word' id='word_1_378' title='bbox 1001 2780 1118 2819; x_wconf 79' lang='lat' dir='ltr'><em>habet.</em></span> 
     </span>
    </p>

    <p class='ocr_par' dir='ltr' id='par_1_26' title="bbox 230 2828 657 2874">
     <span class='ocr_line' id='line_1_53' title="bbox 230 2828 657 2874; baseline -0.007 -5"><span class='ocrx_word' id='word_1_379' title='bbox 230 2830 317 2869; x_wconf 87' lang='lat' dir='ltr'><strong>Fab.</strong></span> <span class='ocrx_word' id='word_1_380' title='bbox 339 2839 451 2868; x_wconf 63' lang='lat' dir='ltr'><strong>xvii„</strong></span> <span class='ocrx_word' id='word_1_381' title='bbox 468 2828 555 2864; x_wconf 86' lang='lat' dir='ltr'><strong>vers.</strong></span> <span class='ocrx_word' id='word_1_382' title='bbox 571 2831 657 2874; x_wconf 75' lang='lat'><strong>676,</strong></span> 
     </span>
    </p>

    <p class='ocr_par' dir='ltr' id='par_1_27' title="bbox 228 2877 1142 2932">
     <span class='ocr_line' id='line_1_54' title="bbox 228 2877 1142 2932; baseline 0.002 -15"><span class='ocrx_word' id='word_1_383' title='bbox 228 2881 307 2918; x_wconf 71' lang='lat' dir='ltr'><strong>Hac</strong></span> <span class='ocrx_word' id='word_1_384' title='bbox 330 2878 423 2926; x_wconf 73' lang='lat' dir='ltr'><strong>agit,</strong></span> <span class='ocrx_word' id='word_1_385' title='bbox 451 2885 491 2913; x_wconf 86' lang='lat' dir='ltr'><strong>ut</strong></span> <span class='ocrx_word' id='word_1_386' title='bbox 508 2877 618 2925; x_wconf 80' lang='lat' dir='ltr'><em>pastor</em></span> <span class='ocrx_word' id='word_1_387' title='bbox 632 2906 643 2922; x_wconf 92' lang='lat'>‚</span> <span class='ocrx_word' id='word_1_388' title='bbox 667 2889 724 2926; x_wconf 83' lang='lat' dir='ltr'><strong>per</strong></span> <span class='ocrx_word' id='word_1_389' title='bbox 743 2881 847 2919; x_wconf 84' lang='lat' dir='ltr'><strong>devia</strong></span> <span class='ocrx_word' id='word_1_390' title='bbox 868 2894 953 2919; x_wconf 85' lang='lat' dir='ltr'><strong>rura</strong></span> <span class='ocrx_word' id='word_1_391' title='bbox 976 2882 1118 2932; x_wconf 81' lang='lat' dir='ltr'><em>capellas</em></span> <span class='ocrx_word' id='word_1_392' title='bbox 1131 2910 1142 2928; x_wconf 85' lang='lat'><strong>,</strong></span> 
     </span>
    </p>

    <p class='ocr_par' dir='ltr' id='par_1_28' title="bbox 230 2926 684 2971">
     <span class='ocr_line' id='line_1_55' title="bbox 230 2926 684 2971; baseline -0.009 -3"><span class='ocrx_word' id='word_1_393' title='bbox 230 2937 329 2968; x_wconf 81' lang='lat' dir='ltr'><strong>Dum</strong></span> <span class='ocrx_word' id='word_1_394' title='bbox 350 2929 447 2964; x_wconf 65' lang='lat' dir='ltr'><strong>venit</strong></span> <span class='ocrx_word' id='word_1_395' title='bbox 462 2955 474 2971; x_wconf 93' lang='lat'><strong>,</strong></span> <span class='ocrx_word' id='word_1_396' title='bbox 500 2926 684 2964; x_wconf 66' lang='lat' dir='ltr'><em>adduczas.</em></span> 
     </span>
    </p>

    <p class='ocr_par' dir='ltr' id='par_1_29' title="bbox 178 2977 1228 3033">
     <span class='ocr_line' id='line_1_56' title="bbox 178 2977 1228 3033; baseline 0 -13"><span class='ocrx_word' id='word_1_397' title='bbox 178 2985 289 3033; x_wconf 83' lang='lat' dir='ltr'><strong>Lego</strong></span> <span class='ocrx_word' id='word_1_398' title='bbox 313 2979 480 3018; x_wconf 68' lang='lat' dir='ltr'><em>abduc‘ias</em></span> <span class='ocrx_word' id='word_1_399' title='bbox 496 3004 507 3022; x_wconf 89' lang='lat'><strong>,</strong></span> <span class='ocrx_word' id='word_1_400' title='bbox 532 2977 571 3015; x_wconf 78' lang='lat' dir='ltr'><strong>id</strong></span> <span class='ocrx_word' id='word_1_401' title='bbox 591 2977 640 3015; x_wconf 84' lang='lat' dir='ltr'><strong>est</strong></span> <span class='ocrx_word' id='word_1_402' title='bbox 655 3005 664 3020; x_wconf 94' lang='lat'>‚</span> <span class='ocrx_word' id='word_1_403' title='bbox 693 2984 733 3014; x_wconf 85' lang='lat' dir='ltr'><strong>ut</strong></span> <span class='ocrx_word' id='word_1_404' title='bbox 759 2979 838 3015; x_wconf 78' lang='lat' dir='ltr'><strong>Lib.</strong></span> <span class='ocrx_word' id='word_1_405' title='bbox 864 2980 913 3016; x_wconf 88' lang='grc' dir='ltr'><strong>ΙΙ.</strong></span> <span class='ocrx_word' id='word_1_406' title='bbox 931 2981 1018 3017; x_wconf 71' lang='lat' dir='ltr'><strong>Fab.</strong></span> <span class='ocrx_word' id='word_1_407' title='bbox 1038 2995 1119 3019; x_wconf 70' lang='lat' dir='ltr'><strong>xiv.</strong></span> <span class='ocrx_word' id='word_1_408' title='bbox 1138 2984 1228 3020; x_wconf 85' lang='lat' dir='ltr'><strong>vers.</strong></span> 
     </span>
    </p>

    <p class='ocr_par' dir='ltr' id='par_1_30' title="bbox 179 3027 1228 3082">
     <span class='ocr_line' id='line_1_57' title="bbox 179 3027 1228 3082; baseline 0 -12"><span class='ocrx_word' id='word_1_409' title='bbox 179 3035 267 3080; x_wconf 71' lang='lat'><strong>687.</strong></span> <span class='ocrx_word' id='word_1_410' title='bbox 293 3030 480 3081; x_wconf 78' lang='lat' dir='ltr'><strong>loquitur,</strong></span> <span class='ocrx_word' id='word_1_411' title='bbox 510 3034 601 3065; x_wconf 82' lang='lat' dir='ltr'><strong>Arte</strong></span> <span class='ocrx_word' id='word_1_412' title='bbox 615 3027 686 3078; x_wconf 77' lang='lat' dir='ltr'><strong>sud</strong></span> <span class='ocrx_word' id='word_1_413' title='bbox 698 3027 853 3068; x_wconf 60' lang='lat' dir='ltr'><em>abactas.</em></span> <span class='ocrx_word' id='word_1_414' title='bbox 880 3030 1047 3068; x_wconf 56' lang='lat' dir='ltr'><em>adductas</em></span> <span class='ocrx_word' id='word_1_415' title='bbox 1060 3033 1228 3082; x_wconf 83' lang='lat' dir='ltr'><strong>ineptum</strong></span> 
     </span>
    </p>

    <p class='ocr_par' dir='ltr' id='par_1_31' title="bbox 181 3078 561 3135">
     <span class='ocr_line' id='line_1_58' title="bbox 181 3078 561 3135; baseline -0.026 -10"><span class='ocrx_word' id='word_1_416' title='bbox 181 3095 292 3135; x_wconf 74' lang='lat' dir='ltr'><strong>atque</strong></span> <span class='ocrx_word' id='word_1_417' title='bbox 310 3080 481 3121; x_wconf 88' lang='lat' dir='ltr'><strong>insulsum</strong></span> <span class='ocrx_word' id='word_1_418' title='bbox 501 3078 561 3116; x_wconf 84' lang='lat' dir='ltr'><strong>est.</strong></span> 
     </span>
    </p>

    <p class='ocr_par' dir='ltr' id='par_1_32' title="bbox 234 3129 673 3177">
     <span class='ocr_line' id='line_1_59' title="bbox 234 3129 673 3177; baseline -0.018 -3"><span class='ocrx_word' id='word_1_419' title='bbox 234 3136 320 3174; x_wconf 86' lang='lat' dir='ltr'><strong>Fab.</strong></span> <span class='ocrx_word' id='word_1_420' title='bbox 339 3143 456 3171; x_wconf 74' lang='lat' dir='ltr'><strong>xviri.</strong></span> <span class='ocrx_word' id='word_1_421' title='bbox 479 3129 567 3168; x_wconf 87' lang='lat' dir='ltr'><strong>vers.</strong></span> <span class='ocrx_word' id='word_1_422' title='bbox 586 3130 673 3177; x_wconf 80' lang='lat'><strong>694.</strong></span> 
     </span>
    </p>
   </div>
   <div class='ocr_carea' id='block_1_4' title="bbox 211 1419 312 1427">
    <p class='ocr_par' dir='ltr' id='par_1_33' title="bbox 211 1419 312 1427">
     <span class='ocr_line' id='line_1_60' title="bbox 211 1419 312 1427; baseline 0 2189"><span class='ocrx_word' id='word_1_423' title='bbox 211 1419 312 1427; x_wconf 95' lang='lat' dir='ltr'><strong> </strong></span> 
     </span>
    </p>
   </div>
   <div class='ocr_carea' id='block_1_5' title="bbox 180 3181 1227 3338">
    <p class='ocr_par' dir='ltr' id='par_1_34' title="bbox 180 3181 1227 3338">
     <span class='ocr_line' id='line_1_61' title="bbox 237 3181 934 3233; baseline -0.001 -11"><span class='ocrx_word' id='word_1_424' title='bbox 237 3185 419 3233; x_wconf 60' lang='lat' dir='ltr'><strong>Ortygiam</strong></span> <span class='ocrx_word' id='word_1_425' title='bbox 432 3181 579 3231; x_wconf 78' lang='lat' dir='ltr'><strong>studiis,</strong></span> <span class='ocrx_word' id='word_1_426' title='bbox 607 3182 782 3233; x_wconf 74' lang='lat' dir='ltr'><em>ipsamque</em></span> <span class='ocrx_word' id='word_1_427' title='bbox 804 3182 934 3223; x_wconf 80' lang='lat' dir='ltr'><em>colebat</em></span> 
     </span>
     <span class='ocr_line' id='line_1_62' title="bbox 237 3234 578 3284; baseline -0.009 -11"><span class='ocrx_word' id='word_1_428' title='bbox 237 3236 444 3284; x_wconf 58' lang='lat' dir='ltr'><strong>virginitate</strong></span> <span class='ocrx_word' id='word_1_429' title='bbox 466 3234 578 3271; x_wconf 87' lang='lat' dir='ltr'><em>deam.</em></span> 
     </span>
     <span class='ocr_line' id='line_1_63' title="bbox 180 3284 1227 3338; baseline 0.003 -11"><span class='ocrx_word' id='word_1_430' title='bbox 180 3288 270 3331; x_wconf 67' lang='lat' dir='ltr'><strong>Hoc</strong></span> <span class='ocrx_word' id='word_1_431' title='bbox 289 3286 416 3327; x_wconf 74' lang='lat' dir='ltr'><strong>falsum</strong></span> <span class='ocrx_word' id='word_1_432' title='bbox 436 3285 496 3324; x_wconf 90' lang='lat' dir='ltr'><strong>est.</strong></span> <span class='ocrx_word' id='word_1_433' title='bbox 524 3296 603 3324; x_wconf 87' lang='lat' dir='ltr'><strong>non</strong></span> <span class='ocrx_word' id='word_1_434' title='bbox 624 3284 724 3324; x_wconf 87' lang='lat' dir='ltr'><strong>enim</strong></span> <span class='ocrx_word' id='word_1_435' title='bbox 750 3286 787 3326; x_wconf 88' lang='lat' dir='ltr'><strong>in</strong></span> <span class='ocrx_word' id='word_1_436' title='bbox 808 3286 965 3338; x_wconf 74' lang='lat' dir='ltr'><strong>Ortygia</strong></span> <span class='ocrx_word' id='word_1_437' title='bbox 979 3315 990 3335; x_wconf 95' lang='lat'>‚</span> <span class='ocrx_word' id='word_1_438' title='bbox 1017 3287 1093 3330; x_wconf 62' lang='lat' dir='ltr'><strong>sive</strong></span> <span class='ocrx_word' id='word_1_439' title='bbox 1113 3289 1227 3338; x_wconf 86' lang='lat' dir='ltr'><strong>Delo,</strong></span> 
     </span>
    </p>
   </div>
   <div class='ocr_carea' id='block_1_6' title="bbox 1246 273 2311 838">
    <p class='ocr_par' dir='ltr' id='par_1_35' title="bbox 1246 273 2311 838">
     <span class='ocr_line' id='line_1_64' title="bbox 1246 273 2306 336; baseline 0.009 -22"><span class='ocrx_word' id='word_1_440' title='bbox 1246 281 1399 333; x_wconf 44' lang='lat' dir='ltr'><strong>&#39;venatu</strong></span> <span class='ocrx_word' id='word_1_441' title='bbox 1427 273 1477 332; x_wconf 34' lang='lat' dir='ltr'><strong>se.</strong></span> <span class='ocrx_word' id='word_1_442' title='bbox 1494 277 1709 324; x_wconf 82' lang='lat' dir='ltr'><strong>exercebat,</strong></span> <span class='ocrx_word' id='word_1_443' title='bbox 1735 279 1852 319; x_wconf 86' lang='lat' dir='ltr'><strong>sedin</strong></span> <span class='ocrx_word' id='word_1_444' title='bbox 1872 278 2042 320; x_wconf 87' lang='lat' dir='ltr'><strong>Arcadia.</strong></span> <span class='ocrx_word' id='word_1_445' title='bbox 2070 280 2168 322; x_wconf 82' lang='lat' dir='ltr'><strong>dices</strong></span> <span class='ocrx_word' id='word_1_446' title='bbox 2189 285 2306 336; x_wconf 83' lang='lat' dir='ltr'><strong>Orty-</strong></span> 
     </span>
     <span class='ocr_line' id='line_1_65' title="bbox 1258 328 2307 383; baseline 0.01 -18"><span class='ocrx_word' id='word_1_447' title='bbox 1258 338 1358 376; x_wconf 82' lang='lat' dir='ltr'><strong>giam</strong></span> <span class='ocrx_word' id='word_1_448' title='bbox 1387 335 1570 383; x_wconf 81' lang='lat' dir='ltr'><strong>pertinere</strong></span> <span class='ocrx_word' id='word_1_449' title='bbox 1597 328 1643 365; x_wconf 85' lang='lat' dir='ltr'><em>ad</em></span> <span class='ocrx_word' id='word_1_450' title='bbox 1673 329 1796 368; x_wconf 86' lang='lat' dir='ltr'><strong>Deam</strong></span> <span class='ocrx_word' id='word_1_451' title='bbox 1815 359 1825 376; x_wconf 91' lang='lat'><strong>,</strong></span> <span class='ocrx_word' id='word_1_452' title='bbox 1864 333 2021 380; x_wconf 89' lang='lat' dir='ltr'><strong>pertinet</strong></span> <span class='ocrx_word' id='word_1_453' title='bbox 2050 332 2141 372; x_wconf 71' lang='lat' dir='ltr'><strong>vero</strong></span> <span class='ocrx_word' id='word_1_454' title='bbox 2165 348 2173 373; x_wconf 73' lang='grc' dir='ltr'>ι</span> <span class='ocrx_word' id='word_1_455' title='bbox 2211 338 2307 377; x_wconf 89' lang='lat' dir='ltr'><strong>infer</strong></span> 
     </span>
     <span class='ocr_line' id='line_1_66' title="bbox 1259 377 2307 437; baseline 0.011 -23"><span class='ocrx_word' id='word_1_456' title='bbox 1259 390 1349 428; x_wconf 88' lang='lat' dir='ltr'><strong>ergo</strong></span> <span class='ocrx_word' id='word_1_457' title='bbox 1371 389 1448 416; x_wconf 78' lang='lat' dir='ltr'><strong>vim</strong></span> <span class='ocrx_word' id='word_1_458' title='bbox 1472 377 1669 416; x_wconf 67' lang='lat' dir='ltr'><strong>strusturae</strong></span> <span class='ocrx_word' id='word_1_459' title='bbox 1689 381 1884 421; x_wconf 88' lang='lat' dir='ltr'><strong>verborum</strong></span> <span class='ocrx_word' id='word_1_460' title='bbox 1898 412 1907 428; x_wconf 93' lang='lat'><strong>,</strong></span> <span class='ocrx_word' id='word_1_461' title='bbox 1937 384 1976 421; x_wconf 67' lang='grc' dir='ltr'><strong>ὃ(</strong></span> <span class='ocrx_word' id='word_1_462' title='bbox 1997 385 2140 423; x_wconf 87' lang='lat' dir='ltr'><strong>versum</strong></span> <span class='ocrx_word' id='word_1_463' title='bbox 2159 386 2233 425; x_wconf 90' lang='lat' dir='ltr'><strong>hoc</strong></span> <span class='ocrx_word' id='word_1_464' title='bbox 2242 400 2307 437; x_wconf 81' lang='lat' dir='ltr'><strong>pa-</strong></span> 
     </span>
     <span class='ocr_line' id='line_1_67' title="bbox 1262 427 2305 485; baseline 0.01 -18"><span class='ocrx_word' id='word_1_465' title='bbox 1262 429 1323 468; x_wconf 71' lang='grc' dir='ltr'><strong>ἂο</strong></span> <span class='ocrx_word' id='word_1_466' title='bbox 1346 427 1498 467; x_wconf 84' lang='lat' dir='ltr'><strong>diffolve</strong></span> <span class='ocrx_word' id='word_1_467' title='bbox 1520 442 1528 466; x_wconf 76' lang='grc' dir='ltr'>ε</span> <span class='ocrx_word' id='word_1_468' title='bbox 1558 429 1716 468; x_wconf 89' lang='lat' dir='ltr'><strong>Colebat</strong></span> <span class='ocrx_word' id='word_1_469' title='bbox 1743 429 1863 470; x_wconf 84' lang='lat' dir='ltr'><strong>Deam</strong></span> <span class='ocrx_word' id='word_1_470' title='bbox 1895 435 2093 485; x_wconf 82' lang='lat' dir='ltr'><strong>Ortygiam</strong></span> <span class='ocrx_word' id='word_1_471' title='bbox 2115 437 2237 477; x_wconf 85' lang='lat' dir='ltr'><strong>studiis</strong></span> <span class='ocrx_word' id='word_1_472' title='bbox 2265 440 2305 478; x_wconf 89' lang='lat'>&amp;</span> 
     </span>
     <span class='ocr_line' id='line_1_68' title="bbox 1261 480 2308 530; baseline 0.01 -11"><span class='ocrx_word' id='word_1_473' title='bbox 1261 481 1334 529; x_wconf 87' lang='lat' dir='ltr'><strong>ipsa</strong></span> <span class='ocrx_word' id='word_1_474' title='bbox 1364 480 1586 530; x_wconf 87' lang='lat' dir='ltr'><strong>virginitate.</strong></span> <span class='ocrx_word' id='word_1_475' title='bbox 1631 481 1742 530; x_wconf 74' lang='lat' dir='ltr'><em>Ipsam</em></span> <span class='ocrx_word' id='word_1_476' title='bbox 1766 482 1826 518; x_wconf 83' lang='lat' dir='ltr'><strong>cui</strong></span> <span class='ocrx_word' id='word_1_477' title='bbox 1842 485 1894 520; x_wconf 87' lang='lat' dir='ltr'><strong>rei</strong></span> <span class='ocrx_word' id='word_1_478' title='bbox 1914 486 1963 527; x_wconf 86' lang='lat' dir='ltr'><strong>est</strong></span> <span class='ocrx_word' id='word_1_479' title='bbox 1984 485 1997 522; x_wconf 87' lang='lat'>?</span> <span class='ocrx_word' id='word_1_480' title='bbox 2026 500 2069 525; x_wconf 81' lang='lat' dir='ltr'><strong>an</strong></span> <span class='ocrx_word' id='word_1_481' title='bbox 2094 489 2226 527; x_wconf 83' lang='lat' dir='ltr'><strong>vitium</strong></span> <span class='ocrx_word' id='word_1_482' title='bbox 2250 491 2308 528; x_wconf 90' lang='lat' dir='ltr'><strong>vi-</strong></span> 
     </span>
     <span class='ocr_line' id='line_1_69' title="bbox 1263 531 2311 580; baseline 0.009 -10"><span class='ocrx_word' id='word_1_483' title='bbox 1263 532 1325 570; x_wconf 87' lang='lat' dir='ltr'><strong>des</strong></span> <span class='ocrx_word' id='word_1_484' title='bbox 1339 560 1350 577; x_wconf 93' lang='lat'>‚</span> <span class='ocrx_word' id='word_1_485' title='bbox 1378 531 1482 580; x_wconf 83' lang='lat' dir='ltr'><strong>quod</strong></span> <span class='ocrx_word' id='word_1_486' title='bbox 1511 531 1685 571; x_wconf 86' lang='lat' dir='ltr'><strong>omnibus</strong></span> <span class='ocrx_word' id='word_1_487' title='bbox 1705 531 1825 569; x_wconf 85' lang='lat' dir='ltr'><strong>adhuc</strong></span> <span class='ocrx_word' id='word_1_488' title='bbox 1842 532 1938 571; x_wconf 86' lang='lat' dir='ltr'><strong>libris</strong></span> <span class='ocrx_word' id='word_1_489' title='bbox 1955 537 2109 576; x_wconf 80' lang='lat' dir='ltr'><strong>inficiens</strong></span> <span class='ocrx_word' id='word_1_490' title='bbox 2129 541 2235 578; x_wconf 85' lang='lat' dir='ltr'><strong>unius</strong></span> <span class='ocrx_word' id='word_1_491' title='bbox 2254 543 2311 579; x_wconf 90' lang='lat' dir='ltr'><strong>vi-</strong></span> 
     </span>
     <span class='ocr_line' id='line_1_70' title="bbox 1261 583 2309 630; baseline 0.005 -9"><span class='ocrx_word' id='word_1_492' title='bbox 1261 584 1363 622; x_wconf 87' lang='lat' dir='ltr'><strong>litate</strong></span> <span class='ocrx_word' id='word_1_493' title='bbox 1389 584 1516 621; x_wconf 85' lang='lat' dir='ltr'><strong>literae</strong></span> <span class='ocrx_word' id='word_1_494' title='bbox 1544 592 1603 622; x_wconf 90' lang='lat' dir='ltr'><strong>tot</strong></span> <span class='ocrx_word' id='word_1_495' title='bbox 1634 583 1826 621; x_wconf 85' lang='lat' dir='ltr'><strong>censorum</strong></span> <span class='ocrx_word' id='word_1_496' title='bbox 1857 595 2014 624; x_wconf 86' lang='lat' dir='ltr'><strong>acumen</strong></span> <span class='ocrx_word' id='word_1_497' title='bbox 2044 589 2208 629; x_wconf 74' lang='lat' dir='ltr'><strong>fefellit?</strong></span> <span class='ocrx_word' id='word_1_498' title='bbox 2245 591 2309 630; x_wconf 82' lang='lat' dir='ltr'><strong>etfi</strong></span> 
     </span>
     <span class='ocr_line' id='line_1_71' title="bbox 1263 633 2310 692; baseline 0.009 -18"><span class='ocrx_word' id='word_1_499' title='bbox 1263 647 1327 674; x_wconf 88' lang='lat' dir='ltr'><strong>me</strong></span> <span class='ocrx_word' id='word_1_500' title='bbox 1356 634 1509 686; x_wconf 28' lang='lat' dir='ltr'><strong>quide-m</strong></span> <span class='ocrx_word' id='word_1_501' title='bbox 1542 647 1733 686; x_wconf 82' lang='lat' dir='ltr'><strong>nunquam</strong></span> <span class='ocrx_word' id='word_1_502' title='bbox 1756 633 1910 680; x_wconf 84' lang='lat' dir='ltr'><strong>fefellit,</strong></span> <span class='ocrx_word' id='word_1_503' title='bbox 1939 636 1978 672; x_wconf 88' lang='lat'>&amp;</span> <span class='ocrx_word' id='word_1_504' title='bbox 1998 639 2117 686; x_wconf 86' lang='lat' dir='ltr'><strong>primo</strong></span> <span class='ocrx_word' id='word_1_505' title='bbox 2140 641 2310 692; x_wconf 56' lang='lat' dir='ltr'><strong>:uffpedtu</strong></span> 
     </span>
     <span class='ocr_line' id='line_1_72' title="bbox 1263 685 1593 736; baseline -0.003 -11"><span class='ocrx_word' id='word_1_506' title='bbox 1263 686 1464 736; x_wconf 87' lang='lat' dir='ltr'><strong>legendum</strong></span> <span class='ocrx_word' id='word_1_507' title='bbox 1484 685 1563 725; x_wconf 89' lang='lat' dir='ltr'><strong>vidi</strong></span> <span class='ocrx_word' id='word_1_508' title='bbox 1585 699 1593 724; x_wconf 88' lang='lat'>:</span> 
     </span>
     <span class='ocr_line' id='line_1_73' title="bbox 1759 735 2046 788; baseline 0.014 -15"><span class='ocrx_word' id='word_1_509' title='bbox 1759 735 1897 788; x_wconf 82' lang='lat' dir='ltr'><strong>ipsaque</strong></span> <span class='ocrx_word' id='word_1_510' title='bbox 1917 736 2046 777; x_wconf 84' lang='lat' dir='ltr'><em>colebat</em></span> 
     </span>
     <span class='ocr_line' id='line_1_74' title="bbox 1316 789 1656 838; baseline -0.003 -11"><span class='ocrx_word' id='word_1_511' title='bbox 1316 789 1523 838; x_wconf 82' lang='lat' dir='ltr'><strong>Virginitate</strong></span> <span class='ocrx_word' id='word_1_512' title='bbox 1540 789 1656 827; x_wconf 84' lang='lat' dir='ltr'><em>deam.</em></span> 
     </span>
    </p>
   </div>
   <div class='ocr_carea' id='block_1_7' title="bbox 1264 840 2321 1301">
    <p class='ocr_par' dir='ltr' id='par_1_36' title="bbox 1264 840 2321 1301">
     <span class='ocr_line' id='line_1_75' title="bbox 1264 840 1680 888; baseline -0.002 -9"><span class='ocrx_word' id='word_1_513' title='bbox 1264 840 1356 880; x_wconf 84' lang='lat' dir='ltr'><strong>Ead.</strong></span> <span class='ocrx_word' id='word_1_514' title='bbox 1377 842 1460 879; x_wconf 85' lang='lat' dir='ltr'><strong>Fab.</strong></span> <span class='ocrx_word' id='word_1_515' title='bbox 1483 841 1571 879; x_wconf 83' lang='lat' dir='ltr'><strong>vers.</strong></span> <span class='ocrx_word' id='word_1_516' title='bbox 1597 852 1680 888; x_wconf 88' lang='lat'><em>711.</em></span> 
     </span>
     <span class='ocr_line' id='line_1_76' title="bbox 1316 890 2201 942; baseline 0.003 -12"><span class='ocrx_word' id='word_1_517' title='bbox 1316 899 1437 941; x_wconf 75' lang='lat' dir='ltr'><strong>Atque</strong></span> <span class='ocrx_word' id='word_1_518' title='bbox 1457 892 1511 929; x_wconf 86' lang='lat' dir='ltr'><strong>ita</strong></span> <span class='ocrx_word' id='word_1_519' title='bbox 1529 890 1721 940; x_wconf 80' lang='lat' dir='ltr'><strong>disparibus</strong></span> <span class='ocrx_word' id='word_1_520' title='bbox 1739 890 1883 929; x_wconf 83' lang='lat' dir='ltr'><em>calamis</em></span> <span class='ocrx_word' id='word_1_521' title='bbox 1900 891 2091 942; x_wconf 82' lang='lat' dir='ltr'><em>compagine</em></span> <span class='ocrx_word' id='word_1_522' title='bbox 2109 903 2201 934; x_wconf 84' lang='lat' dir='ltr'><strong>cerae</strong></span> 
     </span>
     <span class='ocr_line' id='line_1_77' title="bbox 1316 942 2072 994; baseline 0.004 -14"><span class='ocrx_word' id='word_1_523' title='bbox 1316 943 1606 994; x_wconf 68' lang='lat' dir='ltr'><strong>Intersejunffis</strong></span> <span class='ocrx_word' id='word_1_524' title='bbox 1626 956 1750 980; x_wconf 83' lang='lat' dir='ltr'><strong>nomen</strong></span> <span class='ocrx_word' id='word_1_525' title='bbox 1771 942 1909 992; x_wconf 82' lang='lat' dir='ltr'><strong>tenuisse</strong></span> <span class='ocrx_word' id='word_1_526' title='bbox 1928 943 2072 992; x_wconf 78' lang='lat' dir='ltr'><strong>puellae.</strong></span> 
     </span>
     <span class='ocr_line' id='line_1_78' title="bbox 1265 993 2310 1046; baseline 0.006 -13"><span class='ocrx_word' id='word_1_527' title='bbox 1265 995 1329 1033; x_wconf 84' lang='lat' dir='ltr'><strong>An</strong></span> <span class='ocrx_word' id='word_1_528' title='bbox 1347 995 1474 1032; x_wconf 81' lang='lat' dir='ltr'><strong>Deum</strong></span> <span class='ocrx_word' id='word_1_529' title='bbox 1504 993 1658 1033; x_wconf 86' lang='lat' dir='ltr'><strong>tenuiffe</strong></span> <span class='ocrx_word' id='word_1_530' title='bbox 1681 993 1696 1031; x_wconf 86' lang='lat'>?</span> <span class='ocrx_word' id='word_1_531' title='bbox 1725 994 1786 1032; x_wconf 87' lang='lat' dir='ltr'><strong>An</strong></span> <span class='ocrx_word' id='word_1_532' title='bbox 1811 995 1948 1044; x_wconf 80' lang='lat' dir='ltr'><strong>tenuiJJe</strong></span> <span class='ocrx_word' id='word_1_533' title='bbox 1965 995 2128 1034; x_wconf 76' lang='lat' dir='ltr'><strong>absolute</strong></span> <span class='ocrx_word' id='word_1_534' title='bbox 2150 997 2310 1046; x_wconf 82' lang='lat' dir='ltr'><strong>pofitum</strong></span> 
     </span>
     <span class='ocr_line' id='line_1_79' title="bbox 1266 1046 2318 1097; baseline 0.006 -14"><span class='ocrx_word' id='word_1_535' title='bbox 1266 1046 1315 1084; x_wconf 84' lang='lat' dir='ltr'><strong>est</strong></span> <span class='ocrx_word' id='word_1_536' title='bbox 1337 1074 1347 1089; x_wconf 95' lang='lat'><strong>‚</strong></span> <span class='ocrx_word' id='word_1_537' title='bbox 1385 1055 1425 1083; x_wconf 89' lang='lat' dir='ltr'><strong>ut</strong></span> <span class='ocrx_word' id='word_1_538' title='bbox 1457 1046 1556 1096; x_wconf 87' lang='lat' dir='ltr'><strong>apud</strong></span> <span class='ocrx_word' id='word_1_539' title='bbox 1586 1046 1889 1094; x_wconf 81' lang='lat' dir='ltr'><strong>Quintilianum,</strong></span> <span class='ocrx_word' id='word_1_540' title='bbox 1929 1047 2053 1084; x_wconf 81' lang='lat' dir='ltr'><strong>Tenuit</strong></span> <span class='ocrx_word' id='word_1_541' title='bbox 2080 1050 2282 1097; x_wconf 82' lang='lat' dir='ltr'><em>consuetudo</em></span> <span class='ocrx_word' id='word_1_542' title='bbox 2300 1061 2318 1090; x_wconf 63' lang='grc' dir='ltr'><strong>,ἓ</strong></span> 
     </span>
     <span class='ocr_line' id='line_1_80' title="bbox 1266 1097 2318 1147; baseline 0.005 -13"><span class='ocrx_word' id='word_1_543' title='bbox 1266 1097 1368 1135; x_wconf 87' lang='lat' dir='ltr'><strong>Mihi</strong></span> <span class='ocrx_word' id='word_1_544' title='bbox 1408 1108 1471 1146; x_wconf 88' lang='lat' dir='ltr'><strong>per</strong></span> <span class='ocrx_word' id='word_1_545' title='bbox 1510 1099 1638 1135; x_wconf 85' lang='lat' dir='ltr'><strong>omnia</strong></span> <span class='ocrx_word' id='word_1_546' title='bbox 1681 1098 1950 1147; x_wconf 78' lang='lat' dir='ltr'><strong>cogitationem</strong></span> <span class='ocrx_word' id='word_1_547' title='bbox 1981 1098 2136 1138; x_wconf 79' lang='lat' dir='ltr'><strong>versanti</strong></span> <span class='ocrx_word' id='word_1_548' title='bbox 2169 1113 2240 1139; x_wconf 89' lang='lat' dir='ltr'><strong>nec</strong></span> <span class='ocrx_word' id='word_1_549' title='bbox 2267 1111 2318 1139; x_wconf 75' lang='lat' dir='ltr'><strong>to·</strong></span> 
     </span>
     <span class='ocr_line' id='line_1_81' title="bbox 1267 1148 2318 1202; baseline 0.004 -17"><span class='ocrx_word' id='word_1_550' title='bbox 1267 1149 1395 1197; x_wconf 80' lang='lat' dir='ltr'><strong>nuiſje,</strong></span> <span class='ocrx_word' id='word_1_551' title='bbox 1422 1160 1517 1194; x_wconf 83' lang='lat' dir='ltr'><strong>nec,</strong></span> <span class='ocrx_word' id='word_1_552' title='bbox 1545 1148 1648 1198; x_wconf 90' lang='lat' dir='ltr'><strong>quod</strong></span> <span class='ocrx_word' id='word_1_553' title='bbox 1674 1149 1825 1199; x_wconf 86' lang='lat' dir='ltr'><strong>quidam</strong></span> <span class='ocrx_word' id='word_1_554' title='bbox 1860 1149 1996 1187; x_wconf 83' lang='lat' dir='ltr'><strong>habent</strong></span> <span class='ocrx_word' id='word_1_555' title='bbox 2021 1149 2127 1195; x_wconf 80' lang='lat' dir='ltr'><strong>libri,</strong></span> <span class='ocrx_word' id='word_1_556' title='bbox 2164 1152 2318 1202; x_wconf 77' lang='lat' dir='ltr'><em>manfiffae</em></span> 
     </span>
     <span class='ocr_line' id='line_1_82' title="bbox 1266 1199 2321 1252; baseline 0.005 -15"><span class='ocrx_word' id='word_1_557' title='bbox 1266 1199 1420 1245; x_wconf 81' lang='lat' dir='ltr'><strong>arridet,</strong></span> <span class='ocrx_word' id='word_1_558' title='bbox 1449 1200 1486 1237; x_wconf 68' lang='grc' dir='ltr'><strong>ὃ(</strong></span> <span class='ocrx_word' id='word_1_559' title='bbox 1501 1228 1513 1245; x_wconf 91' lang='grc'><strong>,</strong></span> <span class='ocrx_word' id='word_1_560' title='bbox 1540 1199 1687 1250; x_wconf 76' lang='lat' dir='ltr'><strong>venisse,</strong></span> <span class='ocrx_word' id='word_1_561' title='bbox 1714 1200 1818 1251; x_wconf 88' lang='lat' dir='ltr'><strong>quod</strong></span> <span class='ocrx_word' id='word_1_562' title='bbox 1841 1199 2072 1240; x_wconf 81' lang='lat' dir='ltr'><strong>Ovidianum</strong></span> <span class='ocrx_word' id='word_1_563' title='bbox 2087 1209 2203 1251; x_wconf 86' lang='lat' dir='ltr'><strong>puto,</strong></span> <span class='ocrx_word' id='word_1_564' title='bbox 2231 1204 2321 1252; x_wconf 48' lang='lat' dir='ltr'><strong>utri&lt;</strong></span> 
     </span>
     <span class='ocr_line' id='line_1_83' title="bbox 1266 1259 1569 1301; baseline -0.003 -10"><span class='ocrx_word' id='word_1_565' title='bbox 1266 1263 1341 1300; x_wconf 83' lang='lat' dir='ltr'><strong>que</strong></span> <span class='ocrx_word' id='word_1_566' title='bbox 1363 1259 1569 1301; x_wconf 87' lang='lat' dir='ltr'><strong>antepono.</strong></span> 
     </span>
    </p>
   </div>
   <div class='ocr_carea' id='block_1_8' title="bbox 1529 1354 2047 1393">
    <p class='ocr_par' dir='ltr' id='par_1_37' title="bbox 1529 1354 2047 1393">
     <span class='ocr_line' id='line_1_84' title="bbox 1529 1354 2047 1393; baseline 0 -1"><span class='ocrx_word' id='word_1_567' title='bbox 1529 1354 2047 1393; x_wconf 78' lang='lat' dir='ltr'><strong>LIBROII.</strong></span> 
     </span>
    </p>
   </div>
   <div class='ocr_carea' id='block_1_9' title="bbox 1246 1430 1652 1507">
    <p class='ocr_par' dir='ltr' id='par_1_38' title="bbox 1246 1430 1652 1507">
     <span class='ocr_line' id='line_1_85' title="bbox 1246 1430 1652 1507; baseline -0.007 -10"><span class='ocrx_word' id='word_1_568' title='bbox 1246 1430 1355 1497; x_wconf 69' lang='lat' dir='ltr'><strong>¹Fab.</strong></span> <span class='ocrx_word' id='word_1_569' title='bbox 1376 1471 1432 1496; x_wconf 68' lang='lat' dir='ltr'><strong>vx.</strong></span> <span class='ocrx_word' id='word_1_570' title='bbox 1456 1456 1547 1495; x_wconf 80' lang='lat' dir='ltr'><strong>vers.</strong></span> <span class='ocrx_word' id='word_1_571' title='bbox 1567 1456 1652 1507; x_wconf 76' lang='lat'><strong>385.</strong></span> 
     </span>
    </p>
   </div>
   <div class='ocr_carea' id='block_1_10' title="bbox 1271 1507 2365 2935">
    <p class='ocr_par' dir='ltr' id='par_1_39' title="bbox 1271 1507 2273 1651">
     <span class='ocr_line' id='line_1_86' title="bbox 1320 1507 2217 1559; baseline -0.002 -13"><span class='ocrx_word' id='word_1_572' title='bbox 1320 1509 1547 1559; x_wconf 84' lang='lat' dir='ltr'><strong>officiumque</strong></span> <span class='ocrx_word' id='word_1_573' title='bbox 1567 1517 1667 1557; x_wconf 83' lang='lat' dir='ltr'><em>negat</em></span> <span class='ocrx_word' id='word_1_574' title='bbox 1685 1509 1826 1546; x_wconf 83' lang='lat' dir='ltr'><em>mundo.</em></span> <span class='ocrx_word' id='word_1_575' title='bbox 1841 1507 1933 1557; x_wconf 87' lang='lat' dir='ltr'><strong>satis</strong></span> <span class='ocrx_word' id='word_1_576' title='bbox 1946 1535 1956 1553; x_wconf 94' lang='lat'>‚</span> <span class='ocrx_word' id='word_1_577' title='bbox 1981 1507 2099 1558; x_wconf 83' lang='lat' dir='ltr'><strong>inquit</strong></span> <span class='ocrx_word' id='word_1_578' title='bbox 2113 1535 2123 1553; x_wconf 92' lang='lat'><em>‚</em></span> <span class='ocrx_word' id='word_1_579' title='bbox 2145 1510 2217 1548; x_wconf 65' lang='grc' dir='ltr'><strong>(π.</strong></span> 
     </span>
     <span class='ocr_line' id='line_1_87' title="bbox 1272 1559 2273 1611; baseline -0.002 -11"><span class='ocrx_word' id='word_1_580' title='bbox 1272 1562 1396 1611; x_wconf 87' lang='lat' dir='ltr'><strong>Leg0‚</strong></span> <span class='ocrx_word' id='word_1_581' title='bbox 1413 1560 1639 1610; x_wconf 81' lang='lat' dir='ltr'><strong>officiumque</strong></span> <span class='ocrx_word' id='word_1_582' title='bbox 1649 1573 1774 1608; x_wconf 81' lang='lat' dir='ltr'><em>negans</em></span> <span class='ocrx_word' id='word_1_583' title='bbox 1785 1559 1930 1604; x_wconf 85' lang='lat' dir='ltr'><em>mundo,</em></span> <span class='ocrx_word' id='word_1_584' title='bbox 1943 1560 2043 1606; x_wconf 81' lang='lat' dir='ltr'><strong>satis,</strong></span> <span class='ocrx_word' id='word_1_585' title='bbox 2055 1559 2188 1610; x_wconf 82' lang='lat' dir='ltr'><strong>inquit,</strong></span> <span class='ocrx_word' id='word_1_586' title='bbox 2199 1569 2273 1600; x_wconf 60' lang='grc' dir='ltr'><strong>(φτ.</strong></span> 
     </span>
     <span class='ocr_line' id='line_1_88' title="bbox 1271 1609 1940 1651; baseline -0.004 0"><span class='ocrx_word' id='word_1_587' title='bbox 1271 1613 1330 1651; x_wconf 88' lang='lat' dir='ltr'><strong>Sic</strong></span> <span class='ocrx_word' id='word_1_588' title='bbox 1352 1613 1436 1650; x_wconf 87' lang='lat' dir='ltr'><strong>Lib.</strong></span> <span class='ocrx_word' id='word_1_589' title='bbox 1456 1612 1527 1650; x_wconf 87' lang='grc' dir='ltr'><strong>ΠΙ.</strong></span> <span class='ocrx_word' id='word_1_590' title='bbox 1556 1609 1715 1649; x_wconf 76' lang='lat' dir='ltr'><strong>Fab.v1.</strong></span> <span class='ocrx_word' id='word_1_591' title='bbox 1743 1610 1830 1649; x_wconf 88' lang='lat' dir='ltr'><strong>vers.</strong></span> <span class='ocrx_word' id='word_1_592' title='bbox 1854 1612 1940 1648; x_wconf 79' lang='lat'><strong>262.</strong></span> 
     </span>
    </p>

    <p class='ocr_par' dir='ltr' id='par_1_40' title="bbox 1530 1661 2132 1711">
     <span class='ocr_line' id='line_1_89' title="bbox 1530 1661 2132 1711; baseline 0.002 -12"><span class='ocrx_word' id='word_1_593' title='bbox 1530 1667 1620 1699; x_wconf 82' lang='lat' dir='ltr'><em>Tum</em></span> <span class='ocrx_word' id='word_1_594' title='bbox 1638 1661 1796 1711; x_wconf 83' lang='lat' dir='ltr'><em>linguam</em></span> <span class='ocrx_word' id='word_1_595' title='bbox 1814 1663 1867 1698; x_wconf 84' lang='lat' dir='ltr'><strong>ad</strong></span> <span class='ocrx_word' id='word_1_596' title='bbox 1877 1661 1996 1710; x_wconf 78' lang='lat' dir='ltr'><strong>jurgia</strong></span> <span class='ocrx_word' id='word_1_597' title='bbox 2007 1662 2132 1710; x_wconf 73' lang='lat' dir='ltr'><strong>fhlvit.</strong></span> 
     </span>
    </p>

    <p class='ocr_par' dir='ltr' id='par_1_41' title="bbox 1323 1712 2164 1764">
     <span class='ocr_line' id='line_1_90' title="bbox 1323 1712 2164 1764; baseline 0.001 -12"><span class='ocrx_word' id='word_1_598' title='bbox 1323 1715 1454 1762; x_wconf 87' lang='lat' dir='ltr'><strong>Proseci</strong></span> <span class='ocrx_word' id='word_1_599' title='bbox 1475 1713 1562 1764; x_wconf 85' lang='lat' dir='ltr'><strong>quid</strong></span> <span class='ocrx_word' id='word_1_600' title='bbox 1582 1712 1676 1750; x_wconf 81' lang='lat' dir='ltr'><strong>enim</strong></span> <span class='ocrx_word' id='word_1_601' title='bbox 1698 1714 1795 1750; x_wconf 83' lang='lat' dir='ltr'><strong>toties</strong></span> <span class='ocrx_word' id='word_1_602' title='bbox 1809 1722 1867 1762; x_wconf 84' lang='lat' dir='ltr'><strong>per</strong></span> <span class='ocrx_word' id='word_1_603' title='bbox 1882 1713 1999 1761; x_wconf 86' lang='lat' dir='ltr'><strong>jurgia</strong></span> <span class='ocrx_word' id='word_1_604' title='bbox 2016 1723 2031 1752; x_wconf 77' lang='lat'><strong>,³</strong></span> <span class='ocrx_word' id='word_1_605' title='bbox 2058 1714 2164 1753; x_wconf 83' lang='lat' dir='ltr'><strong>dixit.</strong></span> 
     </span>
    </p>

    <p class='ocr_par' dir='ltr' id='par_1_42' title="bbox 1272 1764 2326 1864">
     <span class='ocr_line' id='line_1_91' title="bbox 1272 1764 2326 1816; baseline 0.004 -12"><span class='ocrx_word' id='word_1_606' title='bbox 1272 1767 1394 1816; x_wconf 87' lang='lat' dir='ltr'><strong>Lego.</strong></span> <span class='ocrx_word' id='word_1_607' title='bbox 1403 1766 1559 1815; x_wconf 85' lang='lat' dir='ltr'><strong>solvens,</strong></span> <span class='ocrx_word' id='word_1_608' title='bbox 1570 1764 1674 1815; x_wconf 86' lang='lat' dir='ltr'><strong>qnod</strong></span> <span class='ocrx_word' id='word_1_609' title='bbox 1686 1776 1730 1803; x_wconf 85' lang='lat' dir='ltr'><strong>ex</strong></span> <span class='ocrx_word' id='word_1_610' title='bbox 1743 1764 1852 1804; x_wconf 84' lang='lat' dir='ltr'><strong>Mser.</strong></span> <span class='ocrx_word' id='word_1_611' title='bbox 1865 1765 2060 1803; x_wconf 82' lang='lat' dir='ltr'><strong>annotavit</strong></span> <span class='ocrx_word' id='word_1_612' title='bbox 2072 1764 2326 1807; x_wconf 80' lang='lat' dir='ltr'><strong>Bersmannus.</strong></span> 
     </span>
     <span class='ocr_line' id='line_1_92' title="bbox 1276 1817 1645 1864; baseline -0.005 -9"><span class='ocrx_word' id='word_1_613' title='bbox 1276 1817 1363 1855; x_wconf 79' lang='lat' dir='ltr'><strong>Fab.</strong></span> <span class='ocrx_word' id='word_1_614' title='bbox 1383 1830 1418 1855; x_wconf 89' lang='lat' dir='ltr'><strong>x.</strong></span> <span class='ocrx_word' id='word_1_615' title='bbox 1446 1817 1536 1855; x_wconf 90' lang='lat' dir='ltr'><strong>vers.</strong></span> <span class='ocrx_word' id='word_1_616' title='bbox 1560 1829 1645 1864; x_wconf 81' lang='grc' dir='ltr'><strong><em>ςςς.</em></strong></span> 
     </span>
    </p>

    <p class='ocr_par' dir='ltr' id='par_1_43' title="bbox 1328 1866 2213 1918">
     <span class='ocr_line' id='line_1_93' title="bbox 1328 1866 2213 1918; baseline 0.001 -12"><span class='ocrx_word' id='word_1_617' title='bbox 1328 1867 1591 1918; x_wconf 85' lang='lat' dir='ltr'><strong>Virginibusque</strong></span> <span class='ocrx_word' id='word_1_618' title='bbox 1614 1866 1725 1904; x_wconf 80' lang='lat' dir='ltr'><strong>tribus</strong></span> <span class='ocrx_word' id='word_1_619' title='bbox 1743 1866 1878 1916; x_wconf 75' lang='lat' dir='ltr'><strong>gemino</strong></span> <span class='ocrx_word' id='word_1_620' title='bbox 1897 1867 1937 1904; x_wconf 85' lang='lat' dir='ltr'><strong>de</strong></span> <span class='ocrx_word' id='word_1_621' title='bbox 1960 1873 2098 1915; x_wconf 84' lang='lat' dir='ltr'><em>Cecrope</em></span> <span class='ocrx_word' id='word_1_622' title='bbox 2119 1869 2213 1907; x_wconf 79' lang='lat' dir='ltr'><strong>natis</strong></span> 
     </span>
    </p>

    <p class='ocr_par' dir='ltr' id='par_1_44' title="bbox 1328 1918 2329 1969">
     <span class='ocr_line' id='line_1_94' title="bbox 1328 1918 2329 1969; baseline 0.001 -12"><span class='ocrx_word' id='word_1_623' title='bbox 1328 1920 1553 1957; x_wconf 81' lang='lat' dir='ltr'><em>servandum</em></span> <span class='ocrx_word' id='word_1_624' title='bbox 1570 1918 1712 1956; x_wconf 83' lang='lat' dir='ltr'><em>dederat</em></span> <span class='ocrx_word' id='word_1_625' title='bbox 1727 1946 1738 1963; x_wconf 92' lang='lat'><strong>,</strong></span> <span class='ocrx_word' id='word_1_626' title='bbox 1755 1918 1817 1967; x_wconf 79' lang='lat' dir='ltr'><strong>sed</strong></span> <span class='ocrx_word' id='word_1_627' title='bbox 1828 1919 1920 1955; x_wconf 79' lang='lat' dir='ltr'><strong>enim</strong></span> <span class='ocrx_word' id='word_1_628' title='bbox 1932 1918 2112 1964; x_wconf 76' lang='lat' dir='ltr'><em>inconfiffa</em></span> <span class='ocrx_word' id='word_1_629' title='bbox 2127 1921 2212 1969; x_wconf 81' lang='lat' dir='ltr'><strong>quid</strong></span> <span class='ocrx_word' id='word_1_630' title='bbox 2232 1920 2305 1969; x_wconf 81' lang='lat' dir='ltr'><em>cffet</em></span> <span class='ocrx_word' id='word_1_631' title='bbox 2319 1936 2329 1964; x_wconf 88' lang='grc'>;</span> 
     </span>
    </p>

    <p class='ocr_par' dir='ltr' id='par_1_45' title="bbox 1330 1967 2169 2020">
     <span class='ocr_line' id='line_1_95' title="bbox 1330 1967 2169 2020; baseline 0 -13"><span class='ocrx_word' id='word_1_632' title='bbox 1330 1976 1376 2008; x_wconf 84' lang='lat' dir='ltr'><strong>Et</strong></span> <span class='ocrx_word' id='word_1_633' title='bbox 1396 1971 1500 2020; x_wconf 88' lang='lat' dir='ltr'><strong>legem</strong></span> <span class='ocrx_word' id='word_1_634' title='bbox 1523 1969 1665 2008; x_wconf 87' lang='lat' dir='ltr'><em>dederat</em></span> <span class='ocrx_word' id='word_1_635' title='bbox 1679 1997 1689 2014; x_wconf 79' lang='lat'><strong>,</strong></span> <span class='ocrx_word' id='word_1_636' title='bbox 1708 1970 1778 2018; x_wconf 86' lang='lat' dir='ltr'><strong>sua</strong></span> <span class='ocrx_word' id='word_1_637' title='bbox 1799 1982 1839 2006; x_wconf 84' lang='lat' dir='ltr'><strong>ne</strong></span> <span class='ocrx_word' id='word_1_638' title='bbox 1848 1969 1980 2018; x_wconf 75' lang='lat' dir='ltr'><em>secreta</em></span> <span class='ocrx_word' id='word_1_639' title='bbox 1997 1967 2169 2007; x_wconf 78' lang='lat' dir='ltr'><strong>viderent.</strong></span> 
     </span>
    </p>

    <p class='ocr_par' dir='ltr' id='par_1_46' title="bbox 1276 2019 2365 2935">
     <span class='ocr_line' id='line_1_96' title="bbox 1278 2019 2332 2071; baseline -0.002 -10"><span class='ocrx_word' id='word_1_640' title='bbox 1278 2022 1403 2061; x_wconf 80' lang='lat' dir='ltr'><strong>Multa</strong></span> <span class='ocrx_word' id='word_1_641' title='bbox 1432 2024 1470 2060; x_wconf 90' lang='lat' dir='ltr'><strong>in</strong></span> <span class='ocrx_word' id='word_1_642' title='bbox 1498 2023 1553 2060; x_wconf 84' lang='lat' dir='ltr'><strong>his</strong></span> <span class='ocrx_word' id='word_1_643' title='bbox 1578 2020 1738 2068; x_wconf 63' lang='lat' dir='ltr'><strong>suspecta</strong></span> <span class='ocrx_word' id='word_1_644' title='bbox 1766 2020 1859 2057; x_wconf 89' lang='lat' dir='ltr'><strong>sunt.</strong></span> <span class='ocrx_word' id='word_1_645' title='bbox 1913 2019 2076 2056; x_wconf 74' lang='lat' dir='ltr'><strong>Primum</strong></span> <span class='ocrx_word' id='word_1_646' title='bbox 2108 2019 2134 2057; x_wconf 92' lang='lat' dir='ltr'><strong>fi</strong></span> <span class='ocrx_word' id='word_1_647' title='bbox 2169 2021 2332 2071; x_wconf 87' lang='lat' dir='ltr'><strong>Cecrops</strong></span> 
     </span>
     <span class='ocr_line' id='line_1_97' title="bbox 1279 2070 2329 2123; baseline 0 -12"><span class='ocrx_word' id='word_1_648' title='bbox 1279 2074 1449 2123; x_wconf 85' lang='lat' dir='ltr'><strong>geminus</strong></span> <span class='ocrx_word' id='word_1_649' title='bbox 1479 2074 1573 2116; x_wconf 87' lang='lat' dir='ltr'><strong>fuit,</strong></span> <span class='ocrx_word' id='word_1_650' title='bbox 1608 2079 1649 2108; x_wconf 92' lang='lat' dir='ltr'><strong>ut</strong></span> <span class='ocrx_word' id='word_1_651' title='bbox 1677 2071 1904 2107; x_wconf 83' lang='lat' dir='ltr'><strong>Horatianus</strong></span> <span class='ocrx_word' id='word_1_652' title='bbox 1929 2070 2085 2115; x_wconf 77' lang='lat' dir='ltr'><strong>Pollux,</strong></span> <span class='ocrx_word' id='word_1_653' title='bbox 2125 2083 2188 2110; x_wconf 89' lang='lat' dir='ltr'><strong>cur</strong></span> <span class='ocrx_word' id='word_1_654' title='bbox 2219 2073 2329 2111; x_wconf 81' lang='lat' dir='ltr'><strong>frater</strong></span> 
     </span>
     <span class='ocr_line' id='line_1_98' title="bbox 1281 2120 2332 2172; baseline 0.001 -11"><span class='ocrx_word' id='word_1_655' title='bbox 1281 2125 1359 2172; x_wconf 86' lang='lat' dir='ltr'><strong>ejus</strong></span> <span class='ocrx_word' id='word_1_656' title='bbox 1384 2121 1480 2160; x_wconf 79' lang='lat' dir='ltr'><strong>adeo</strong></span> <span class='ocrx_word' id='word_1_657' title='bbox 1512 2124 1550 2160; x_wconf 90' lang='lat' dir='ltr'><strong>in</strong></span> <span class='ocrx_word' id='word_1_658' title='bbox 1582 2121 1737 2159; x_wconf 89' lang='lat' dir='ltr'><strong>obscuro</strong></span> <span class='ocrx_word' id='word_1_659' title='bbox 1756 2120 1866 2163; x_wconf 86' lang='lat' dir='ltr'><strong>latet,</strong></span> <span class='ocrx_word' id='word_1_660' title='bbox 1895 2128 1934 2157; x_wconf 90' lang='lat' dir='ltr'><strong>ut</strong></span> <span class='ocrx_word' id='word_1_661' title='bbox 1956 2132 2025 2158; x_wconf 85' lang='lat' dir='ltr'><strong>nec</strong></span> <span class='ocrx_word' id='word_1_662' title='bbox 2043 2122 2200 2160; x_wconf 88' lang='lat' dir='ltr'><strong>nomine</strong></span> <span class='ocrx_word' id='word_1_663' title='bbox 2221 2132 2332 2162; x_wconf 88' lang='lat' dir='ltr'><strong>notus</strong></span> 
     </span>
     <span class='ocr_line' id='line_1_99' title="bbox 1279 2170 2330 2221; baseline 0.002 -11"><span class='ocrx_word' id='word_1_664' title='bbox 1279 2175 1322 2211; x_wconf 88' lang='lat' dir='ltr'><strong>fit</strong></span> <span class='ocrx_word' id='word_1_665' title='bbox 1344 2172 1359 2210; x_wconf 85' lang='lat'>?</span> <span class='ocrx_word' id='word_1_666' title='bbox 1389 2174 1436 2210; x_wconf 90' lang='lat' dir='ltr'><strong>Et</strong></span> <span class='ocrx_word' id='word_1_667' title='bbox 1453 2174 1534 2221; x_wconf 89' lang='lat' dir='ltr'><strong>quis</strong></span> <span class='ocrx_word' id='word_1_668' title='bbox 1553 2170 1816 2209; x_wconf 80' lang='lat' dir='ltr'><strong>lucidissimum</strong></span> <span class='ocrx_word' id='word_1_669' title='bbox 1839 2170 1995 2209; x_wconf 80' lang='lat' dir='ltr'><strong>Po&#39;e&#39;tam</strong></span> <span class='ocrx_word' id='word_1_670' title='bbox 2020 2174 2180 2210; x_wconf 84' lang='lat' dir='ltr'><strong>mutavit</strong></span> <span class='ocrx_word' id='word_1_671' title='bbox 2200 2173 2305 2212; x_wconf 87' lang='lat' dir='ltr'><strong>Deus</strong></span> <span class='ocrx_word' id='word_1_672' title='bbox 2319 2202 2330 2220; x_wconf 89' lang='lat'>‚</span> 
     </span>
     <span class='ocr_line' id='line_1_100' title="bbox 1279 2221 2334 2274; baseline 0.002 -13"><span class='ocrx_word' id='word_1_673' title='bbox 1279 2232 1321 2262; x_wconf 89' lang='lat' dir='ltr'><strong>ut</strong></span> <span class='ocrx_word' id='word_1_674' title='bbox 1343 2235 1388 2261; x_wconf 89' lang='lat' dir='ltr'><strong>ex</strong></span> <span class='ocrx_word' id='word_1_675' title='bbox 1408 2224 1560 2272; x_wconf 83' lang='lat' dir='ltr'><strong>ignotae</strong></span> <span class='ocrx_word' id='word_1_676' title='bbox 1579 2221 1803 2268; x_wconf 80' lang='lat' dir='ltr'><strong>antiquitatis</strong></span> <span class='ocrx_word' id='word_1_677' title='bbox 1824 2221 2103 2267; x_wconf 69' lang='lat' dir='ltr'><strong>profundissima</strong></span> <span class='ocrx_word' id='word_1_678' title='bbox 2121 2224 2233 2262; x_wconf 66' lang='lat' dir='ltr'><strong>nocte</strong></span> <span class='ocrx_word' id='word_1_679' title='bbox 2244 2225 2334 2274; x_wconf 85' lang='lat' dir='ltr'><strong>Epi-</strong></span> 
     </span>
     <span class='ocr_line' id='line_1_101' title="bbox 1278 2271 2335 2322; baseline -0.001 -9"><span class='ocrx_word' id='word_1_680' title='bbox 1278 2275 1412 2313; x_wconf 84' lang='lat' dir='ltr'><strong>theton</strong></span> <span class='ocrx_word' id='word_1_681' title='bbox 1433 2273 1544 2312; x_wconf 86' lang='lat' dir='ltr'><strong>vellet</strong></span> <span class='ocrx_word' id='word_1_682' title='bbox 1565 2271 1740 2310; x_wconf 76' lang='lat' dir='ltr'><strong>arcessere</strong></span> <span class='ocrx_word' id='word_1_683' title='bbox 1759 2273 1774 2308; x_wconf 90' lang='lat'>?</span> <span class='ocrx_word' id='word_1_684' title='bbox 1803 2272 1952 2310; x_wconf 87' lang='lat' dir='ltr'><strong>Deinde</strong></span> <span class='ocrx_word' id='word_1_685' title='bbox 1966 2301 1976 2318; x_wconf 93' lang='lat'><strong>,</strong></span> <span class='ocrx_word' id='word_1_686' title='bbox 1990 2273 2154 2321; x_wconf 75' lang='lat' dir='ltr'><strong>fide-aim</strong></span> <span class='ocrx_word' id='word_1_687' title='bbox 2168 2274 2335 2322; x_wconf 68' lang='lat' dir='ltr'><strong>inconfhfi</strong></span> 
     </span>
     <span class='ocr_line' id='line_1_102' title="bbox 1276 2323 2335 2375; baseline 0 -11"><span class='ocrx_word' id='word_1_688' title='bbox 1276 2332 1342 2375; x_wconf 79' lang='lat' dir='ltr'><strong>sa,</strong></span> <span class='ocrx_word' id='word_1_689' title='bbox 1373 2337 1489 2374; x_wconf 88' lang='lat' dir='ltr'><strong>usque</strong></span> <span class='ocrx_word' id='word_1_690' title='bbox 1509 2336 1557 2362; x_wconf 92' lang='lat' dir='ltr'><strong>eo</strong></span> <span class='ocrx_word' id='word_1_691' title='bbox 1579 2323 1722 2361; x_wconf 88' lang='lat' dir='ltr'><strong>versum</strong></span> <span class='ocrx_word' id='word_1_692' title='bbox 1748 2325 1988 2372; x_wconf 85' lang='lat' dir='ltr'><strong>pronuntiatu</strong></span> <span class='ocrx_word' id='word_1_693' title='bbox 2006 2324 2149 2363; x_wconf 87' lang='lat' dir='ltr'><strong>lentum</strong></span> <span class='ocrx_word' id='word_1_694' title='bbox 2174 2338 2216 2363; x_wconf 92' lang='lat' dir='ltr'><strong>ac</strong></span> <span class='ocrx_word' id='word_1_695' title='bbox 2240 2326 2335 2364; x_wconf 77' lang='lat' dir='ltr'><strong>diffi-</strong></span> 
     </span>
     <span class='ocr_line' id='line_1_103' title="bbox 1285 2374 2339 2423; baseline 0.001 -9"><span class='ocrx_word' id='word_1_696' title='bbox 1285 2378 1393 2414; x_wconf 86' lang='lat' dir='ltr'><strong>cilem</strong></span> <span class='ocrx_word' id='word_1_697' title='bbox 1421 2377 1533 2420; x_wconf 89' lang='lat' dir='ltr'><strong>facit,</strong></span> <span class='ocrx_word' id='word_1_698' title='bbox 1569 2382 1631 2419; x_wconf 90' lang='lat' dir='ltr'><strong>ut,</strong></span> <span class='ocrx_word' id='word_1_699' title='bbox 1659 2374 1981 2423; x_wconf 84' lang='lat' dir='ltr'><strong>quemadmodum</strong></span> <span class='ocrx_word' id='word_1_700' title='bbox 2014 2375 2152 2413; x_wconf 85' lang='lat' dir='ltr'><strong>Seneca</strong></span> <span class='ocrx_word' id='word_1_701' title='bbox 2174 2377 2339 2415; x_wconf 73' lang='lat' dir='ltr'><strong>Philoso-</strong></span> 
     </span>
     <span class='ocr_line' id='line_1_104' title="bbox 1282 2424 2339 2476; baseline 0.003 -13"><span class='ocrx_word' id='word_1_702' title='bbox 1282 2428 1374 2476; x_wconf 80' lang='lat' dir='ltr'><strong>phus</strong></span> <span class='ocrx_word' id='word_1_703' title='bbox 1395 2427 1583 2475; x_wconf 89' lang='lat' dir='ltr'><strong>loquitur,</strong></span> <span class='ocrx_word' id='word_1_704' title='bbox 1611 2424 1750 2473; x_wconf 79' lang='lat' dir='ltr'><strong>aliquid</strong></span> <span class='ocrx_word' id='word_1_705' title='bbox 1770 2425 1871 2473; x_wconf 84' lang='lat' dir='ltr'><strong>supra</strong></span> <span class='ocrx_word' id='word_1_706' title='bbox 1892 2426 2098 2464; x_wconf 83' lang='lat' dir='ltr'><strong>mensuram</strong></span> <span class='ocrx_word' id='word_1_707' title='bbox 2119 2427 2262 2465; x_wconf 85' lang='lat' dir='ltr'><strong>trahere</strong></span> <span class='ocrx_word' id='word_1_708' title='bbox 2282 2429 2339 2466; x_wconf 90' lang='lat' dir='ltr'><strong>vi-</strong></span> 
     </span>
     <span class='ocr_line' id='line_1_105' title="bbox 1282 2475 2337 2526; baseline 0.001 -10"><span class='ocrx_word' id='word_1_709' title='bbox 1282 2480 1421 2516; x_wconf 84' lang='lat' dir='ltr'><strong>deatur.</strong></span> <span class='ocrx_word' id='word_1_710' title='bbox 1449 2476 1638 2516; x_wconf 78' lang='lat' dir='ltr'><strong>Postremo</strong></span> <span class='ocrx_word' id='word_1_711' title='bbox 1662 2475 1818 2520; x_wconf 79' lang='lat' dir='ltr'><strong>dederat,</strong></span> <span class='ocrx_word' id='word_1_712' title='bbox 1840 2476 1891 2513; x_wconf 78' lang='lat' dir='ltr'><strong>bis</strong></span> <span class='ocrx_word' id='word_1_713' title='bbox 1913 2476 2090 2524; x_wconf 86' lang='lat' dir='ltr'><strong>pofitum,</strong></span> <span class='ocrx_word' id='word_1_714' title='bbox 2114 2479 2337 2526; x_wconf 89' lang='lat' dir='ltr'><strong>repetitione</strong></span> 
     </span>
     <span class='ocr_line' id='line_1_106' title="bbox 1283 2527 2365 2579; baseline 0.001 -12"><span class='ocrx_word' id='word_1_715' title='bbox 1283 2530 1468 2579; x_wconf 85' lang='lat' dir='ltr'><strong>ingratum</strong></span> <span class='ocrx_word' id='word_1_716' title='bbox 1488 2529 1549 2566; x_wconf 89' lang='lat' dir='ltr'><strong>est.</strong></span> <span class='ocrx_word' id='word_1_717' title='bbox 1602 2527 1860 2576; x_wconf 82' lang='lat' dir='ltr'><strong>Quamobrem</strong></span> <span class='ocrx_word' id='word_1_718' title='bbox 1882 2540 1960 2565; x_wconf 89' lang='lat' dir='ltr'><strong>non</strong></span> <span class='ocrx_word' id='word_1_719' title='bbox 1983 2529 2139 2566; x_wconf 85' lang='lat' dir='ltr'><strong>verebor</strong></span> <span class='ocrx_word' id='word_1_720' title='bbox 2161 2529 2339 2568; x_wconf 82' lang='lat' dir='ltr'><strong>emenda·</strong></span> <span class='ocrx_word' id='word_1_721' title='bbox 2357 2568 2365 2575; x_wconf 76' lang='lat'><strong>,</strong></span> 
     </span>
     <span class='ocr_line' id='line_1_107' title="bbox 1284 2579 2338 2630; baseline -0.004 -11"><span class='ocrx_word' id='word_1_722' title='bbox 1284 2593 1344 2626; x_wconf 85' lang='lat' dir='ltr'><strong>re,</strong></span> <span class='ocrx_word' id='word_1_723' title='bbox 1373 2579 1558 2630; x_wconf 65' lang='lat' dir='ltr'><strong>primum,</strong></span> <span class='ocrx_word' id='word_1_724' title='bbox 1583 2580 1733 2627; x_wconf 75' lang='lat' dir='ltr'><strong>generoso</strong></span> <span class='ocrx_word' id='word_1_725' title='bbox 1758 2585 1896 2627; x_wconf 71' lang='lat' dir='ltr'><strong>Cecrope</strong></span> <span class='ocrx_word' id='word_1_726' title='bbox 1916 2579 2010 2615; x_wconf 74' lang='lat' dir='ltr'><strong>natis</strong></span> <span class='ocrx_word' id='word_1_727' title='bbox 2032 2595 2042 2616; x_wconf 87' lang='lat'><strong>.·</strong></span> <span class='ocrx_word' id='word_1_728' title='bbox 2070 2579 2251 2626; x_wconf 83' lang='lat' dir='ltr'><strong>alterum,</strong></span> <span class='ocrx_word' id='word_1_729' title='bbox 2272 2580 2338 2628; x_wconf 74' lang='lat' dir='ltr'><strong>fid</strong></span> 
     </span>
     <span class='ocr_line' id='line_1_108' title="bbox 1285 2630 2338 2682; baseline -0.004 -13"><span class='ocrx_word' id='word_1_730' title='bbox 1285 2645 1354 2670; x_wconf 76' lang='lat' dir='ltr'><strong>non</strong></span> <span class='ocrx_word' id='word_1_731' title='bbox 1374 2633 1512 2682; x_wconf 80' lang='lat' dir='ltr'><em>conf&#39;eJJa</em></span> <span class='ocrx_word' id='word_1_732' title='bbox 1534 2647 1545 2667; x_wconf 78' lang='lat'><strong>.-</strong></span> <span class='ocrx_word' id='word_1_733' title='bbox 1574 2631 1739 2673; x_wconf 85' lang='lat' dir='ltr'><strong>tertium,</strong></span> <span class='ocrx_word' id='word_1_734' title='bbox 1762 2630 1918 2677; x_wconf 60' lang='lat' dir='ltr'><strong>&amp;legem</strong></span> <span class='ocrx_word' id='word_1_735' title='bbox 1932 2630 2120 2668; x_wconf 81' lang='lat' dir='ltr'><strong>addiderat</strong></span> <span class='ocrx_word' id='word_1_736' title='bbox 2135 2648 2146 2668; x_wconf 90' lang='lat'><strong>.-</strong></span> <span class='ocrx_word' id='word_1_737' title='bbox 2169 2638 2338 2671; x_wconf 81' lang='lat' dir='ltr'><em>Noncon-</em></span> 
     </span>
     <span class='ocr_line' id='line_1_109' title="bbox 1277 2679 2338 2733; baseline -0.002 -14"><span class='ocrx_word' id='word_1_738' title='bbox 1277 2685 1363 2733; x_wconf 81' lang='lat' dir='ltr'><em>seſja</em></span> <span class='ocrx_word' id='word_1_739' title='bbox 1391 2684 1528 2721; x_wconf 74' lang='lat' dir='ltr'><strong>habent</strong></span> <span class='ocrx_word' id='word_1_740' title='bbox 1554 2681 1704 2731; x_wconf 83' lang='lat' dir='ltr'><strong>quidam</strong></span> <span class='ocrx_word' id='word_1_741' title='bbox 1724 2681 1828 2725; x_wconf 82' lang='lat' dir='ltr'><strong>libri,</strong></span> <span class='ocrx_word' id='word_1_742' title='bbox 1856 2679 1915 2719; x_wconf 64' lang='lat' dir='ltr'><strong>sed</strong></span> <span class='ocrx_word' id='word_1_743' title='bbox 1939 2680 2166 2720; x_wconf 80' lang='lat' dir='ltr'><strong>afferendum</strong></span> <span class='ocrx_word' id='word_1_744' title='bbox 2187 2691 2230 2718; x_wconf 89' lang='lat' dir='ltr'><strong>ac</strong></span> <span class='ocrx_word' id='word_1_745' title='bbox 2255 2680 2338 2718; x_wconf 91' lang='lat' dir='ltr'><strong>vin—</strong></span> 
     </span>
     <span class='ocr_line' id='line_1_110' title="bbox 1288 2731 2336 2779; baseline -0.003 -7"><span class='ocrx_word' id='word_1_746' title='bbox 1288 2734 1485 2772; x_wconf 74' lang='lat' dir='ltr'><strong>dicandum</strong></span> <span class='ocrx_word' id='word_1_747' title='bbox 1517 2733 1578 2771; x_wconf 88' lang='lat' dir='ltr'><strong>est.</strong></span> <span class='ocrx_word' id='word_1_748' title='bbox 1631 2731 1726 2769; x_wconf 76' lang='lat' dir='ltr'><strong>Cum</strong></span> <span class='ocrx_word' id='word_1_749' title='bbox 1763 2731 1872 2779; x_wconf 77' lang='lat' dir='ltr'><strong>igitur</strong></span> <span class='ocrx_word' id='word_1_750' title='bbox 1903 2733 1941 2770; x_wconf 88' lang='lat' dir='ltr'><strong>in</strong></span> <span class='ocrx_word' id='word_1_751' title='bbox 1971 2747 2038 2770; x_wconf 83' lang='lat' dir='ltr'><strong>non</strong></span> <span class='ocrx_word' id='word_1_752' title='bbox 2059 2734 2160 2769; x_wconf 85' lang='lat' dir='ltr'><strong>litera</strong></span> <span class='ocrx_word' id='word_1_753' title='bbox 2191 2744 2207 2766; x_wconf 93' lang='lat' dir='ltr'><em>o</em></span> <span class='ocrx_word' id='word_1_754' title='bbox 2235 2739 2336 2778; x_wconf 88' lang='lat' dir='ltr'><strong>parte</strong></span> 
     </span>
     <span class='ocr_line' id='line_1_111' title="bbox 1286 2780 2335 2830; baseline -0.004 -7"><span class='ocrx_word' id='word_1_755' title='bbox 1286 2785 1337 2823; x_wconf 90' lang='lat' dir='ltr'><strong>sui</strong></span> <span class='ocrx_word' id='word_1_756' title='bbox 1358 2782 1572 2823; x_wconf 79' lang='lat' dir='ltr'><strong>exoleviffet</strong></span> <span class='ocrx_word' id='word_1_757' title='bbox 1593 2784 1630 2820; x_wconf 69' lang='grc' dir='ltr'><strong>δε</strong></span> <span class='ocrx_word' id='word_1_758' title='bbox 1643 2783 1810 2820; x_wconf 68' lang='lat' dir='ltr'><strong>relietum</strong></span> <span class='ocrx_word' id='word_1_759' title='bbox 1822 2780 2100 2830; x_wconf 67' lang='lat' dir='ltr'><strong>effetpunctum</strong></span> <span class='ocrx_word' id='word_1_760' title='bbox 2113 2782 2187 2818; x_wconf 90' lang='lat' dir='ltr'><strong>hoc</strong></span> <span class='ocrx_word' id='word_1_761' title='bbox 2201 2781 2335 2827; x_wconf 91' lang='lat' dir='ltr'><strong>modo,</strong></span> 
     </span>
     <span class='ocr_line' id='line_1_112' title="bbox 1288 2831 2336 2884; baseline -0.002 -11"><span class='ocrx_word' id='word_1_762' title='bbox 1288 2837 1371 2873; x_wconf 51' lang='lat' dir='ltr'><em>nstra</em></span> <span class='ocrx_word' id='word_1_763' title='bbox 1391 2836 1551 2884; x_wconf 77' lang='lat' dir='ltr'><em>consessa,</em></span> <span class='ocrx_word' id='word_1_764' title='bbox 1591 2848 1627 2872; x_wconf 82' lang='lat' dir='ltr'><strong>n.</strong></span> <span class='ocrx_word' id='word_1_765' title='bbox 1655 2834 1756 2871; x_wconf 76' lang='lat' dir='ltr'><strong>solita</strong></span> <span class='ocrx_word' id='word_1_766' title='bbox 1787 2831 2018 2870; x_wconf 79' lang='lat' dir='ltr'><strong>abbreviandi</strong></span> <span class='ocrx_word' id='word_1_767' title='bbox 2050 2831 2194 2870; x_wconf 80' lang='lat' dir='ltr'><strong>ratione</strong></span> <span class='ocrx_word' id='word_1_768' title='bbox 2221 2832 2336 2872; x_wconf 78' lang='lat' dir='ltr'><strong>valuit</strong></span> 
     </span>
     <span class='ocr_line' id='line_1_113' title="bbox 1287 2881 2100 2935; baseline -0.006 -11"><span class='ocrx_word' id='word_1_769' title='bbox 1287 2888 1378 2925; x_wconf 85' lang='lat' dir='ltr'><strong>em&#39;m</strong></span> <span class='ocrx_word' id='word_1_770' title='bbox 1393 2915 1403 2933; x_wconf 91' lang='lat'><strong>,</strong></span> <span class='ocrx_word' id='word_1_771' title='bbox 1433 2891 1470 2925; x_wconf 59' lang='grc' dir='ltr'>ἂ</span> <span class='ocrx_word' id='word_1_772' title='bbox 1495 2887 1678 2935; x_wconf 85' lang='lat' dir='ltr'><strong>reliquum</strong></span> <span class='ocrx_word' id='word_1_773' title='bbox 1700 2884 1813 2921; x_wconf 70' lang='lat' dir='ltr'><strong>visum</strong></span> <span class='ocrx_word' id='word_1_774' title='bbox 1837 2881 1885 2918; x_wconf 81' lang='lat' dir='ltr'><strong>est</strong></span> <span class='ocrx_word' id='word_1_775' title='bbox 1906 2881 2100 2931; x_wconf 81' lang='lat' dir='ltr'><strong>inconseffa.</strong></span> 
     </span>
    </p>
   </div>
   <div class='ocr_carea' id='block_1_11' title="bbox 1524 2949 2079 2999">
    <p class='ocr_par' dir='ltr' id='par_1_47' title="bbox 1524 2949 2079 2999">
     <span class='ocr_line' id='line_1_114' title="bbox 1524 2949 2079 2999; baseline 0 -5"><span class='ocrx_word' id='word_1_776' title='bbox 1524 2953 1886 2999; x_wconf 82' lang='lat' dir='ltr'>LIBRO</span> <span class='ocrx_word' id='word_1_777' title='bbox 1968 2949 2079 2995; x_wconf 77' lang='grc' dir='ltr'><strong>ΙΙΙ.</strong></span> 
     </span>
    </p>
   </div>
   <div class='ocr_carea' id='block_1_12' title="bbox 1336 3027 2218 3118">
    <p class='ocr_par' dir='ltr' id='par_1_48' title="bbox 1336 3027 2218 3118">
     <span class='ocr_line' id='line_1_115' title="bbox 1336 3027 2143 3080; baseline -0.007 -9"><span class='ocrx_word' id='word_1_778' title='bbox 1336 3033 1423 3071; x_wconf 85' lang='lat' dir='ltr'><strong>Fab.</strong></span> <span class='ocrx_word' id='word_1_779' title='bbox 1443 3046 1470 3070; x_wconf 85' lang='lat'><strong>1.</strong></span> <span class='ocrx_word' id='word_1_780' title='bbox 1488 3031 1576 3070; x_wconf 78' lang='lat' dir='ltr'><strong>vers.</strong></span> <span class='ocrx_word' id='word_1_781' title='bbox 1600 3042 1660 3080; x_wconf 84' lang='lat'><strong>30.</strong></span> <span class='ocrx_word' id='word_1_782' title='bbox 1685 3029 1741 3076; x_wconf 78' lang='lat' dir='ltr'><strong>Est</strong></span> <span class='ocrx_word' id='word_1_783' title='bbox 1753 3029 1868 3078; x_wconf 79' lang='lat' dir='ltr'><strong>specus</strong></span> <span class='ocrx_word' id='word_1_784' title='bbox 1885 3027 1922 3064; x_wconf 87' lang='lat' dir='ltr'><strong>in</strong></span> <span class='ocrx_word' id='word_1_785' title='bbox 1942 3027 2052 3065; x_wconf 89' lang='lat' dir='ltr'><strong>medio</strong></span> <span class='ocrx_word' id='word_1_786' title='bbox 2070 3038 2143 3068; x_wconf 64' lang='lat' dir='ltr'><strong>wc.</strong></span> 
     </span>
     <span class='ocr_line' id='line_1_116' title="bbox 1851 3077 2218 3118; baseline 0.005 -2"><span class='ocrx_word' id='word_1_787' title='bbox 1851 3077 1909 3117; x_wconf 72' lang='lat' dir='ltr'><strong>ubi</strong></span> <span class='ocrx_word' id='word_1_788' title='bbox 1930 3079 2088 3117; x_wconf 75' lang='lat' dir='ltr'><strong>conditus</strong></span> <span class='ocrx_word' id='word_1_789' title='bbox 2105 3088 2218 3118; x_wconf 84' lang='lat' dir='ltr'><strong>antro.</strong></span> 
     </span>
    </p>
   </div>
   <div class='ocr_carea' id='block_1_13' title="bbox 1398 1675 1498 1684">
    <p class='ocr_par' dir='ltr' id='par_1_49' title="bbox 1398 1675 1498 1684">
     <span class='ocr_line' id='line_1_117' title="bbox 1398 1675 1498 1684; baseline 0 0"><span class='ocrx_word' id='word_1_790' title='bbox 1398 1675 1498 1684; x_wconf 95' lang='lat' dir='ltr'><strong> </strong></span> 
     </span>
    </p>
   </div>
   <div class='ocr_carea' id='block_1_14' title="bbox 1285 3131 2335 3379">
    <p class='ocr_par' dir='ltr' id='par_1_50' title="bbox 1285 3131 2335 3379">
     <span class='ocr_line' id='line_1_118' title="bbox 1340 3131 1745 3180; baseline -0.01 -9"><span class='ocrx_word' id='word_1_791' title='bbox 1340 3133 1499 3171; x_wconf 87' lang='lat' dir='ltr'><strong>Martius</strong></span> <span class='ocrx_word' id='word_1_792' title='bbox 1520 3131 1642 3180; x_wconf 77' lang='lat' dir='ltr'><strong>anguis</strong></span> <span class='ocrx_word' id='word_1_793' title='bbox 1658 3139 1745 3168; x_wconf 85' lang='lat' dir='ltr'><strong>erat.</strong></span> 
     </span>
     <span class='ocr_line' id='line_1_119' title="bbox 1288 3181 2334 3234; baseline 0.001 -13"><span class='ocrx_word' id='word_1_794' title='bbox 1288 3185 1421 3234; x_wconf 83' lang='lat' dir='ltr'><strong>Lego,</strong></span> <span class='ocrx_word' id='word_1_795' title='bbox 1456 3196 1519 3234; x_wconf 85' lang='lat' dir='ltr'><strong>quo</strong></span> <span class='ocrx_word' id='word_1_796' title='bbox 1549 3182 1705 3219; x_wconf 78' lang='lat' dir='ltr'><strong>conditus</strong></span> <span class='ocrx_word' id='word_1_797' title='bbox 1733 3191 1847 3218; x_wconf 79' lang='lat' dir='ltr'><em>antro.</em></span> <span class='ocrx_word' id='word_1_798' title='bbox 1883 3192 2007 3230; x_wconf 82' lang='lat' dir='ltr'><strong>neque</strong></span> <span class='ocrx_word' id='word_1_799' title='bbox 2035 3182 2134 3221; x_wconf 87' lang='lat' dir='ltr'><strong>enim</strong></span> <span class='ocrx_word' id='word_1_800' title='bbox 2167 3181 2264 3221; x_wconf 84' lang='lat' dir='ltr'><strong>aliud</strong></span> <span class='ocrx_word' id='word_1_801' title='bbox 2286 3182 2334 3222; x_wconf 80' lang='lat' dir='ltr'><strong>est</strong></span> 
     </span>
     <span class='ocr_line' id='line_1_120' title="bbox 1286 3231 2334 3283; baseline -0.002 -10"><span class='ocrx_word' id='word_1_802' title='bbox 1286 3244 1429 3274; x_wconf 80' lang='lat' dir='ltr'><strong>antrum</strong></span> <span class='ocrx_word' id='word_1_803' title='bbox 1460 3234 1574 3283; x_wconf 77' lang='lat' dir='ltr'><strong>quam</strong></span> <span class='ocrx_word' id='word_1_804' title='bbox 1594 3235 1717 3282; x_wconf 77' lang='lat' dir='ltr'><strong>specus</strong></span> <span class='ocrx_word' id='word_1_805' title='bbox 1740 3233 1813 3282; x_wconf 86' lang='lat' dir='ltr'><strong>ipse</strong></span> <span class='ocrx_word' id='word_1_806' title='bbox 1829 3260 1840 3278; x_wconf 91' lang='lat'>‚</span> <span class='ocrx_word' id='word_1_807' title='bbox 1867 3244 1909 3270; x_wconf 86' lang='lat' dir='ltr'><strong>ac</strong></span> <span class='ocrx_word' id='word_1_808' title='bbox 1928 3231 1954 3270; x_wconf 86' lang='lat' dir='ltr'>fi</span> <span class='ocrx_word' id='word_1_809' title='bbox 1976 3233 2044 3271; x_wconf 88' lang='lat' dir='ltr'><strong>rite</strong></span> <span class='ocrx_word' id='word_1_810' title='bbox 2061 3232 2257 3279; x_wconf 85' lang='lat' dir='ltr'><strong>recordor,</strong></span> <span class='ocrx_word' id='word_1_811' title='bbox 2284 3233 2334 3272; x_wconf 87' lang='lat' dir='ltr'><strong>fic</strong></span> 
     </span>
     <span class='ocr_line' id='line_1_121' title="bbox 1285 3283 2335 3373; baseline -0.005 -46"><span class='ocrx_word' id='word_1_812' title='bbox 1285 3287 1394 3327; x_wconf 77' lang='lat' dir='ltr'><strong>habet</strong></span> <span class='ocrx_word' id='word_1_813' title='bbox 1425 3286 1523 3328; x_wconf 84' lang='lat' dir='ltr'><strong>Edit.</strong></span> <span class='ocrx_word' id='word_1_814' title='bbox 1552 3285 1655 3325; x_wconf 79' lang='lat' dir='ltr'><strong>Bafil.</strong></span> <span class='ocrx_word' id='word_1_815' title='bbox 1683 3283 1744 3323; x_wconf 83' lang='lat' dir='ltr'><strong>sed</strong></span> <span class='ocrx_word' id='word_1_816' title='bbox 1772 3283 1846 3324; x_wconf 81' lang='lat' dir='ltr'><strong>five</strong></span> <span class='ocrx_word' id='word_1_817' title='bbox 1872 3283 2029 3332; x_wconf 83' lang='lat' dir='ltr'><strong>habeat,</strong></span> <span class='ocrx_word' id='word_1_818' title='bbox 2062 3283 2139 3326; x_wconf 88' lang='lat' dir='ltr'><strong>five</strong></span> <span class='ocrx_word' id='word_1_819' title='bbox 2155 3296 2258 3332; x_wconf 86' lang='lat' dir='ltr'><strong>non,</strong></span> <span class='ocrx_word' id='word_1_820' title='bbox 2278 3283 2335 3373; x_wconf 87' lang='lat' dir='ltr'><strong>lfic</strong></span> 
     </span>
     <span class='ocr_line' id='line_1_122' title="bbox 2292 3345 2332 3379; baseline 0 0"><span class='ocrx_word' id='word_1_821' title='bbox 2292 3345 2332 3379; x_wconf 70' lang='lat' dir='ltr'><strong>e:</strong></span> 
     </span>
    </p>
   </div>
  </div>
 </body>
</html>
