2483 3616
638 169 749 226 IN
821 163 1961 223 METAMO'RPHOSIN.

211 291 303 333 Ead.
322 292 408 333 Fab.
428 293 520 334 vers.
542 306 622 344 514.
653 293 656 296 '
748 339 755 346 ι
1092 340 1098 347 .

260 344 516 395 Exsultatque‚
542 355 586 382 ω’
605 341 671 378 vix
692 352 810 377 ammo
822 339 891 390 sua
907 341 1040 389 gaudia
1061 340 1188 389 differt.

207 394 342 431 Versus
358 422 367 437 ,
395 394 469 432 five
488 392 606 429 animo
627 390 667 428 sit
691 391 841 436 Dandi,
871 391 944 428 sive
967 390 1174 428 Auferendi
1198 402 1255 428 ca-

209 444 267 481 sus
283 471 293 488 ‚
319 444 418 481 sensu
445 445 611 490 ineptus,
648 442 687 478 &
710 454 824 491 quem
853 441 880 478 st
900 453 977 478 non
998 441 1145 479 aliunde
1160 468 1170 483 ‚
1197 440 1257 478 vel

209 504 255 530 ex
285 495 560 543 comparatione
589 492 711 541 colligi
739 499 903 541 poterat,
924 504 1001 530 non
1024 489 1094 530 effe
1115 490 1256 530 Ovidii.

434 593 802 632 LIBRO
887 592 1010 631 VII.

203 694 292 735 Fab.
313 706 344 732 1.
370 693 458 733 vers.
484 705 566 743 ¹15·

257 743 360 794 Sensst
382 744 575 784 anhelatos.

205 796 340 843 Lego,
358 795 481 845 sentit.
509 794 616 846 fenfit
641 796 790 846 tegendi
811 796 908 834 nulla
932 795 979 835 est
1000 794 1141 842 cauffa,
1169 795 1254 835 cum

205 845 373 884 Praesens
395 848 431 883 δε
454 848 668 892 antecedat,
699 851 736 886 ὅ(
757 847 936 897 sequatur.

255 896 344 934 Ead.
367 896 453 935 Fab.
477 898 567 936 vers.
591 912 673 947 155.

255 952 400 983 Somnus
422 948 460 983 in
479 949 607 995 ignotos
626 948 734 984 oculos
752 949 811 984 ubi
829 947 941 985 venit.

254 996 355 1034 Basil.
378 997 466 1035 edit.
493 1003 638 1041 Somnus
655 998 694 1035 in
711 997 838 1046 ignotos
856 998 965 1034 oculos
980 998 1151 1045 pervenit.

204 1045 269 1084 Ubi
304 1048 614 1095 supervacaneum
652 1048 702 1085 est
727 1075 738 1092 ,
786 1048 869 1086 cnm
905 1047 1133 1094 praecefferit
1170 1048 1254 1094 post-

205 1111 326 1146 quam.
374 1099 410 1135 &
448 1097 498 1134 ibi
537 1096 669 1136 restins
704 1098 800 1145 legas
836 1096 949 1148 quam
989 1098 1059 1136 ubi.
1123 1105 1255 1147 Ignotos

204 1146 318 1196 porro
349 1148 463 1186 videri
492 1149 600 1197 poffit
628 1148 750 1187 active
779 1149 966 1198 positum,
995 1157 1034 1186 ut
1054 1150 1150 1198 apud
1177 1151 1254 1186 Ne-

202 1207 333 1246 potem
365 1198 557 1247 Agesilao,
586 1212 617 1238 c.
638 1212 730 1238 viix.
756 1201 860 1249 quod
888 1202 1102 1249 exemplum
1124 1203 1254 1238 citatur

206 1248 246 1286 in
267 1249 458 1302 Thesauro
482 1250 586 1289 Fabri
605 1264 613 1288 :
645 1252 682 1288 ὅ(
703 1252 797 1299 apud
820 1252 988 1289 Plautum
1003 1279 1013 1295 ‚
1043 1251 1168 1288 Pseud.
1191 1263 1226 1288 iv
1243 1280 1254 1296 ,

205 1310 255 1343 2,
286 1311 346 1348 39.
374 1301 463 1338 notis
487 1301 690 1350 praedicas.-
729 1301 787 1339 sed
815 1304 933 1340 verius
955 1303 1003 1339 est
1029 1301 1253 1351 legendum,

202 1347 373 1388 immotos.
400 1359 439 1390 ut
462 1352 557 1400 apud
579 1353 758 1391 Senecam
777 1353 913 1391 Medea
925 1353 1025 1392 Aetu
1046 1366 1111 1392 111.
1132 1353 1177 1392 de
1189 1365 1254 1391 eo-

207 1398 294 1439 dem
317 1402 499 1447 dracone,
530 1404 617 1440 vers.
636 1414 719 1451 472.

256 1457 444 1502 somnoque
456 1453 584 1503 juffum
602 1454 740 1492 lumina
759 1454 944 1493 immotum
967 1456 1050 1493 dare

261 1502 417 1549 Infomno
437 1504 626 1551 monstrum
642 1534 652 1549 ,

207 1555 529 1602 quemadmodum
560 1557 608 1594 ibi
642 1557 785 1606 Lipsius
820 1559 856 1595 in
898 1557 1039 1596 vetusto
1071 1557 1153 1595 MS.
1181 1557 1254 1595 ele-

204 1604 346 1652 gantii13
368 1605 439 1654 legi
459 1607 720 1646 animadvertit
733 1635 741 1650 ,
771 1611 808 1645 ὃ(
828 1609 964 1645 lumina
984 1608 1170 1645 immotum
1192 1621 1255 1645 ex-

204 1653 314 1701 plicat
331 1657 661 1700 inconniventein,
691 1659 727 1695 δε
751 1659 845 1706 apud
863 1659 962 1697 hunc
980 1659 1098 1707 ipsum
1122 1659 1254 1697 eadem

207 1703 255 1741 est
277 1705 409 1753 phrasis
429 1707 543 1745 Libro
563 1710 609 1745 ll.
639 1708 721 1747 Fab.
746 1722 815 1745 vir.
845 1710 933 1747 vers.
961 1722 1043 1756 502.

258 1761 486 1806 Immotosque
516 1759 624 1795 oculos
648 1759 817 1808 inseslne
831 1760 904 1808 fine
926 1771 1096 1798 tenentem
1112 1777 1124 1797 .·
1153 1770 1193 1800 u‘t
1215 1774 1253 1801 e-

202 1807 377 1845 mendata
397 1808 510 1846 ]εᾶἰο
530 1810 648 1847 futura
671 1809 737 1848 sit:

257 1862 402 1895 Somnus
418 1859 457 1895 in
474 1861 634 1897 immotos
654 1860 762 1898 oculos
779 1862 954 1911 pervenit.

205 1905 291 1944 Fab,
314 1921 361 1946 11.
390 1910 478 1946 vers.
502 1911 580 1947 186.

260 1958 390 2005 Sopitae
400 1958 526 2006 fimilis
548 1961 645 1997 nullo
668 1975 744 1998 cum
766 1976 947 2001 murmure
961 1965 1092 2014 serpit:

204 2006 585 2058 Quomodocumque
612 2013 671 2048 hic
710 2013 825 2050 versus
854 2014 1009 2062 fingatur
1031 2028 1072 2052 ac
1100 2015 1254 2062 refinga-

204 2063 284 2099 tnr‚
316 2070 504 2107 nunquam
528 2063 620 2098 mihi
641 2062 842 2108 persuaderi
865 2066 980 2112 patiar
1003 2064 1071 2102 effe
1097 2067 1254 2103 Ovidia-

201 2116 307 2144 num.
364 2109 609 2147 Occasionem
633 2111 680 2148 illi
703 2112 944 2161 supponendo
964 2117 1127 2164 prat-buit
1152 2117 1255 2154 versu

201 2154 387 2205 superiore
423 2160 465 2196 τὸ
484 2162 620 2208 serpens
645 2164 794 2199 Nomen
818 2165 932 2201 visum
957 2179 1023 2213 pro
1044 2168 1252 2214 Participio.

205 2205 374 2263 Etpiget
396 2211 552 2247 refutare
578 2213 756 2249 variarum
776 2214 980 2252 leetionum
1002 2217 1178 2263 ineptias,
1209 2229 1252 2252 ex

203 2259 333 2316 qarbu-s
363 2260 452 2298 nihil
483 2261 674 2308 discimus,
711 2263 777 2300 nifi
807 2264 1007 2303 fecundum
1039 2265 1107 2304 effe
1128 2267 1250 2304 semen

211 2320 336 2349 errori.

256 2359 348 2400 Ead.
369 2361 455 2399 Fab.
477 2363 566 2400 vers.
587 2376 669 2402 222.
689 2364 912 2416 subjeffiaque
935 2367 1088 2416 TheJJala
1110 2373 1228 2418 Tempe

258 2412 405 2467 Despicit
419 2440 429 2456 ,
459 2413 496 2450 ὃ(
517 2414 615 2454 cteris
635 2416 825 2463 regionibus
843 2416 991 2464 applicat
1011 2431 1135 2466 angues
1151 2434 1161 2454 .-

209 2459 384 2500 Hemfius
421 2464 459 2501 ὃς
489 2464 582 2509 alii,
627 2465 720 2513 visis.
759 2466 893 2504 Bersm.
921 2478 1043 2506 tuetur
1076 2469 1174 2506 cretis
1206 2481 1250 2506 ex

206 2510 290 2597 ἷήὸ.
318 2512 382 2569 suo
412 2514 449 2551 ὃς
471 2514 632 2554 Ciofani.
661 2517 758 2554 Mihi
780 2529 847 2566 pro
871 2519 969 2556 cretis
992 2519 1137 2569 legend.
1151 2519 1251 2558 vide-

229 2573 269 2597 ur
292 2574 403 2602 cerus.

208 2610 292 2649 Fab.
313 2627 392 2653 xxt.
420 2616 506 2652 vers.
531 2628 613 2664 304.

260 2664 324 2700 Sed
333 2665 514 2716 postquam
538 2667 673 2704 Colchis
690 2667 771 2715 arsit
794 2683 885 2707 nova
907 2681 1017 2720 nupta
1037 2672 1199 2716 venenis,

260 2714 549 2764 flagrantemque
569 2718 708 2754 domum
731 2721 814 2767 regis
837 2721 928 2757 mal}
941 2722 1036 2758 >cidit
1052 2738 1062 2758 .·
1085 2734 1229 2773 arteque

263 2767 433 2809 Sanguine
451 2778 614 2804 natorum
632 2770 854 2816 perfunditur
873 2771 996 2818 impius
1015 2771 1109 2820 ensis.

210 2811 303 2868 Non
326 2816 435 2850 credo
453 2818 543 2854 haec
564 2816 633 2855 effe
654 2818 799 2857 fincera.
827 2822 925 2857 Nam
948 2822 993 2859 ad
1005 2822 1100 2858 vidit
1116 2834 1159 2859 ex
1173 2834 1252 2860 ora-

211 2869 322 2899 tionis
353 2872 527 2901 contextu
559 2869 791 2916 intelligenda.
824 2871 872 2907 est
900 2883 999 2910 nova
1029 2881 1165 2920 nupta,
1195 2873 1254 2911 seu

213 2912 370 2955 Creusa,
399 2926 442 2950 ex
473 2913 573 2951 sensu
602 2917 736 2956 Medea
761 2934 768 2957 :
808 2921 857 2958 ita
887 2922 1037 2960 alterum
1063 2923 1163 2960 alteri,
1188 2924 1255 2960 ob-

210 2962 299 3007 stat,
339 2964 378 3001 &
408 2976 449 3001 ea
481 2964 559 3001 sunt
588 2964 736 3004 secundi·
756 2971 875 3009 versus
900 2973 1032 3017 verba,
1061 2983 1098 3011 ut
1122 2985 1252 3012 corum

209 3012 393 3062 expofitio
434 3013 515 3052 curn
550 3015 722 3062 personae
747 3017 905 3059 Medeae
928 3051 938 3068 ‚
986 3032 1063 3061 tum
1100 3024 1254 3063 Creusae

208 3063 350 3111 prorsus
387 3065 653 3103 disconveniat.
710 3067 818 3113 Quae
855 3072 960 3113 igitur
995 3076 1080 3112 loto
1118 3075 1253 3113 affeeto

209 3114 392 3153 medicina
417 3114 433 3153 ?
470 3116 573 3162 Jovis
602 3116 753 3154 consilio
785 3120 914 3154 cuneta
939 3125 1031 3166 prins
1053 3127 1223 3162 temanda
1240 3151 1250 3168 ‚

208 3162 269 3201 sed
313 3166 584 3205 immedicabile
625 3168 758 3205 vulnus*
797 3168 880 3205 ense
916 3169 1151 3213 recidendum
1193 3174 1254 3211 est.

209 3211 324 3303 {2⁰}st
355 3217 556 3260 secundum
580 3218 746 3266 versum,
783 3219 821 3258 &
851 3218 945 3260 bene
975 3222 1055 3261 erit:
1075 3224 1252 3274 sequitur,

210 3308 214 3310 a
258 3276 401 3316 r.3oz..

738 693 836 743 subit
858 694 937 739 ille,
967 707 1025 732 nec
1045 695 1136 744 ignes

2226 189 2351 241 1097

1363 290 1509 340 Ultaque
1523 290 1560 337 se
1579 288 1671 328 malz
1692 297 1804 326 mater
1824 290 1966 339 Jafivnis
1979 290 2092 341 effugit
2114 305 2227 331 arma.

1313 339 1434 388 Magis
1457 341 1596 388 placeat
1610 369 1619 384 ‚
1639 340 1736 377 mala
1754 349 1878 377 mater.

1312 388 1397 426 Fab.
1420 402 1523 427 xxxv.
1540 391 1629 429 vers.
1648 392 1730 437 464.

1313 444 1625 491 Marmoroamquex
1639 447 1756 478 Paron
1767 467 1778 486 ,
1792 452 1965 488 quamque
1978 440 2085 489 impia
2091 442 2245 492 prodidit
2256 449 2354 484 Arne

1312 489 1464 526 Sithonis
1483 500 1611 538 accepto
1623 518 1633 534 ,
1660 491 1751 541 quod
1767 503 1882 528 avara
1894 492 2081 540 poposcerat
2093 520 2104 538 ,
2130 507 2237 532 auro:

1312 545 1461 576 Mutata
1483 540 1526 586 est
1547 542 1584 578 in
1605 554 1721 578 avem.

1360 589 1402 627 In
1442 591 1529 628 loco
1557 591 1826 630 emendationis
1854 591 1982 641 indigo
2012 602 2090 629 non
2121 593 2215 632 deest
2246 598 2354 646 copia

1309 642 1432 679 variae
1460 639 1653 684 lestionis3
1682 642 1743 679 sed
1772 642 1843 690 ipsa
1874 644 1979 691 copia
2001 643 2106 687 facit,
2136 651 2176 680 ut
2195 646 2284 692 quid
2303 648 2356 685 le-

1309 703 1370 740 gas
1394 691 1540 730 nescias.
1594 693 1922 741 Argumentarius,
1959 700 2000 730 ut
2027 691 2075 730 fic
2105 693 2247 737 dicam,
2275 698 2357 744 qui·-

1312 753 1459 792 cunque
1477 744 1504 782 is
1524 742 1573 781 est
1587 770 1596 787 ,
1625 742 1670 781 ad
1692 742 1822 780 Ovidii
1835 742 2005 788 Fabulas‚
2033 743 2190 781 Insulam
2206 772 2216 789 ,
2243 756 2355 793 quam

1311 793 1414 831 Arne
1445 793 1669 842 prodiderit,
1706 792 1882 831 Scithona
1909 802 2032 831 vocat.
2085 793 2155 831 Sed
2178 794 2270 832 haec
2291 808 2358 834 ne-

1311 855 1385 892 que
1413 846 1505 882 inter
1534 844 1735 893 Sporadas,
1771 854 1841 880 nec
1871 842 1965 880 inter
1984 843 2161 892 Cycladas
2184 846 2358 885 nomina-

1311 902 1369 932 tur
1388 905 1397 931 :
1434 896 1471 931 ὅ(
1507 901 1547 932 ut
1579 893 1745 933 maxime
1766 892 1814 931 fic
1834 893 1906 941 legi
1926 892 2064 942 posset,
2090 902 2215 932 tamen
2236 896 2357 936 adhuc

1312 946 1431 983 oratio
1453 946 1662 983 inconnexa
1685 944 1875 983 vinculum
1896 944 2109 994 requireret.
2151 947 2358 985 Gulielmus

1313 994 1403 1033 vero
1436 996 1636 1041 Camerus,
1673 996 1875 1034 studiorum
1905 995 2142 1033 humanitatis
2169 1008 2246 1034 non
2281 999 2359 1046 ple·

1313 1045 1367 1095 bej
1377 1058 1414 1084 us
1435 1046 1579 1095 adjutor
1595 1075 1605 1092 ‚
1633 1047 1670 1084 in
1683 1047 1860 1094 Epitome
1874 1074 1885 1091 ,
1911 1045 1985 1095 qua
1998 1046 2360 1095 Metamorphoseon

1309 1099 1591 1146 perpetuitatem
1637 1098 1675 1135 ὅ(
1711 1098 1945 1145 inabrupturn
1991 1098 2208 1135 narrationis
2251 1098 2356 1138 filum

1312 1149 1524 1186 cohaerenti
1556 1149 1644 1186 serie
1671 1147 1893 1187 decurrentis
1922 1148 2189 1196 repraesentare
2218 1148 2359 1195 voluit,

1310 1198 1354 1235 ab
1383 1199 1485 1237 Arne
1507 1198 1690 1246 proditam
1712 1200 1761 1237 ait
1779 1199 1912 1237 Paron:
1935 1198 2038 1247 quod
2059 1210 2106 1235 ne
2125 1196 2195 1235 effe
2217 1197 2361 1237 dubite-

1310 1258 1391 1294 tur,
1419 1250 1602 1288 attestatur
1630 1250 1703 1298 ipse
1732 1250 1859 1293 locus,
1887 1249 1952 1298 qui
1981 1248 2030 1286 fic
2046 1246 2161 1297 quam
2180 1248 2359 1288 leviffimfi

1311 1301 1541 1338 correfflone
1564 1302 1757 1351 antiquum
1778 1300 1888 1338 decus
1906 1307 2120 1347 recuperat:

1311 1357 1618 1403 Marmoreamque
1630 1359 1868 1401 Paron‚quam
1880 1362 1968 1400 quae
1975 1350 2082 1399 impia
2091 1350 2244 1398 prodidit
2255 1354 2356 1389 Arne

1310 1403 1462 1440 Sithonis
1476 1432 1486 1448 ‚
1512 1413 1642 1453 accepto
1656 1432 1665 1447 ‚
1692 1403 1784 1455 quod
1801 1414 1917 1439 avara
1935 1405 2145 1451 poposcerat,
2172 1414 2281 1447 auro,

1312 1459 1461 1490 sumata
1483 1454 1525 1497 eli
1540 1455 1577 1491 in
1601 1467 1720 1493 avem.

1311 1503 1474 1543 Sithonis
1493 1505 1541 1543 est
1563 1507 1700 1555 gentile
1723 1503 1888 1544 Thressa.

1362 1554 1447 1594 Fab.
1468 1567 1554 1593 xxv.
1582 1557 1672 1594 vers.
1693 1569 1776 1605 542.
1802 1560 1897 1593 Acer
1921 1567 2028 1605 equus
2049 1554 2226 1605 quondam
2240 1581 2250 1598 ,
2279 1567 2358 1592 ma·—

1535 1621 1689 1658 gnaeque
1708 1607 1746 1644 in
1761 1607 1905 1657 pulvere
1919 1608 2044 1652 famae
2059 1633 2067 1648 ‚

1310 1662 1500 1706 Degenerat
1516 1659 1673 1706 palmae,
1704 1668 1928 1706 veterumque
1946 1656 2069 1694 oblitus
2088 1655 2255 1693 honorum

1310 1709 1376 1744 Ad
1387 1709 1540 1758 praesepe
1554 1709 1662 1759 gemit
1683 1710 1797 1746 morbo
1817 1709 2006 1745 moriturus
2028 1707 2143 1744 inerti.

1364 1760 1441 1808 Qui
1464 1760 1685 1808 degenerat,
1713 1772 1776 1808 per
1793 1758 1921 1807 gradus
1938 1757 2134 1805 degenerat
2149 1784 2159 1800 ,
2187 1755 2274 1803 equi
2296 1766 2358 1792 au-

1310 1818 1386 1848 tem
1403 1838 1414 1854 ‚
1439 1822 1533 1859 quos
1563 1811 1695 1848 subitus
1725 1810 1875 1847 morbus
1896 1809 2139 1856 corripuerat.
2169 1805 2268 1855 quafi
2289 1805 2359 1862 una

1310 1860 1414 1909 plaga
1442 1861 1564 1899 effeeti
1587 1870 1687 1898 erant
1707 1860 1905 1909 degeneres
1920 1886 1930 1902 ‚
1957 1870 2028 1895 nec
2047 1856 2180 1894 morbo
2200 1864 2358 1904 correpti

1311 1911 1355 1949 ad
1386 1912 1544 1960 palmam
1577 1923 1719 1949 currere
1741 1917 1935 1960 poterant,
1963 1907 2060 1946 unde
2079 1906 2276 1956 legendum
2296 1918 2358 1954 ap-

1311 1970 1414 2010 paret
1435 1975 1519 2000 cum
1542 1962 1644 2000 Basti.

1363 2018 1514 2060 Degener
1527 2041 1537 2057 ,
1567 2025 1610 2052 (9·
1623 2012 1764 2062 palmae
1777 2039 1788 2056 ‚
1816 2019 2040 2060 veterumque
2061 2019 2136 2048 (9⁴2⁶.

1310 2062 1399 2100 Eae.
1424 2063 1506 2099 Fab.
1527 2063 1614 2100 vers.
1636 2063 1718 2108 580.

1364 2114 1593 2163 Membraque
1606 2112 1785 2161 pendentis
1805 2111 1954 2148 tendunt
1978 2110 2025 2145 ad
2037 2108 2148 2157 fidem
2166 2108 2254 2145 coeli.

1311 2163 1442 2200 Versus
1472 2163 1694 2200 absurditatis
1722 2164 1859 2211 plenus.
1887 2163 2047 2210 primum
2079 2158 2180 2208 quod
2203 2157 2358 2194 membra

1311 2214 1446 2250 tendere
1475 2214 1656 2251 obscoena
1678 2213 1809 2262 phrasis
1830 2213 1890 2250 est.
1918 2211 2050 2248 deinde
2071 2209 2171 2260 quod
2186 2208 2267 2245 cum
2294 2220 2357 2262 per

1310 2262 1490 2313 adspiceres
1511 2266 1631 2302 oratio
1652 2264 1848 2311 Participlis
1868 2262 2091 2301 absolvatur,
2121 2260 2246 2297 Verbo
2270 2258 2360 2315 asse-7

1313 2316 1381 2352 cla-s
1410 2315 1492 2352 suos
1521 2315 1678 2352 trahenti
1707 2314 1826 2353 nullus
1856 2315 1904 2351 est
1931 2313 2046 2349 locus.
2098 2310 2252 2347 Adhaec
2280 2308 2359 2346 fieri

1309 2377 1386 2402 non
1419 2365 1557 2414 potest,
1587 2373 1626 2403 ut
1656 2365 1718 2413 qui
1746 2363 1828 2402 laffa
1858 2364 1997 2401 lumina
2023 2361 2193 2409 supremo
2216 2359 2358 2415 versant

1310 2425 1440 2461 motu,
1469 2417 1560 2453 vires
1582 2416 1739 2453 habeant
1759 2416 1902 2452 brachia
1924 2413 1968 2450 ad
1984 2414 2128 2450 coelum
2154 2409 2356 2466 tendendi3

1310 2464 1391 2502 curn
1437 2466 1624 2512 supremus
1665 2466 1861 2503 oculorum
1904 2473 2026 2501 motus
2055 2462 2151 2500 aliud
2181 2461 2356 2508 consequi

1307 2517 1414 2564 possit
1442 2517 1532 2554 nihil
1569 2516 1684 2564 quarn
1714 2516 1935 2565 exspiratio:
1975 2524 2014 2552 ut
2042 2515 2132 2551 item
2166 2511 2250 2550 Lib.
2284 2509 2356 2548 Vt.
2389 2560 2391 2563 .

1313 2567 1399 2605 Fab.
1419 2580 1480 2605 111.
1506 2567 1594 2605 vers.
1616 2568 1698 2614 246.

1697 2616 1981 2666 stmulsuprema
1996 2616 2152 2665 jacentes

1361 2670 1513 2706 Lumina
1532 2669 1718 2717 versatum
1734 2696 1743 2712 ,
1770 2669 1931 2705 animam
1947 2666 2052 2713 fimul
2072 2663 2298 2701 exhalarunt.

1309 2720 1471 2769 denique
1494 2720 1677 2769 pendentes
1698 2719 1848 2755 tendunt
1869 2717 1985 2765 arguit
2007 2715 2227 2754 sterilitatem
2254 2714 2357 2762 ingn-

1310 2772 1384 2813 nii,
1411 2783 1487 2819 quo
1507 2771 1722 2819 relinquitur
1745 2769 1888 2807 versum
1911 2767 2040 2804 Ovidii
2065 2777 2139 2802 non
2153 2762 2240 2819 effe.
2319 2811 2325 2816 .

1362 2820 1447 2858 Fab.
1465 2833 1587 2859 xxvu.
1609 2820 1699 2857 vers.
1721 2820 1807 2865 671.
1833 2831 1911 2856 cum
1930 2813 2208 2867 queisfimultpse
2219 2812 2354 2858 resedit.

1412 2871 1574 2919 Adspicit
1592 2870 1772 2907 Aeoliden.
1965 2914 1971 2920 ι

1310 2922 1381 2959 Pro
1422 2922 1584 2958 maxima
1622 2919 1854 2957 distinetione
1882 2915 2036 2952 minima
2066 2910 2238 2961 ponenda
2271 2910 2320 2948 est
2341 2939 2361 2956 ,Α

1310 2983 1397 3011 nam
1410 2971 1520 3020 simul
1540 2972 1586 3009 est
1608 2969 1713 3007 fimul
1730 2977 1784 3003 ac.

1525 3065 1711 3105 LIB
1767 3066 1913 3104 Ro
1969 3063 2127 3102 VIII.

1363 3169 1447 3206 Fab.
1467 3181 1492 3206 1.
1514 3167 1603 3205 vers.
1626 3180 1706 3205 122.
1811 3180 1869 3205 nec
1888 3175 2000 3204 mater
2018 3164 2169 3213 imagine
2188 3165 2285 3202 tauri

1363 3224 1454 3265 Lusa
1474 3228 1537 3255 tua
1555 3219 1596 3266 est
1617 3236 1628 3255 .·
1652 3217 1781 3267 generis
1791 3219 1889 3268 falsa
1908 3217 1951 3268 est
1969 3230 2007 3256 ea
2019 3215 2148 3265 jahala
2165 3231 2177 3255 ε
2204 3215 2330 3254 veriam
2343 3242 2355 3260 2

1362 3274 1407 3309 Et
1420 3270 1519 3317 ferus
1532 3296 1547 3315 ,
1571 3280 1615 3310 ω’
1633 3279 1748 3321 captus
1767 3279 1840 3310 effic.
2248 3317 2357 3356 Lem

2306 3347 2329 3367 ὓ
