2483 3616
190 135 323 208 1058

673 132 734 190 P.
807 126 1226 188 OVIDII
1301 125 1832 185 NASONIS

485 237 609 294 Offa
635 254 852 310 gravem
880 235 1006 289 dare
1033 231 1194 287 fracia
1218 232 1436 296 sonum,
1474 232 1762 309 feffamque
1789 231 2000 290 videres

487 312 737 368 Exhalari
762 309 989 363 animam
1009 330 1022 368 3
1065 306 1337 376 nullasque
1362 305 1418 358 in
1442 322 1671 376 corpore
1695 321 1900 379 partes,

486 386 724 441 Noscere
752 399 878 454 quas
902 378 1071 452 poffes
1098 398 1109 432 ε
1150 396 1426 450 unumque
1454 391 1566 431 erat
1592 381 1772 433 omnia
1798 381 2003 437 vulnus,

346 477 449 530 530
486 461 632 515 Num
658 469 839 529 poteS,
877 469 966 509 aut
990 453 1154 508 audes
1181 452 1318 506 cladi
1342 467 1674 522 componere
1697 452 1933 515 nostrae,

486 529 761 604 Nympha,
804 541 948 582 tuam
977 528 994 579 ?
1034 525 1145 579 vidi
1173 542 1393 597 quoque
1418 525 1538 578 luce
1563 524 1798 579 carentia
1825 539 2014 592 regua:

486 604 559 658 Et
586 604 820 658 lacerum
844 601 956 654 fovi
982 596 1443 670 Phlegethontide
1468 614 1662 668 corpus
1687 598 1742 652 in
1769 595 1931 651 unda.

486 678 603 732 Nec
621 715 634 739 ‚
675 676 769 731 nifi
795 673 1110 747 Apollineae
1135 670 1312 725 valido
1339 670 1695 724 medicamine
1722 669 1913 743 prolis,

481 750 722 806 Reddita
749 749 854 803 vita
881 747 1041 802 foret.
1084 763 1244 818 quam
1271 743 1549 817 postquam
1574 743 1802 799 fortibus
1828 736 2004 797 herbis

344 840 439 897 535
485 828 670 898 Atque
699 840 802 895 ope
828 820 1089 884 Paeonia,
1128 819 1258 872 Dite
1282 817 1627 889 indignante,
1663 816 1877 888 recepi;

485 897 637 951 Tum
661 897 820 960 mihi,
859 912 926 949 ne
955 892 1198 966 praesens
1225 909 1481 963 augerem
1507 891 1742 945 muneris
1766 888 1919 959 hujus

483 970 741 1024 Invidiam
760 1010 775 1034 ,
813 967 999 1023 densas
1029 965 1228 1036 objecit
1253 964 1488 1036 Cynthia
1514 963 1706 1018 nubes:

491 1042 677 1116 thue
700 1042 876 1098 forem
903 1054 1078 1102 tutus;
1122 1036 1433 1110 poffemque
1462 1038 1684 1109 impune
1709 1036 1913 1103 videri;

419 1183 423 1186 ¹
492 1117 727 1172 Addidit
750 1127 981 1171 aetatem
1005 1133 1016 1166 :
1057 1131 1159 1167 nec
1188 1110 1561 1184 cognoscenda
1585 1110 1804 1183 reliquit

342 1207 448 1265 540
487 1191 598 1246 Ora
625 1190 771 1245 mihi.
809 1188 1125 1260 Cretenque
1151 1185 1244 1240 diu
1268 1184 1531 1239 dubitavit
1559 1183 1863 1239 habendam

485 1264 786 1327 Traderet,
824 1279 890 1317 an
914 1261 1111 1315 Delon.
1149 1258 1293 1313 Delo
1319 1259 1596 1331 Cretaque
1621 1255 1821 1312 reliffls

486 1338 601 1394 Hic
627 1337 801 1410 posuit
827 1354 838 1390 z
878 1350 1189 1406 nomenque
1213 1331 1389 1396 simul,
1428 1330 1579 1404 quod
1605 1329 1765 1403 pol‘iit
1791 1349 2058 1406 equorum

486 1410 871 1473 Admonuiffe,
908 1407 1059 1478 jubet
1092 1406 1370 1477 deponere
1400 1423 1411 1458 ;

1452 1404 1675 1477 Quique
1700 1404 1841 1460 fuisti

490 1484 857 1557 Hippolytus,
897 1481 1066 1545 dixit,
1106 1497 1247 1534 nunc
1272 1478 1420 1533 idem
1448 1477 1672 1534 Virbius
1697 1478 1824 1533 est0.

349 1575 444 1632 545
489 1558 622 1613 Hoc
646 1575 834 1612 nemus
858 1555 987 1610 inde
1013 1555 1153 1609 colo.
1195 1552 1265 1606 de
1291 1552 1500 1625 Disque
1528 1551 1823 1607 minoribus
1848 1556 1989 1607 unus‘

487 1632 724 1688 Numine
749 1630 846 1690 sub¹
870 1628 1124 1685 dominae
1150 1627 1291 1685 lateo
1320 1644 1332 1680 ;
1375 1624 1538 1701 atque
1566 1627 1851 1681 accenseor
1881 1625 1970 1680 illi.

711 1772 880 1819 ΕΑΒ.
939 1769 1164 1818 XLVI.
1224 1767 1835 1816 ARGUMENTUM.

1006 1857 1021 1877 ²
1056 1850 1227 1917 Egeria
1261 1849 1310 1895 in
1345 1848 1544 1896 fontem.

265 1969 284 1996 ¹³
308 1972 468 2034 Egeria
491 1969 696 2030 Nympha
714 2003 728 2028 ,
752 1972 928 2016 Numae
957 1970 1186 2030 Pompiliic
1209 1968 1358 2029 conjux
1373 2002 1387 2027 ,
1413 1965 1430 1992 ‘³
1444 1967 1536 2029 post
1549 1969 1641 2014 viri
1652 1963 2033 2025 interitumcumfh
2046 1967 2091 2009 in
2102 1980 2245 2012 nemus
2258 1967 2372 2013 Ari-

202 2040 342 2085 cinum
367 2037 622 2098 contccliffet,
657 2040 673 2058 ‘²
698 2035 758 2079 ibi
780 2036 920 2096 questu
948 2036 1118 2096 aclfidao
1143 2034 1317 2094 deflevit
1329 2033 1469 2097 casum
1484 2035 1600 2092 viri,
1637 2029 1853 2094 ‘fatigans
1864 2031 2083 2091 Dianam,
2095 2030 2180 2088 ejus
2192 2033 2371 2094 regionis

204 2234 329 2272 Vatic.
359 2234 551 2273 Boxhorn.
582 2233 620 2273 δε
640 2243 733 2273 unus
755 2243 873 2272 meus.
899 2231 1023 2280 Puto}
1061 2240 1172 2282 vepre.
1201 2229 1266 2279 See*

204 2297 298 2324 neca
322 2286 480 2336 Hippoi.
507 2298 613 2325 1002.

617 2338 698 2375 inde
711 2336 946 2387 semanimem
956 2336 1079 2386 secant

257 2388 420 2438 Virgulta
435 2417 446 2434 ,
474 2389 586 2427 acutis
603 2390 710 2438 asperi
729 2398 846 2438 vepres
863 2389 971 2426 rubis.
1001 2390 1144 2426 Hiems.

260 2442 342 2488 526.
373 2442 514 2478 Partim
543 2440 700 2490 reprensa
735 2440 927 2490 relinqui.]
969 2439 1144 2490 Deprensa
1175 2437 1265 2486 legit

207 2491 358 2529 Delrius
395 2493 441 2531 ad
471 2493 725 2542 Hippolytum
761 2492 921 2530 Senecae
955 2491 1010 2534 Ji'ls.
1050 2502 1155 2539 1051.
1194 2489 1265 2527 Sed

207 2543 353 2590 vulgata
369 2571 379 2587 ,
408 2555 521 2593 quam
542 2546 578 2582 ὅ(
601 2544 681 2582 libri
704 2550 845 2581 veteres
864 2543 1067 2592 agnoscunt
1082 2570 1091 2587 ‚
1118 2552 1196 2579 non
1216 2539 1266 2578 est

208 2591 443 2633 sollicitanda.
462 2595 657 2644 reprendere
678 2595 778 2633 enim
801 2594 849 2632 est
872 2595 1020 2644 proprie
1034 2606 1078 2631 ex
1103 2593 1189 2641 fuga
1210 2603 1267 2628 re-

209 2642 364 2699 trahere..
399 2646 498 2683 Vide
520 2647 638 2684 Notas
659 2646 720 2684 lib.
740 2658 933 2695 xx11.235.
954 2644 1052 2694 apud
1071 2644 1266 2681 Caesarem

209 2691 303 2730 Belli
317 2692 443 2731 Civilis
454 2696 544 2734 libro
557 2699 680 2745 primo
693 2725 703 2742 ‚
732 2697 928 2746 reprendere
941 2726 951 2743 ,
971 2709 1038 2747 pro
1051 2695 1267 2745 deprendere,

210 2751 267 2781 ter
311 2753 490 2800 quaterve
532 2748 665 2796 legitur
709 2749 745 2785 in
794 2749 941 2787 vetustis
989 2747 1269 2795 exemplaribus.

210 2794 359 2883 Ib-(llfirdns.
389 2801 593 2846 Parumque
616 2799 752 2848 repressa
773 2800 861 2836 orflo
877 2800 970 2837 libri.
990 2799 1151 2849 deprensa
1174 2808 1267 2836 unus

264 2857 282 2883 e
312 2857 356 2883 ic.

267 2908 352 2945 527.
382 2896 545 2935 Membra
569 2897 674 2948 rapi]
705 2899 815 2936 Liber
835 2900 917 2937 Urs.
936 2898 1047 2937 trahi.-
1060 2900 1165 2949 quod
1184 2910 1268 2949 pro-

214 2948 277 2987 bo.
307 2949 479 2988 Cromn-

268 3000 353 3045 528.
382 2999 560 3036 Exhalare
579 2998 781 3050 animam]
811 2999 1009 3046 Exhalari,
1038 3011 1123 3038 curn
1145 2999 1270 3048 pleris-

215 3062 288 3100 que
309 3051 455 3101 scriptis.
487 3051 635 3089 Heme.

271 3114 357 3149 530.
387 3109 485 3139 Num
513 3110 625 3150 potes,
654 3113 719 3140 aut
747 3102 851 3139 audes
879 3100 976 3152 eya]
1009 3101 1121 3140 Liber
1143 3113 1269 3147 meus,

216 3157 323 3188 Nunc
338 3164 440 3203 potes.
470 3153 578 3190 Unus
599 3155 721 3191 Vatic.
749 3161 831 3191 Non
844 3163 946 3203 potes.
975 3153 1081 3191 Alius
1095 3181 1104 3198 ,
1134 3157 1198 3190 An
1212 3162 1271 3202 po-

217 3211 276 3239 tes.
306 3204 347 3241 In
372 3204 524 3259 Cacless.
548 3204 619 3249 est,
648 3205 744 3243 utin
764 3206 963 3255 impreffis,
992 3204 1096 3254 quod
1115 3205 1272 3255 sequen-

218 3251 307 3290 dum
331 3255 493 3293 arbitror.
520 3255 688 3294 CIOFAN.

271 3316 288 3352 ς
298 3315 355 3353 32.
383 3306 509 3357 fova]
543 3308 637 3346 Lavi
657 3314 828 3358 quatuor.
850 3307 927 3359 vidi
941 3319 1044 3351 unus.
1059 3307 1146 3365 qui
1166 3296 1267 3363 alius.⁴

2256 2100 2369 2144 inco-

1373 2241 1459 2281 533.
1488 2229 1727 2269 Medicamine
1742 2228 1888 2280 prolis.]
1919 2228 2047 2266 Mortis
2066 2227 2228 2277 Neapol.

1375 2295 1459 2330 541.
1488 2282 1574 2319 Delo
1611 2280 1826 2331 Cataqua]
1873 2286 2041 2331 Creteque
2069 2279 2219 2317 Thuan.
2251 2279 2289 2317 &
2314 2280 2374 2318 alii

1322 2333 1424 2372 ono.
1435 2345 1649 2383 quanquam
1662 2333 1805 2371 sextum
1819 2331 1940 2370 casum
1957 2360 1967 2377 ‚
1994 2343 2072 2381 quo
2085 2331 2218 2368 Graeci
2236 2339 2376 2376 carent,

1321 2386 1358 2423 in
1378 2386 1593 2424 nominibus
1614 2385 1737 2434 Grajis,
1747 2385 1880 2421 Latina
1900 2382 2164 2421 enunciatione
2185 2382 2288 2430 saepe
2301 2382 2377 2419 La-

1321 2438 1389 2476 tini
1413 2437 1593 2484 efferunt,
1623 2435 1671 2474 fic
1690 2436 1733 2475 ab
1753 2434 1936 2484 Anchisa,
1964 2434 2008 2473 ab
2022 2435 2179 2479 Laerta,
2205 2433 2250 2472 ab
2269 2432 2379 2479 Arri-⁴

1323 2488 1381 2527 da.
1410 2489 1556 2526 Hiems.

1375 2541 1458 2589 546.
1486 2545 1610 2590 Atque
1639 2536 1799 2589 assentior
1829 2537 1921 2589 illi.]
1952 2537 2064 2575 Liber
2092 2547 2198 2574 meus
2220 2536 2260 2574 δε
2282 2535 2378 2572 Cae2

1321 2591 1396 2631 lest.
1419 2592 1579 2638 habent,
1615 2596 1737 2639 Atque
1755 2591 1918 2641 acceptior
1937 2589 2002 2627 illi.
2041 2586 2161 2637 Quod
2176 2587 2202 2624 fi
2223 2586 2376 2632 recipia-

1322 2652 1382 2682 tur
1401 2642 1602 2693 Acceptior,
1630 2642 1728 2679 valet
1751 2643 1867 2680 carior
1881 2671 1891 2686 ,
1921 2643 1959 2679 δε
1982 2636 2270 2678 subaudiendum
2291 2647 2376 2673 ver-

1323 2695 1412 2733 bum
1425 2695 1519 2741 sum.
1548 2695 1717 2731 CiorAN.
1748 2693 1926 2743 Acceptior
1943 2686 2376 2733 Thuan.Arond.Juret.

1324 2747 1393 2785 sec.
1423 2745 1537 2783 Palat.
1566 2752 1682 2794 quart.
1706 2744 1847 2782 Medic.
1879 2746 1917 2782 &
1937 2740 2095 2779 sedecim
2117 2738 2189 2775 alii.
2215 2735 2375 2786 accerfior

1324 2798 1542 2846 Bernegger.
1567 2796 1714 2843 Junian.
1736 2796 1774 2831 ὅ(
1793 2795 1869 2831 duo
1890 2792 1961 2828 alii.
1983 2789 2062 2833 vel,
2091 2801 2270 2826 accerceor.
2296 2789 2373 2827 duo

1324 2851 1415 2888 item
1432 2876 1442 2892 ‚
1471 2847 1640 2897 affentior.
1659 2843 1835 2882 Arondel.
1857 2854 1923 2890 pro
1944 2840 2083 2878 diversa
2101 2838 2264 2877 leffione
2278 2867 2288 2884 ‚
2317 2853 2375 2877 ac-

1326 2897 1470 2945 cenffior.
1510 2897 1737 2935 Graevianus
1759 2920 1769 2936 ,
1805 2893 1974 2943 aſjcnseor.
2011 2890 2158 2935 Scribe,
2193 2891 2378 2939 accenseor.

1325 2959 1437 2999 atque
1467 2949 1516 2986 ita
1550 2948 1656 2994 prim.
1689 2945 1884 2989 Strozzae,
1913 2954 2006 2981 unus
2029 2940 2199 2980 Leidens.
2220 2942 2258 2978 ὅ(
2281 2952 2377 2979 unus

1324 2998 1497 3038 Ambros.
1526 2995 1684 3045 eleganti
1709 2997 1746 3031 δε
1778 2997 1928 3044 proprio
1951 2993 2067 3032 verbo
2084 3021 2094 3037 ,
2131 2992 2235 3041 quod
2260 2993 2372 3030 etiarn

1327 3050 1469 3088 Nasoni
1503 3047 1766 3086 redonavimus
1802 3047 1897 3084 Met.
1930 3057 1995 3084 111.
2034 3044 2090 3088 Μ.
2119 3046 2205 3093 691.
2243 3043 2376 3088 Statius

1328 3101 1453 3139 Theb.
1475 3112 1526 3137 rx.
1549 3111 1633 3146 397.
2243 3110 2246 3112 ·

1379 3153 1442 3191 Ad
1461 3151 1582 3187 cineres
1597 3149 1727 3199 saltem
1738 3151 1968 3199 supremaque
1979 3147 2074 3197 justa
2094 3156 2236 3184 tuorum

1379 3210 1484 3240 Saeve
1501 3201 1584 3238 veni
1597 3217 1606 3245 ;
1638 3215 1705 3238 non
1723 3201 1777 3237 his
1792 3201 1908 3249 solum
1930 3198 2104 3248 accensure
2125 3200 2292 3248 nepotem}

1326 3257 1375 3294 ita
1403 3254 1530 3292 scribo.
1564 3253 1700 3302 vulgati
1732 3251 1799 3290 hic.
1833 3261 1873 3290 ut
1898 3251 1943 3289 ab
1973 3249 2150 3287 accendere
2177 3247 2373 3287 derivetur]

1325 3308 1414 3347 hinc
1436 3306 1474 3346 δε
1496 3302 1624 3356 accenfi
1643 3302 1730 3345 dicti
1751 3303 1838 3344 teste
1852 3303 2007 3358 Nonio,
2036 3300 2127 3356 quet}
2140 3298 2376 3386 dffmifmibg

2472 0 2483 58 aaa
