2483 3616
294 196 448 257 ΜΕ
483 187 728 250 TAM
764 185 818 243 o
854 184 912 243 R
947 182 1092 241 PH
1128 184 1182 242 o
1220 184 1256 241 s
1293 181 1343 239 E
1379 181 1526 241 oN
1598 182 1740 239 Lm.
1813 182 1921 243 vi·

325 313 467 367 Inter
489 303 737 363 mortales
762 301 1037 358 faciendae
1060 301 1289 355 maxima
1311 300 1472 354 lanae.

325 381 477 437 Cede
502 379 675 432 Deae:
713 376 1031 447 veniamque
1055 374 1158 446 tuis
1184 372 1461 427 temeraria
1485 369 1638 425 dietis

323 451 568 522 Supplice
596 466 730 502 voce
755 465 899 519 roga.
938 447 1145 501 veniam
1174 445 1318 499 dabit
1343 445 1435 498 illa>
1452 444 1676 515 roganti.

321 523 565 595 Adspicit
590 522 724 576 hanc
751 519 943 583 torvis,
980 520 1298 590 inceptaque
1321 517 1405 571 fila
1430 516 1719 588 relinquit3

224 615 287 666 35
326 596 543 667 Vixque
566 611 783 648 manum
808 593 1067 654 retinen3‚
1101 589 1437 662 confessaque
1458 588 1690 644 vultibus
1712 589 1841 644 iram
1864 626 1901 656 ,Δ

327 668 547 722 Talibus
571 666 844 720 obscuram
868 665 1102 719 resecuta
1124 663 1200 717 est
1222 661 1430 716 Pallada
1455 660 1635 715 dictis:

328 740 534 795 Mentis
559 740 712 810 inops
729 777 743 801 ‚
779 739 1044 809 longaque
1067 736 1211 790 venis
1238 733 1479 789 confecia
1502 733 1738 789 senecta:

328 811 402 867 Et
428 811 652 865 nimium
675 809 856 864 vixiffe
881 809 974 862 diu
997 820 1174 861 nocet.
1212 807 1389 860 audiat
1413 806 1527 860 istas
1546 844 1562 870 ,

332 884 387 938 Si
413 902 517 956 qua
539 884 636 937 tibi
665 900 826 936 nurus
851 880 950 943 est,
989 879 1025 933 fi
1049 896 1151 951 qua
1178 879 1252 932 est
1275 878 1371 932 tibi
1395 879 1526 941 filia,
1561 896 1738 935 voces,

224 977 295 1030 40
336 956 555 1010 Consilii
580 955 696 1010 satis
723 954 797 1009 est
824 954 877 1007 in
902 970 987 1006 me
1013 951 1160 1005 mihi.
1198 967 1336 1003 neve
1363 950 1639 1005 monendo

333 1027 621 1084 Profeciffe
647 1040 827 1099 putes;
869 1024 1057 1078 eadem
1081 1022 1338 1076 sententia
1359 1022 1526 1076 nobis,

333 1101 447 1155 Cur
475 1118 586 1155 non
607 1100 713 1171 ipsa
737 1097 912 1161 venit3
951 1113 1046 1150 cur
1073 1093 1203 1148 haec
1231 1095 1520 1148 certamina
1543 1094 1707 1147 vitat?

334 1173 485 1228 Tum
508 1172 650 1234 Dea,
689 1169 883 1231 Venit,
921 1168 1020 1230 ait;
1061 1166 1397 1238 formamque
1425 1166 1655 1220 removit
1679 1166 1927 1231 anilema

334 1244 647 1314 Palladaque
673 1241 928 1295 exhibuit.
964 1251 1284 1294 venerantur
1310 1239 1527 1292 numina
1550 1239 1830 1310 Nymphae
1848 1283 1862 1302 ,

224 1336 292 1387 45
328 1314 803 1386 Mygdonidesque
829 1330 1006 1366 nurus,
1045 1312 1149 1364 sola
1175 1310 1249 1364 est
1272 1327 1384 1364 non
1413 1311 1596 1364 territa
1620 1310 1791 1381 virgO.

339 1381 444 1442 Sed
471 1400 649 1441 tamen
677 1385 920 1449 erubuit;
958 1384 1263 1456 subitusque
1291 1382 1455 1437 invita
1482 1382 1688 1437 notavit

105 1598 257 1631 Domum
272 1586 459 1639 servavit,
484 1587 606 1625 lanam
618 1586 718 1634 fecit.

56 1658 204 1695 Lucret.
223 1666 257 1691 v.
281 1663 385 1701 1353.
864 1698 870 1705 ⁸

78 1727 88 1732 ν
105 1711 150 1742 Et
159 1707 271 1752 facere
287 1713 368 1738 ante
386 1701 478 1737 viros
495 1699 616 1736 lanam
637 1709 766 1736 natura
787 1700 900 1748 co‘e‘gzt.

56 1756 155 1794 Vide
174 1754 218 1792 ad
242 1753 348 1801 Epist.
368 1764 444 1789 xxx.
465 1763 524 1799 49.
552 1751 684 1788 Eum.

106 1817 162 1853 34.
201 1803 331 1853 Aspicit
371 1802 461 1838 hanc
497 1801 618 1839 torvis.
638 1801 653 1851 ]
712 1799 945 1849 Subintellige
975 1797 1092 1836 oculis.

59 1857 276 1894 (honnus.

110 1918 165 1953 34.
194 1911 391 1953 Inceptaque
418 1901 480 1947 fila
514 1900 718 1950 relinquit.]
774 1898 913 1947 Remifit
944 1900 1091 1939 Lovan.

60 1957 99 1995 δε
117 1967 208 1994 unus
230 1967 275 1991 ex
294 1952 558 1991 Bafileenfibus.
585 1952 644 1988 lib.
663 1964 709 1988 11.
727 1951 816 1988 Fast.
837 1963 919 1998 755.

109 2004 241 2053 Desinit
261 2006 297 2040 in
315 2004 486 2052 lacrymas
500 2030 510 2047 ,
536 2002 734 2052 inceptaque
744 2001 814 2048 fila
837 1998 976 2050 remisit.

63 2068 223 2116 Epistola
242 2079 320 2103 xxx.
344 2078 426 2112 197.

115 2116 273 2153 Stamina
291 2116 331 2152 de
349 2115 463 2164 digitis
485 2114 624 2151 cecidere
636 2114 749 2164 sopore
767 2114 919 2163 remiffi’s..

68 2180 239 2220 Tibullus
258 2181 319 2217 lib.
344 2192 372 2217 r.
401 2180 498 2228 Eleg.
519 2193 583 2216 111.

117 2238 174 2269 At
192 2231 280 2266 circa
295 2229 460 2277 gravibus
474 2228 576 2278 pensis
595 2230 715 2286 adfigea
725 2230 841 2280 puella

169 2280 350 2317 Paulatim
364 2280 480 2324 fhmno
491 2280 575 2327 fessa
592 2292 763 2319 remittere
782 2291 872 2331 opus.

70 2330 188 2370 Libro
208 2339 332 2368 tamen
354 2330 450 2366 Artis
469 2341 511 2365 11.
531 2329 587 2374 78.

271 2380 440 2428 inceptum
459 2378 582 2414 dextra
597 2379 762 2430 relinquit
780 2390 867 2429 opus.
894 2382 1036 2419 HEINS.

71 2443 268 2492 „Infectaque
287 2441 418 2489 Sprotii
450 2441 487 2478 ὅ(
510 2441 609 2478 alius.
633 2442 705 2478 vid.
723 2442 782 2478 lib.
794 2455 846 2479 1v.
881 2455 936 2480 ro.
956 2445 994 2480 ὅ(
1013 2454 1103 2480 mox

70 2505 155 2530 202.
182 2493 370 2541 relinquere
401 2503 490 2528 vero
520 2492 557 2528 δί
577 2491 748 2527 remittere
772 2493 1017 2529 confuderunt
1040 2494 1107 2529 ite-

72 2554 154 2581 rum
175 2543 306 2580 librarii
327 2553 417 2578 mox
440 2541 523 2578 228.
540 2541 599 2578 sed
618 2552 685 2577 nos
704 2540 749 2577 ad
775 2541 797 2578 1.
819 2543 953 2579 11.Art.
969 2541 1113 2587 am.78.

71 2594 229 2630 rationes
249 2592 414 2629 dedimus
433 2619 442 2635 ,
454 2602 565 2640 quare
583 2590 771 2639 relinquere
789 2594 1043 2639 praeferamus.
1062 2605 1114 2627 re-

76 2643 211 2679 mittere
231 2642 371 2679 tectum
383 2641 430 2678 est
450 2643 487 2679 in
506 2642 571 2678 illis
589 2641 678 2678 locis
698 2668 709 2683 ‚
736 2642 795 2678 ubi
814 2643 927 2678 animi
945 2642 1103 2690 quadam

75 2692 291 2737 affectione,
328 2692 502 2740 languore
531 2699 593 2728 aut
617 2690 724 2727 fimili
758 2690 838 2728 casu
859 2704 903 2728 ex
925 2704 1035 2729 manu
1065 2693 1103 2728 &

75 2742 192 2791 digitis
208 2741 342 2791 aliquid
359 2742 463 2779 cadit.
489 2741 548 2778 sed
571 2741 758 2790 relinquere
785 2742 833 2779 est
863 2753 948 2779 cum
974 2742 1102 2790 sponte

77 2793 116 2830 δε
136 2794 302 2829 volentes
323 2791 519 2829 definimus
539 2803 641 2839 opus.
668 2790 800 2828 Buizm.

132 2851 189 2889 37.
217 2841 416 2889 Confecta]
453 2842 584 2890 Defeffa
603 2853 695 2879 unus
715 2843 877 2886 Moreti,
905 2842 1002 2880 unde
1016 2843 1106 2889 deje-

80 2893 136 2926 sta
156 2891 559 2938 conjiciebatHeinfius.
585 2900 625 2928 ut
652 2892 802 2928 Phaedr.
831 2892 891 2929 lib.
916 2905 945 2930 r.
964 2905 1022 2930 21.
1050 2892 1108 2928 de-

75 2942 186 2986 setius
195 2940 309 2977 annis.
334 2942 438 2976 tarda
454 2941 514 2978 vel
530 2941 644 2989 gelida
663 2943 797 2989 senecta
807 2943 974 2980 nonnulli
986 2944 1108 2980 etiam.

131 3001 191 3034 40.
218 2996 316 3026 Neve
327 2991 489 3027 monendo
501 2990 670 3039 Proseciffe
679 2992 815 3040 putes.]
832 2993 890 3030 Sic
902 2993 1014 3030 Plaut.
1026 2995 1112 3030 Me-

85 3039 212 3075 naech.
227 3051 259 3076 1.
285 3052 337 3076 11.
361 3053 414 3085 14.
443 3046 563 3090 Atqu-e
575 3041 657 3077 adeo
677 3054 718 3076 ne
737 3054 790 3077 me
811 3043 1113 3092 nequicquamser-

89 3101 172 3130 ves,
198 3087 235 3122 ob
266 3101 340 3124 eam
366 3090 570 3135 industriam
601 3091 698 3126 hodie
728 3090 853 3128 ducam
885 3094 1037 3141 scortum
1067 3095 1115 3130 ad

96 3149 244 3173 caenam.
269 3138 420 3177 Domi.
474 3140 542 3176 Sed
564 3140 611 3177 ibi
637 3141 825 3179 sarcasmus
844 3142 894 3179 est
921 3144 1115 3182 &ironica

90 3185 204 3224 irrisio
218 3213 240 3228 ,,
255 3186 313 3223 hic
331 3199 419 3225 vero
447 3189 559 3226 sensus
578 3190 625 3226 est
638 3217 648 3233 ‚
661 3189 686 3226 si
709 3202 769 3226 me
790 3191 912 3229 videas
941 3192 977 3229 id
996 3205 1118 3240 agere,

93 3248 142 3274 ne
163 3244 264 3283 putes
282 3247 327 3290 ex
345 3244 410 3273 tuo
430 3238 579 3276 consilio
598 3251 658 3275 me
679 3237 715 3275 id
733 3240 851 3281 facere
865 3268 875 3283 ‚
898 3241 956 3278 sed
979 3254 1024 3278 ex
1035 3255 1118 3280 mea

92 3286 282 3332 sententia,
300 3296 337 3323 m
346 3297 416 3334 qua
427 3287 567 3335 persilio
582 3302 592 3326 ·.
617 3300 704 3326 nam
715 3299 759 3325 ex
778 3289 933 3329 Douzae
944 3291 1119 3331 sententia

2072 1458 2184 1516 Ora

1143 1582 1341 1632 legendum
1354 1584 1559 1628 foret,neve
1576 1583 1742 1620 monendo
1756 1582 1820 1620 Nil
1830 1584 1941 1637 jecisse
1954 1595 2076 1636 putes,
2096 1589 2183 1628 utin

1144 1634 1264 1672 Plauti
1283 1635 1392 1678 loco,
1422 1634 1663 1684 nequicquam.
1695 1634 1911 1673 BURMANN.

1197 1696 1256 1733 43.
1285 1691 1373 1721 Tum
1389 1691 1478 1728 Dea,
1489 1684 1600 1727 venit,
1614 1684 1677 1721 ait.
1692 1683 1706 1733 ]
1722 1685 1854 1734 Insigni
1866 1688 2074 1725 temeritate
2087 1689 2187 1727 Tol-

1147 1734 1216 1772 lius
1246 1734 1289 1772 ad
1313 1736 1527 1784 Longinum
1543 1734 1636 1771 Seest.
1650 1747 1700 1771 ix.
1725 1737 1758 1776 §.
1779 1736 1834 1773 18.
1846 1745 1989 1775 truncat
2008 1739 2069 1776 hic
2090 1740 2197 1778 Poe-

1146 1793 1237 1828 tam‚
1259 1787 1296 1822 ὃ(
1326 1785 1417 1823 duos
1438 1785 1556 1822 versus
1576 1785 1737 1822 conflans
1754 1785 1791 1823 in
1812 1799 1929 1825 unum
1951 1788 2061 1837 legit:

1200 1841 1293 1871 Tunc
1304 1841 1378 1872 Dea
1391 1836 1490 1872 venit
1509 1836 1572 1872 ait.
1600 1846 1815 1873 venerantur
1833 1837 1983 1874 Pallada
1998 1840 2189 1890 Nymphae,

1146 1885 1218 1923 Sed
1239 1886 1357 1923 nullus
1380 1886 1428 1923 est
1451 1885 1590 1930 codex,
1618 1886 1683 1935 qui
1702 1897 1779 1923 non
1801 1887 1923 1925 media
1947 1889 2054 1927 verba
2075 1903 2191 1939 agno-

1146 1936 1221 1973 scit.
1247 1937 1285 1973 ὅ(
1303 1937 1563 1985 elegantissime
1591 1936 1729 1973 dietum
1764 1937 1981 1989 Palladaque
2010 1940 2191 1985 exhibuit,

1146 1986 1184 2023 id
1208 1987 1254 2024 est
1269 2015 1278 2029 ‚
1297 1987 1331 2024 se
1352 1987 1508 2024 ostendit
1538 1995 1661 2034 aperte
1682 1985 1751 2023 effe
1771 1988 1933 2033 Pallada,
1962 2001 2057 2038 quae
2088 2000 2192 2029 antea

1148 2035 1286 2084 obscura
1314 2045 1401 2074 erat.
1430 2037 1488 2074 Sic
1508 2037 1573 2074 inf.
1593 2048 1676 2085 213.

1249 2102 1419 2139 Exhibuit
1437 2091 1591 2151 linguam
1607 2102 1775 2152 scelerata
1791 2111 1986 2153 paternam.

1157 2177 1203 2202 x.
1218 2163 1300 2202 181.

1253 2225 1424 2263 Exhibuit
1438 2228 1600 2276 junff't'am
1626 2241 1702 2265 cum
1720 2227 1855 2265 viribus
1874 2237 1998 2266 artem.

1150 2287 1276 2335 Justin.
1307 2303 1395 2328 vm.
1422 2305 1456 2337 4.
1480 2297 1594 2328 Orant
1609 2320 1618 2336 ‚
1648 2301 1687 2328 ut
1698 2291 1874 2340 profeffum
1895 2290 2080 2340 adversum
2106 2291 2195 2328 Pho-

1156 2344 1260 2387 censes
1289 2346 1419 2376 Ducem
1450 2342 1612 2378 Graeciae
1638 2342 1806 2378 exhibeat.
1840 2342 1902 2379 ]ib.
1930 2354 2010 2379 xvi.
2038 2354 2072 2388 4.
2120 2344 2197 2378 Vir-

1157 2400 1269 2425 tutem
1317 2391 1452 2438 patriae
1500 2391 1655 2428 exhibere
1703 2392 1879 2439 cupientes.
1929 2392 2042 2429 Plaut.
2086 2392 2200 2430 Milir.

1161 2440 1266 2476 Glor.
1296 2450 1411 2477 11.V1.
1433 2441 1492 2489 65.
1527 2449 1657 2478 Herum
1690 2440 1848 2478 exhibeas
1875 2442 1975 2486 volo,
2010 2454 2122 2490 quem
2141 2443 2200 2479 lo-

1167 2500 1251 2525 cum
1286 2489 1418 2527 Douza
1450 2491 1675 2539 adscripscrat
1700 2490 1764 2529 suo
1792 2491 1931 2530 codici:
1954 2494 2051 2529 &ita
2072 2493 2198 2540 paffim

1166 2538 1237 2574 alii.
1265 2538 1351 2576 Vici.
1383 2542 1421 2577 ἃ
1450 2541 1494 2578 ad
1522 2541 1589 2589 Ep.
1623 2554 1720 2578 xvir.
1754 2542 1834 2579 116,
1872 2544 1910 2579 &
1932 2543 2125 2579 Muncker.
2152 2542 2199 2579 ad

1168 2587 1227 2624 lib.
1257 2600 1320 2625 111.
1344 2590 1414 2627 fab.
1435 2593 1468 2627 6.
1489 2603 1561 2639 arg.
1590 2591 1743 2628 Pallada
1757 2596 1796 2641 se
1822 2591 1979 2630 exhibuit
1989 2595 2100 2631 etiarn
2116 2593 2202 2630 Me-

1168 2638 1238 2675 dic.
1259 2640 1406 2687 primus.
1434 2641 1562 2679 BuRM.

1211 2699 1271 2737 43.
1298 2691 1497 2740 Removit.]
1528 2691 1774 2730 Amovitduo
1795 2692 1934 2731 Medic.

1188 2751 1269 2795 ¹45.
1297 2741 1624 2791 Mygdonidesque]
1640 2743 1739 2780 Cum
1760 2743 1944 2792 Hypaepe
1967 2743 2046 2781 urbs
2068 2743 2110 2781 fit
2125 2744 2203 2792 Ly-

1159 2787 1261 2833 diae,
1290 2791 1348 2827 ubi
1368 2792 1549 2829 habitabat
1566 2794 1736 2830 Arachne
1749 2821 1760 2838 ,
1788 2795 1826 2830 &
1845 2795 1936 2832 haec
1954 2795 2090 2832 ibidem
2108 2794 2205 2842 gesta

1159 2839 1369 2888 finguntur,
1399 2854 1461 2880 cur
1492 2844 1662 2881 nominat
1688 2844 1920 2892 Mygdonides
1956 2858 2086 2888 nurus,
2116 2855 2201 2880 cum

1164 2890 1371 2938 Mygdonia
1393 2892 1433 2929 fit
1453 2904 1528 2941 pars
1550 2894 1818 2939 Macedoniae,
1846 2903 1908 2932 aut
1930 2892 2134 2943 Phrygiae?
2156 2904 2202 2929 an

1167 2950 1206 2976 ut
1226 2941 1329 2989 saepe
1354 2942 1439 2980 alias
1460 2955 1478 2980 a
1501 2944 1624 2982 vicino
1646 2945 1732 2982 loco
1744 2947 1851 2982 traxit
1865 2946 2061 2993 Epitheton
2078 2941 2201 2979 ?haud

1168 2991 1301 3035 credo,
1330 2993 1367 3028 &
1397 2993 1554 3042 suspicor
1578 2994 1831 3040 scribendum,
1860 2994 2106 3041 Maeoniaeque
2137 3004 2205 3026 na-

1168 3054 1225 3077 rus
1247 3057 1256 3076 .·
1286 3053 1372 3079 nam
1405 3044 1565 3093 Lydiam
1589 3045 1723 3082 dietam
1752 3057 1903 3094 quoque
1927 3043 2139 3080 Maeoniam
2165 3041 2204 3077 in.

1170 3090 1333 3129 confesso
1366 3095 1425 3131 est.
1451 3095 1679 3132 Pom-Anus.
1721 3094 1980 3142 Maeonidesque
1996 3090 2205 3135 Vossianus,

1171 3141 1362 3180 Mediceus
1386 3146 1422 3181 ὃ(
1441 3154 1598 3193 quatuor
1618 3146 1698 3188 alii,
1727 3146 1785 3182 sed
1811 3145 1940 3180 Poetas
1964 3140 2204 3188 Mygdoniam2
2239 3163 2242 3166 »

1173 3193 1374 3227 Maeoniam
1406 3195 1443 3229 δε
1477 3195 1624 3241 Lydiam
1653 3193 1878 3231 confundere
1909 3200 2041 3228 notum
2071 3191 2129 3227 est.
2158 3191 2206 3228 sic

1175 3240 1321 3284 Niobe,
1350 3254 1442 3290 quae
1458 3244 1675 3283 Maeoniam
1698 3245 1732 3279 ἃ
1748 3242 1910 3289 Sipylum
1940 3241 2096 3284 colerat,
2125 3242 2210 3280 infr.

1180 3299 1260 3336 149.
1290 3291 1329 3328 &
1357 3291 1402 3329 acl
1424 3292 1589 3340 Sipylum
1621 3294 1658 3330 in
1686 3292 1808 3330 saxum
1831 3300 1969 3331 mutata
1988 3292 2142 3334 dicitur,
2170 3292 2208 3329 in

2026 3342 2217 3392 Asygdenia
