2483 3616
734 173 800 232 Ρ.
876 171 1292 232 OVIDII

239 198 348 248 ,230

1365 167 1900 229 NASONIS

526 267 794 344 ‘Undique
821 269 949 325 dant
976 268 1155 324 saltus:
1182 266 1457 339 multaque
1482 265 1797 340 adspergine
1822 266 2003 315 rorant
2022 278 2037 309 .-

530 342 939 415 Emerguntque
965 342 1187 395 iterum:
1214 338 1553 411 redeuntque
1576 339 1668 394 sub
1695 351 1931 406 aequora
1956 327 2156 386 rursus:

394 414 494 484 685
533 416 700 489 Inque
725 416 878 470 chori
903 414 1095 469 ludunt
1120 412 1378 485 speciem:
1407 412 1701 485 lascivaque
1721 405 1918 478 jactant

536 488 816 561 Corpora;
844 488 901 542 &
925 499 1209 559 acceptum
1232 485 1423 557 patulis
1448 502 1592 537 mare
1617 479 1826 538 naribus
1852 478 2048 533 efflant.

528 562 615 616 De
644 562 812 616 modo
836 560 1027 632 viginti
1064 562 1182 630 (tot
1202 558 1347 612 enim
1372 557 1494 610 ratis
1520 556 1607 609 illa
1631 551 1868 620 ferebat)

534 634 820 689 Restabam
846 633 999 688 solus.
1035 631 1319 706 pavidum,

1343 628 1691 701 gelidumque
1719 625 1971 682 trementi

528 707 808 780 Corpore,
832 708 1030 779 vixque
1057 721 1241 758 meum
1262 702 1438 756 firmat
1463 700 1640 765 DeUS,
1666 701 1877 778 Excute
1893 737 1908 761 ‚
1937 698 2121 754 dicens
2135 698 2155 762 ,’

387 785 490 851 690
531 779 716 834 Corde
743 793 980 840 metum,
1004 778 1275 848 Diamque
1301 788 1441 830 tene.
1479 774 1682 829 delatus
1708 775 1765 828 in
1789 769 1958 835 lllam,

535 851 787 906 Accenfis
813 852 912 905 aris
931 890 945 914 ‚
973 849 1240 904 Baccheia
1260 848 1401 903 sacra
1425 847 1732 920 frequento.

539 924 887 979 Praebuimus
910 923 1085 996 longis
1111 921 1381 978 Pentheus
1407 920 1714 994 ambagibus
1744 941 1926 988 aureS‚

295 1092 378 1142 (383.
415 1092 573 1142 Undique
605 1091 696 1128 dant
716 1089 882 1142 fidum]
913 1088 971 1128 Sic
1002 1087 1124 1139 paullo
1156 1088 1259 1138 supra
1284 1100 1292 1125 :

242 1149 363 1193 Doque
384 1143 472 1180 leves
485 1143 614 1192 saltus,
643 1143 816 1180 CIOFAN.

294 1194 378 1231 086.
406 1199 596 1244 Acceptum
619 1194 754 1244 mare]
786 1193 828 1231 Id
851 1194 922 1239 est,
950 1204 1086 1244 aquam
1121 1203 1167 1229 ex
1190 1203 1292 1229 mare

241 1253 457 1294 acceptam:
488 1246 696 1283 Continens
716 1257 784 1294 pro
809 1253 1001 1283 contento.
1038 1245 1157 1281 IDEM.
1184 1243 1293 1280 Haec

242 1297 362 1334 fabula
393 1297 488 1346 apud
533 1297 729 1346 Hyginum
763 1304 926 1334 narratur
958 1295 1029 1347 fab.
1071 1305 1222 1332 cxxxiv.
1250 1294 1291 1331 &

244 1348 412 1384 Servium
437 1347 483 1385 ad
496 1348 598 1396 Virg.
622 1360 650 1385 1.
673 1347 901 1394 Aeneid.71.
930 1346 1117 1384 Lucianus
1135 1356 1226 1382 vero
1250 1345 1289 1383 in

241 1399 478 1436 Marinorum
501 1399 668 1447 Dialogis
683 1427 694 1444 ,
720 1397 1180 1447 Neptuni&Delphinum
1195 1423 1207 1441 ,
1236 1394 1291 1434 (11-

241 1450 289 1486 cit
322 1449 459 1498 praelio
490 1449 610 1487 navali
643 1461 663 1487 a
690 1450 835 1487 Baccho
868 1449 1053 1498 superatos
1077 1476 1088 1493 ‚
1124 1448 1173 1485 ita
1205 1459 1291 1485 mu-

238 1509 346 1538 tatos.
374 1502 426 1546 &,
451 1500 496 1539 de
515 1501 730 1546 Saltatione‚
746 1500 855 1538 Indos
878 1511 1030 1550 quoque
1045 1499 1290 1549 ,Tyrrhenos

241 1552 280 1589 ἃ
304 1552 433 1601 Lydos
455 1564 542 1590 eum
573 1552 766 1602 subegisse,
795 1552 892 1589 dicit.

294 1604 378 1652 689.
409 1604 540 1655 Vixque
561 1618 676 1641 meum
690 1603 820 1651 firmat
844 1602 978 1653 Deum]
1009 1603 1107 1640 Cum
1133 1600 1287 1641 difficul-

240 1661 315 1692 tate
336 1655 454 1705 inquit
477 1667 605 1693 meum
640 1667 770 1703 corpus
796 1654 992 1692 confirmat
1015 1654 1177 1691 Bacchus
1198 1681 1210 1698 ‚
1246 1662 1287 1691 ut

239 1712 399 1744 tremere
436 1705 594 1744 cessaret.
639 1707 801 1743 Rmxus.
852 1704 960 1744 Ordo
993 1704 1073 1742 est:
1103 1704 1206 1742 Deus
1228 1703 1288 1743 fir-

240 1766 318 1795 mat
340 1769 422 1803 me,
451 1758 512 1796 vix
534 1769 662 1795 meum
678 1787 688 1803 ,
714 1757 752 1795 id
781 1757 829 1794 est
858 1758 907 1794 ita
934 1756 1136 1794 attonitum
1156 1785 1167 1801 ‚
1203 1763 1244 1794 ut
1266 1768 1287 1794 a

240 1819 303 1845 me
336 1809 411 1858 ipso
445 1808 555 1846 essem
580 1809 728 1846 alienus.
757 1808 870 1857 vulgo
902 1807 1033 1845 dicitur
1065 1805 1188 1844 exiiffe
1211 1818 1231 1844 a
1250 1807 1286 1844 se

237 1859 339 1907 ipso,
361 1860 447 1909 qui,
476 1858 669 1897 ut‘Graeci
704 1858 829 1896 dicunt
854 1887 865 1904 ‚
902 1857 938 1894 ἐν
968 1858 1117 1899 exederet
1150 1858 1220 1901 ἐςῖ.
1247 1858 1287 1897 id

238 1910 288 1948 est
319 1912 357 1948 in
381 1909 482 1960 efflafi
501 1911 555 1958 est.
601 1911 748 1948 Coum.
777 1911 949 1947 Firmus.
999 1910 1050 1947 At
1081 1908 1139 1946 alii
1165 1937 1175 1953 ‚
1213 1921 1283 1959 pro

237 1975 353 1999 meum
368 1989 379 2006 ,
406 1962 585 1999 Animum
599 1989 609 2006 ‚
637 1961 786 2010 legunt,
808 1972 903 2011 quae
922 1960 1033 1998 166110
1056 1960 1199 2009 planior
1221 1961 1283 2006 est,

236 2023 279 2049 ac
310 2012 432 2050 verior
453 2012 608 2050 videtur.
646 2013 860 2050 chntus.
906 2012 1062 2049 Vari-ant
1092 2012 1167 2049 hoc
1195 2010 1283 2050 loco

235 2062 313 2100 libri
344 2063 468 2113 praelo
497 2063 671 2112 subjeffl,
699 2063 840 2101 variant
859 2063 951 2100 item
973 2062 1101 2112 scripti.
1139 2063 1182 2100 In
1204 2075 1282 2101 uno

237 2113 393 2158 Maffei,
422 2115 461 2152 &
482 2113 654 2158 Brianffl,
684 2117 814 2164 Vixque
845 2129 960 2151 meum
982 2127 1053 2154 <5¹6-
1101 2113 1143 2150 In
1166 2113 1281 2152 altero

234 2165 357 2212 priore
377 2165 441 2202 illo
465 2165 583 2203 modo
606 2165 846 2202 emendatum
868 2166 927 2203 est.
966 2165 1009 2203 ln
1030 2176 1108 2202 uno
1132 2176 1221 2202 meo
1244 2177 1284 2202 a·

234 2214 336 2264 perte
367 2216 521 2264 legitur,
549 2222 682 2266 Corque
704 2229 819 2253 meum
834 2216 964 2264 firmat
985 2222 1079 2253 Deus
1093 2243 1103 2260 ‚
1119 2228 1190 2255 wc.
1217 2215 1281 2253 Ad

235 2267 337 2314 cujus
360 2268 566 2316 marginem
597 2268 715 2304 aliena
737 2278 850 2305 manu
883 2266 1047 2316 appofita
1076 2266 1125 2304 est
1143 2265 1254 2315 glossa
1271 2294 1281 2312 ,

236 2318 369 2368 Vixque
395 2328 541 2355 motum.
567 2320 657 2367 Quo
681 2317 801 2355 modo
824 2317 872 2355 est
893 2318 931 2355 in
952 2329 1041 2355 meo
1063 2317 1282 2362 vetustiore,

233 2365 291 2405 Io.
321 2369 418 2414 Dei,
446 2368 618 2414 Ernaldi,
646 2367 788 2407 duobus
812 2369 933 2408 vatic.
963 2369 1003 2406 &
1031 2380 1109 2406 uno
1130 2368 1283 2406 Caelest.

233 2417 278 2455 In
301 2419 414 2457 altero
438 2420 600 2469 ejusdem
635 2419 822 2458 Coenobii
847 2448 855 2463 ‚
896 2420 1027 2470 Vixque
1056 2429 1190 2457 metum
1216 2418 1283 2467 fir·—

235 2482 337 2507 mans
356 2476 473 2516 Deus,
501 2481 618 2508 excute
648 2471 752 2508 dixit.
784 2470 1024 2508 Docliffimus
1047 2470 1103 2507 vir
1126 2499 1136 2515 ‚
1177 2480 1279 2507 acer-

232 2519 406 2570 rimoque
418 2521 561 2570 judicio
575 2550 585 2568 ‚
615 2522 653 2559 &
675 2522 824 2571 ingenio
847 2521 1028 2570 praeditus
1047 2521 1105 2557 M.
1127 2521 1279 2558 A.Mu-

232 2578 330 2608 retus
367 2571 566 2620 legendum
597 2572 745 2621 putabat
777 2601 788 2617 ,
827 2573 936 2609 Corde
981 2582 1113 2609 metum
1148 2572 1279 2620 firmat

233 2625 352 2667 Deus,
379 2634 448 2661 (fc.
475 2623 558 2671 Ego
590 2623 722 2661 sollerti
751 2624 789 2661 &
820 2623 1011 2672 ingenioso
1045 2622 1197 2660 Lec‘tori
1216 2623 1279 2672 ju-

232 2670 431 2710 dicandum
452 2674 632 2724 relinquo.
659 2673 809 2711 Interim
823 2674 966 2722 postulo
986 2674 1079 2711 mihi
1095 2674 1278 2723 Judicium

232 2722 410 2772 ampliari.
441 2725 557 2764 Cior.
595 2723 762 2773 Plerique
783 2732 924 2765 veteres
942 2753 951 2768 ‚
979 2726 1110 2775 vixque
1133 2735 1277 2762 metum.

231 2773 336 2822 quod
368 2773 453 2810 ferri
473 2786 551 2812 non
571 2774 686 2824 potest
700 2803 710 2819 ,
738 2774 821 2823 quia
844 2786 934 2811 mox
952 2775 1133 2823 sequitur,
1162 2781 1278 2812 Excu-

233 2834 266 2860 τε
296 2825 408 2861 dicens
434 2825 543 2861 Corde
562 2834 703 2860 metum.
737 2824 948 2862 vetustiores
971 2833 1096 2863 tamen
1111 2855 1121 2870 ,
1144 2827 1276 2876 vixque

233 2888 361 2912 meum.
408 2876 461 2913 At
492 2886 577 2913 vere
598 2876 773 2923 “optimus
804 2875 1114 2924 Bcrncggerianus
1134 2904 1145 2921 ,
1182 2888 1276 2914 unus

229 2925 423 2964 Mediceus
438 2955 448 2972 ‚
476 2927 513 2963 &
534 2937 627 2962 unus
649 2926 810 2963 Moreti:

282 2977 463 3024 Restabam
474 2976 580 3026 fidus.
595 2977 770 3026 paz-idam
786 3004 795 3020 ‚
819 2976 1038 3027 gelidamque
1059 2978 1223 3014 trementi

283 3034 449 3078 Corpore,
477 3029 607 3078 vis-:qne
629 3041 743 3063 meum
758 3027 886 3073 firmat
915 3033 1020 3064 Deus.

231 3079 444 3127 Quomodo
461 3079 540 3127 jam
564 3085 648 3115 ante
670 3089 714 3114 ex
741 3078 952 3126 conjef'tura
981 3078 1018 3114 in
1047 3079 1164 3126 prima
1197 3077 1274 3115 edi-

228 3131 331 3166 tione
353 3141 566 3167 curaveram
598 3128 738 3177 reponi.
779 3127 825 3164 sic
856 3127 982 3176 passim
1016 3128 1112 3176 apud
1135 3129 1267 3166 Comi-

231 3191 315 3223 c033
346 3181 411 3217 visa:
421 3180 504 3229 sum
526 3194 631 3216 mens.
652 3178 749 3228 apud
770 3178 987 3216 Priscianum
1010 3179 1069 3215 lib.
1094 3191 1191 3215 xvix.
1212 3186 1268 3216 ter

229 3240 405 3276 quaterve
428 3243 471 3268 ex
494 3230 667 3279 Euripide
689 3230 893 3278 profertur:
911 3225 999 3273 Ε’γῶ
1020 3228 1053 3265 δ’
1074 3229 1156 3274 ἐμὸς
1179 3227 1266 3273 εἰμὶ.

228 3279 323 3325 apud
348 3280 503 3319 Persium
519 3309 530 3328 ,
552 3282 714 3320 vindiffa
735 3280 916 3332 postquam
939 3295 1032 3319 meus
1062 3294 1084 3317 a
1111 3289 1267 3330 praetore

2307 991 2391 1050 1ηέ

1351 1086 1467 1136 receffi.
1492 1086 1554 1124 sed
1580 1100 1673 1124 meus
1694 1087 1741 1124 ibi
1763 1098 1832 1136 pro
1864 1086 1981 1126 libero
2004 1087 2389 1136 ponitur-,quomodo

1351 1140 1390 1176 &
1422 1139 1578 1188 Scaliger
1594 1138 1652 1175 illa
1684 1138 1798 1176 Planti
1819 1138 2018 1176 Menaech.
2041 1136 2241 1186 corrigebat
2263 1166 2274 1182 ,
2309 1139 2346 1175 id
2358 1137 2394 1187 si

1349 1190 1511 1227 attulerit
1527 1218 1537 1233 ,
1566 1190 1682 1226 dicam
1705 1200 1746 1226 ut
1764 1203 1786 1226 a
1808 1203 1861 1226 me
1882 1189 1965 1226 liber
1995 1188 2096 1225 abeat
2115 1203 2178 1239 quo
2209 1188 2311 1226 volet.
2351 1203 2394 1226 ne

1350 1250 1452 1286 tum,
1482 1241 1622 1292 quando
1643 1251 1724 1278 tuus
1736 1241 1858 1288 fafi‘us
1879 1239 1954 1290 sit,
1982 1250 2166 1289 argentum
2198 1251 2221 1276 a
2254 1251 2307 1276 me
2333 1248 2395 1290 pe:

1350 1301 1417 1330 tat.
1443 1292 1502 1330 lib.
1530 1304 1622 1330 vm.
1649 1303 1708 1342 35.

1400 1343 1466 1381 Vix
1482 1343 1576 1392 sua,
1603 1342 1668 1380 vix
1682 1343 1794 1392 sanae
1813 1343 1910 1393 virgo
1933 1342 2051 1392 Niseia
2071 1353 2198 1394 compos

1398 1395 1532 1432 Mentis
1550 1405 1638 1432 erat.

1344 1443 1405 1483 lib.
1428 1459 1480 1484 111.
1505 1457 1588 1494 724.
1615 1445 1662 1484 de
1684 1444 1859 1496 Alcyone
1886 1457 2017 1495 corpus
2047 1443 2170 1483 mariti
2201 1445 2340 1484 mortui
2357 1447 2397 1493 a}

1345 1496 1543 1546 spiciente:

1398 1568 1500 1576 —
1531 1549 1636 1597 Qtod
1654 1563 1718 1600 quo
1738 1549 1849 1599 magis
1872 1549 1934 1586 illa
1957 1558 2099 1593 tuetur,

1395 1607 1466 1637 Hoc
1488 1601 1605 1638 minus
1627 1612 1669 1640 (7¹
1691 1600 1808 1638 minus
1829 1599 1872 1647 est
1893 1613 2012 1636 amens
2025 1599 2105 1648 sua.

1343 1650 1399 1688 Ita
1421 1652 1521 1689 6111111
1551 1651 1782 1690 scribendum
1810 1650 1876 1688 suo
1907 1651 1995 1688 loco
2029 1648 2277 1687 monebimus.
2314 1655 2395 1695 non*

1333 1702 1416 1751 jam
1444 1717 1540 1741 mens
1551 1704 1632 1754 fita.
1662 1702 1760 1753 apud
1783 1702 1868 1739 Stat.
1892 1713 1937 1738 11.
1961 1701 2061 1750 Sylv.
2085 1712 2131 1737 11.
2155 1711 2214 1747 71.

1524 1755 1701 1792 Animum
1725 1754 1860 1791 virtute
1879 1753 1996 1803 quieta

1393 1804 1625 1856 Compofitns,
1645 1808 1843 1856 semperque
1863 1814 1956 1841 tuus.

1340 1856 1390 1895 Et
1412 1857 1497 1896 Silv.
1518 1869 1572 1894 vr.
1597 1868 1653 1905 52.

1571 1912 1696 1945 Tecum
1717 1906 1886 1957 tmstififfle
1915 1904 2104 1956 hilarifique
2118 1933 2128 1950 ,
2153 1918 2210 1943 nec
2231 1911 2392 1958 unquam

1392 1959 1454 1997 Ille
1465 1959 1552 2009 situs
1566 1987 1576 2004 ,
1604 1958 1815 2010 vultumque
1837 1968 1894 1994 tuo
1909 1956 2073 2005 sumebat
2093 1956 2137 1993 ab
2158 1971 2223 1996 ore.

1341 2010 1464 2049 Theb.
1486 2023 1540 2049 111.
1566 2010 1650 2059 836.
1708 2021 1717 2031 2

1392 2062 1456 2100 Sed
1475 2072 1556 2099 tuus
1579 2072 1622 2101 w·
1641 2059 1731 2098 nulli
1761 2059 1833 2097 ruis
1860 2058 2095 2109 expugnabilis
2114 2057 2213 2106 astro.
2239 2060 2390 2100 Hfimsl

1391 2113 1476 2161 089.
1505 2113 1645 2150 firmat
1664 2110 1799 2160 Deua]
1830 2110 2004 2148 Bacchus.
2037 2111 2259 2148 Cim-Anus.

1390 2165 1476 2214 689.
1505 2169 1637 2200 Excute
1659 2160 1814 2211 dicem]
1853 2162 1944 2199 Sunt
1966 2188 1977 2206 ‚
2013 2160 2077 2209 qui
2106 2160 2181 2197 hoc
2211 2161 2299 2199 loco
2331 2163 2391 2201 A:

1339 2224 1487 2254 coetem
1510 2214 1734 2263 intelligant,
1756 2224 1870 2262 quem
1891 2212 2088 2260 alloquitur
2109 2211 2284 2251 Bacchus.
2307 2213 2390 2253 Ali-

1337 2268 1402 2316 qui
1424 2265 1639 2316 Opheltem.
1663 2263 1888 2303 Probabilior
1899 2262 2060 2312 superior
2079 2261 2224 2301 videtur
2246 2264 2390 2314 opinio.

1338 2318 1457 2356 IDEM.

1388 2370 1475 2418 690.
1503 2365 1674 2416 Chiam]
1706 2365 1865 2404 Insulam
1886 2365 2154 2404 subaudiamus,
2201 2365 2263 2403 Est
2285 2367 2391 2406 enim

1339 2419 1576 2469 adjefflvum.
1609 2419 1772 2456 Rmms.
1820 2416 1874 2454 At
1907 2417 2037 2454 melius
2060 2445 2071 2461 ,
2110 2417 2173 2465 qui
2204 2417 2316 2454 Diam
2333 2418 2387 2456 le-

1334 2479 1446 2519 gunt,
1473 2482 1560 2508 nam
1595 2470 1722 2507 Naxos
1737 2497 1747 2514 ,
1775 2467 1822 2506 ad
1839 2480 1953 2518 quam
1972 2468 2075 2516 supra
2095 2478 2248 2522 quoque
2272 2466 2386 2516 juffe-

1335 2530 1389 2559 rat
1410 2522 1445 2559 se
1473 2521 1606 2559 devehi
1628 2520 1790 2558 Bacchus
1805 2548 1816 2564 ‚
1843 2520 1915 2557 alio
1938 2518 2093 2557 nomine
2115 2523 2190 2553 Dza
2213 2527 2384 2565 vocatur,

1335 2581 1374 2610 ut
1407 2573 1540 2610 Plinius
1559 2572 1652 2610 libro
1675 2579 1805 2621 quarto
1830 2571 1947 2620 capite
1977 2568 2204 2607 duodecimo
2232 2568 2384 2609 indicat.

1336 2624 1374 2660 Sc
1397 2623 1540 2662 Servius
1560 2623 1650 2660 item
1674 2622 1712 2660 in
1742 2633 1807 2658 111.
1836 2620 1995 2658 Aeneid.
2033 2619 2260 2656 MICYLLUS.
2307 2621 2382 2658 Ra-

1333 2675 1467 2723 phae'l‚
1495 2674 1690 2724 Chiumque
1710 2682 1785 2708 tene
1802 2671 1901 2719 legit.
1928 2678 1965 2707 at
1993 2669 2051 2707 alii
2073 2698 2083 2714 ‚
2121 2670 2298 2720 Diamque
2325 2671 2379 2708 16-

1330 2732 1433 2773 gunt.
1471 2732 1634 2761 ceterum
1660 2722 1792 2759 Plinius
1809 2722 1869 2759 lib.
1891 2733 1943 2759 1v.
1972 2731 2050 2770 cap.
2078 2733 2132 2757 12.
2171 2721 2219 2758 ait
2239 2722 2379 2760 Naxon

1332 2775 1423 2812 olim
1447 2775 1558 2812 etiam
1581 2774 1694 2810 Diam
1723 2771 1871 2810 dictam.
1907 2771 2012 2809 Idem
2046 2771 2189 2809 Servius
2220 2772 2258 2810 111
2296 2783 2379 2812 111.

1331 2825 1488 2863 Aeneid.
1521 2822 1649 2862 asserit.
1687 2823 1898 2867 I’tolemeus
1934 2831 2059 2860 autem
2100 2823 2212 2858 Diam
2261 2835 2377 2873 prope

1333 2878 1484 2914 Cretam
1516 2875 1622 2924 ponit
1663 2885 1683 2911 a
1720 2874 1832 2911 latere
1865 2874 2145 2923 Septentrionali
2168 2901 2178 2917 ‚
2214 2873 2321 2911 aliam
2353 2887 2375 2913 a

1332 2928 1442 2965 Naxo
1458 2956 1468 2972 ‚
1495 2926 1541 2964 ad
1562 2937 1674 2975 quam
1705 2925 1871 2962 Theseus
1893 2924 2030 2962 veniffe
2063 2924 2206 2961 videtur
2228 2953 2238 2969 ‚
2278 2924 2374 2973 post-

1330 2989 1444 3026 quam
1466 2976 1588 3014 occiso
1608 2977 1646 3013 in
1668 2976 1899 3024 Labyrintho
1921 2977 2140 3013 Minotauro
2161 3003 2171 3018 ‚
2209 2987 2295 3012 cum
2319 2976 2374 3012 A·

1329 3028 1456 3065 riadne
1479 3040 1499 3064 6
1534 3030 1643 3064 (316111
1675 3025 1868 3074 aufugisset
1892 3055 1902 3070 ‚
1933 3034 1972 3063 ut
1994 3026 2034 3063 in
2064 3025 2200 3062 oc‘tavo
2225 3025 2373 3075 postea:

1381 3079 1546 3115 Protinus
1566 3077 1711 3126 Aegides
1731 3087 1833 3126 rapta
1857 3077 2014 3113 Minoide
2029 3076 2144 3113 Diam

1382 3129 1461 3165 Vela
1485 3128 1590 3166 dedit.

1323 3179 1502 3216 Meminit
1521 3181 1559 3216 8<
1582 3179 1658 3228 ejus
1675 3177 1834 3225 insulae,
1861 3186 1902 3217 ut
1923 3177 2066 3216 videtur
2081 3177 2294 3222 ,Homerus
2317 3179 2376 3222 O-1

1324 3229 1433 3269 dissea
1460 3234 1506 3267 A.
1529 3229 1576 3267 vs.
1602 3242 1685 3280 324.

1374 3282 1439 3328 Δίῃ
1461 3280 1496 3318 ἐν
1516 3280 1719 3329 ἀμφιρύτῃ,
1734 3281 1890 3320 Διενῠσευ
1910 3279 2376 3328 μκρτυμήσιν.ῦιΑΚεΑΝ.’

2243 3331 2371 3367 Diam-
