2483 3616
745 145 802 201 P.
878 132 1277 199 OVIDI'I

1342 133 1880 195 NASONIS

550 259 728 316 Crinis
751 271 862 315 erat
888 254 1130 325 simplex,
1168 248 1376 304 nodum
1402 249 1655 305 collectus
1681 251 1738 304 in
1765 264 1962 305 unum-z

411 353 512 403 320
547 333 634 390 Ex
660 334 881 386 humero
911 325 1145 401 pendens
1170 321 1442 378 resonabat
1468 322 1702 377 eburnea
1716 322 1869 375 laevo

557 407 817 461 Telorum
843 401 1039 456 custos:
1079 413 1262 452 arcum
1286 412 1506 467 quoque
1537 396 1683 448 laeva
1707 393 1938 449 tenebat.

552 479 699 534 Talis
729 489 838 530 erat
862 474 1061 532 cultus3
1088 469 1276 530 facieS‚
1313 485 1475 540 quam
1503 466 1686 521 dicere
1711 466 1838 522 vere

551 550 863 621 Virgineam
888 548 943 600 in
967 560 1162 617 puer-0,
1199 541 1461 612 puerilem
1487 540 1545 594 in
1567 539 1775 611 virgine
1804 538 1980 612 possis,

558 623 717 679 Hanc
742 621 936 693 pariter
961 617 1120 679 vidit,
1157 613 1353 686 pariter
1385 612 1716 685 Calydonius
1742 613 1902 668 heros

411 717 508 766 325
547 695 793 768 Optavit,
830 702 1086 748 renuente
1114 687 1260 741 Deo:
1300 685 1649 760 flammasque
1671 686 1894 741 latentes

550 767 771 829 Haufit‚
810 765 894 834 ee,
934 764 986 817 O
1011 761 1164 824 felix,
1202 759 1238 813 fi
1262 778 1426 834 quem
1455 758 1792 832 dignabitur,
1831 759 2033 834 inquit,

554 842 647 896 Ista
671 840 866 892 virum!
912 853 1010 889 nec
1035 835 1182 906 plura
1210 832 1384 888 finunt
1408 846 1729 906 tempusque
1755 832 2042 906 pudorque

546 915 769 968 Dicere:
812 908 972 979 majus
996 925 1130 980 opus
1157 907 1334 978 magni
1359 907 1664 962 certaminis
1689 920 1900 978 urguet.

551 986 686 1040 Silva
715 983 966 1056 frequens
991 980 1250 1043 trabibus,
1289 998 1450 1052 quam
1477 981 1616 1034 nulla
1643 980 1914 1037 ceciderat
1935 990 2104 1043 aetam,

412 1080 509 1127 330
547 1057 736 1131 Incipit
763 1058 790 1111 a
816 1057 1001 1129 plan0‚
1038 1053 1350 1130 devexaque
1373 1053 1628 1127 prospicit
1656 1072 1792 1109 arva.

263 1282 403 1320 alterius
423 1281 522 1326 sunt,
550 1279 746 1322 videlicet,
774 1276 877 1327 quod
899 1287 982 1313 cum
1006 1275 1125 1324 procis
1144 1274 1210 1312 suis
1223 1284 1302 1312 cur-

1357 1275 1604 1324 Hippomene
1619 1303 1628 1320 ‚
1657 1274 1885 1314 Melanionis
1899 1287 2047 1314 nomen
2060 1273 2231 1324 posuisset
2245 1304 2256 1320 ‚
2283 1275 2340 1316 ubi
2351 1277 2395 1319 de

263 1333 301 1370 su
323 1335 495 1378 certavit,
513 1333 600 1370 huic
620 1332 812 1369 attribuere
834 1328 1010 1366 videatur.
1038 1326 1086 1364 fic
1119 1327 1220 1364 enim
1253 1325 1302 1363 ait
1356 1326 1538 1364 Arcadica
1560 1326 1732 1366 Atalanta
1755 1329 1992 1366 mentionem
2013 1327 2150 1365 faciens
2171 1328 2292 1377 inquit
2311 1329 2395 1370 vers.

266 1384 352 1421 vers.
376 1385 457 1432 563.

554 1457 642 1505 Qis
662 1451 859 1492 Maenaliae
878 1450 1069 1488 Atalantes

314 1511 453 1558 Nesciat
471 1508 635 1558 egregium
655 1507 753 1542 decus
773 1514 815 1544 (9‘
832 1502 971 1552 vestigia
989 1500 1119 1561 cunflis

316 1561 513 1610 Indeprensa
526 1559 653 1608 procis,
680 1568 752 1596 eye.

265 1631 325 1669 Ad
346 1643 456 1679 quem
481 1625 761 1676 modumsiquis
783 1623 962 1662 Ovidium
983 1631 1134 1676 quoque
1153 1618 1294 1675 hoclo-

269 1693 313 1718 co
337 1680 507 1720 inil'cuiffc
539 1680 672 1717 fabulas
701 1678 819 1719 dicet⁴5
859 1676 897 1711 &
925 1671 1083 1728 Schoenet
1094 1683 1159 1719 pro
1193 1668 1294 1718 Jafiz,

266 1731 437 1779 posuiffe‚
465 1728 782 1781 quemadmodum
803 1723 976 1779 Virgilius
1005 1723 1109 1765 alibi,
1133 1721 1291 1769 Scyllam

269 1782 368 1825 Nisi,
397 1784 433 1819 ὃ(
452 1784 597 1819 alteram
615 1791 708 1828 quae
727 1776 858 1815 Phorci
879 1775 1065 1819 fuit,iriter
1085 1772 1118 1810 se
1132 1773 1291 1810 confun-

265 1832 338 1875 dit,
366 1842 484 1870 utetur
505 1833 561 1870 ille
586 1830 735 1879 quidem
763 1828 900 1864 ratione
922 1853 932 1869 ,
969 1824 1027 1861 sed
1046 1833 1169 1861 tamen
1193 1822 1290 1872 apud

266 1885 411 1920 criticos
443 1884 502 1920 vix
523 1880 709 1919 tolerabili.
738 1889 828 1915 unus
858 1884 978 1913 autem
1006 1874 1192 1912 Diodorus
1219 1873 1290 1918 est,

265 1934 361 1980 apud
380 1945 491 1983 quem
514 1933 574 1970 lib.
594 1945 627 1969 v,
655 1930 698 1967 de
720 1929 847 1967 eadem
865 1927 932 1963 hac
952 1925 1067 1964 fabula
1087 1928 1159 1963 hoc
1173 1925 1290 1962 modo

264 1984 414 2031 legitur:
447 1990 537 2020 Cum
556 1984 593 2018 in
622 1980 802 2017 venatione
830 1977 1009 2015 Atalanta
1037 1977 1190 2013 Schoenei
1209 1975 1292 2023 filia

265 2035 426 2082 affitiſjet,
453 2036 523 2083 ejus
541 2046 654 2069 amore
673 2042 787 2079 captus
809 2027 997 2076 Meleager,
1013 2027 1141 2077 ¹pellem
1155 2056 1164 2072 ‚
1178 2026 1292 2063 veluti

262 2085 400 2121 lau-'em
419 2085 644 2132 occ1fizejerae
658 2111 666 2126 ‚
686 2081 739 2118 illi
762 2077 925 2127 conceffit,
943 2090 1014 2117 (76.
1041 2079 1087 2116 Et
1100 2078 1196 2127 apud
1207 2078 1292 2127 Hy·

261 2136 387 2182 guium
410 2137 446 2172 in
470 2137 675 2183 fragmento
704 2132 748 2169 de
777 2132 816 2168 iis
839 2158 849 2175 ,
877 2131 939 2179 qui
966 2129 1009 2166 ad
1034 2140 1161 2177 aprum
1183 2129 1294 2178 Caly-

263 2186 416 2223 donium
440 2187 578 2229 ierunt,
607 2196 671 2232 pro
691 2182 864 2224 Schoenei,
891 2179 1018 2216 Pontici
1034 2180 1181 2228 irrepsit.
1209 2191 1294 2217 cum

264 2246 384 2273 tamen
406 2237 502 2274 idem
523 2236 649 2272 auctor
667 2234 749 2271 alibi
780 2231 936 2270 eandem
962 2230 1190 2274 Atalantam,
1220 2230 1296 2267 Iasii

264 2286 370 2323 filiam
395 2296 512 2325 vocet.
540 2286 609 2323 Sed
632 2285 759 2323 eadem
782 2282 964 2321 diversitas
977 2281 1168 2319 auctorum
1184 2285 1294 2318 etiam

267 2338 358 2373 circa
379 2337 489 2375 filium
512 2338 699 2375 Atalantes
717 2335 1033 2381 Parthenopaeum
1048 2361 1057 2375 ‚
1087 2334 1122 2370 ὃ(
1144 2333 1291 2370 maritos

270 2385 339 2423 sive
361 2396 537 2425 amatores
555 2387 735 2437 utriusque
748 2385 888 2435 puellae
906 2385 966 2421 est.
993 2395 1077 2421 nam
1094 2385 1293 2421 Partheno-

271 2447 399 2481 paeum
414 2465 422 2478 ,
449 2451 556 2487 quein
580 2439 740 2486 plerique
762 2450 806 2473 ex
828 2435 1036 2473 Milanione
1055 2438 1092 2472 &
1113 2434 1292 2472 Arcadica

272 2485 337 2539 hac
361 2487 520 2525 Atalanta
539 2499 662 2526 natum
679 2487 847 2531 tradunt,
875 2496 913 2524 ut
926 2485 1111 2533 Euripides
1125 2487 1160 2523 in
1176 2487 1292 2524 Phoe-

274 2536 365 2571 nissis
388 2540 422 2572 ὅ(
443 2539 672 2586 Supplicibus.
700 2539 794 2575 Paus.
817 2539 852 2575 in
867 2537 1060 2574 Arcadicis,
1091 2536 1293 2574 Commen,

275 2585 502 2639 Apoll0.&c.
531 2590 640 2625 l-lunc
659 2589 824 2636 Hyginus
845 2590 882 2625 <Sc
900 2588 1050 2637 quidam
1073 2587 1133 2625 alii
1153 2588 1295 2626 Melea-

275 2646 326 2682 gri
349 2635 458 2672 silium
481 2638 625 2673 faciunt.
678 2639 902 2686 Meleagrum
936 2639 1034 2675 enim
1053 2650 1180 2675 amore
1203 2639 1294 2676 Ata-

274 2687 387 2722 lantes
405 2696 545 2732 captum
568 2688 665 2734 ajunt
688 2713 696 2728 ,
724 2691 800 2732 pou
826 2690 1062 2725 venationem
1091 2690 1185 2726 hanc
1209 2701 1294 2727 cum

275 2735 332 2772 illa
354 2734 596 2772 concubuiffe.
624 2737 660 2770 διε
683 2736 814 2773 rursum
832 2764 842 2780 ‚
864 2749 973 2784 quem
996 2739 1292 2783 Ovidiusjinfra,

273 2788 438 2834 itemque
453 2786 508 2822 alii
529 2787 700 2832 plerique,
716 2787 988 2833 Hippomencm
1009 2800 1158 2833 vocant,
1172 2790 1293 2827 Boeo-

275 2837 366 2874 tiene
399 2837 488 2872 illies
519 2845 719 2872 amatorem
745 2863 753 2877 ,
781 2838 1011 2883 Palaephatus
1035 2840 1292 2880 Melanionem

274 2887 438 2934 appellat.
467 2885 568 2933 quod
591 2898 725 2921 nomen
743 2886 874 2924 rursum
890 2888 966 2924 sunt
981 2889 1064 2935 ,qui
1086 2891 1294 2938 Hippome„

274 2940 329 2975 nis
354 2946 644 2984 cognomentum
668 2937 965 2983 interpretentur,
995 2938 1089 2979 παρὰ
1123 2941 1162 2973 τὸ
1184 2940 1295 2978 ἀνύειν

274 2992 345 3030 τοῖς
369 2992 489 3030 μήλοις
512 2990 573 3022 τοᾷ
593 2985 715 3030 «Βρεμου
730 3014 738 3027 ,
767 2986 940 3033 quoniam
971 2987 1088 3033 pomis
1108 2991 1221 3026 aurcis
1243 2993 1297 3028 vi-

274 3039 422 3075 ftoriam
436 3037 607 3075 exsecutus
629 3037 746 3073 fuerit.
775 3047 814 3072 ut
836 3049 878 3071 ex
897 3037 968 3072 hoc
988 3049 1135 3085 quoque
1159 3038 1298 3078 dubita-

274 3102 310 3126 re
331 3089 506 3138 quispiam
528 3088 631 3135 potiit
660 3115 668 3128 ,
708 3098 826 3123 unane
856 3095 996 3122 tantum
1030 3089 1197 3125 Atalanta
1220 3091 1298 3126 fue-

273 3141 341 3181 rit,
370 3140 426 3176 sexi
458 3140 561 3175 variis
591 3137 801 3174 nominibus
835 3137 1031 3181 celebrata,
1059 3149 1103 3174 an
1137 3137 1224 3175 vcro
1248 3141 1299 3177 fa·

277 3189 377 3225 'osiae
396 3191 485 3226 inter
508 3190 540 3226 se
563 3188 686 3225 millae
709 3198 818 3236 atque
839 3188 1020 3224 confusae.
1059 3187 1201 3226 Codrus
1224 3201 1300 3227 cer-

273 3248 306 3278 te
326 3252 359 3276 in
386 3252 411 3276 1.
433 3241 545 3279 Serm.
576 3241 684 3278 etiarn
704 3238 896 3278 Musaeum
917 3239 1024 3284 citat,
1052 3238 1151 3289 quasi
1172 3241 1200 3281 is
1226 3252 1297 3293 pro

1359 1390 1374 1416 Ι
1384 1391 1399 1427 5
1408 1389 1442 1425 3.

1408 1441 1626 1492 Πκξθὲνῶυὲ
1641 1457 1679 1479 σε
1698 1438 1822 1483 λέληθεν
1842 1440 1904 1480 ἀπ’
1925 1440 2340 1498 Αρκοεῦὶής“Α’ταλοι’νἾησ-ς,

1409 1498 1531 1535 H‘nm
1550 1498 1782 1539 Μειλιινίωνῶ,ι
1801 1495 2009 1548 {poteo-alpem&
2027 1495 2134 1548 φιῖφῼν
2150 1496 2253 1535 {valed

1409 1554 1584 1600 Παρθενίης
1604 1553 1799 1601 ἀλέγυνε-οι,
1819 1553 2060 1603 χολωσκμένᾊς
2079 1553 2107 1591 δ’
2132 1552 2340 1606 Α’φξοὸίτης,

1409 1610 1477 1645 'rofi‘
1497 1606 1618 1661 mig&
1636 1609 1698 1646 οὐκ
1717 1609 1876 1657 ἒπὫὍηο-ων1
1908 1609 1944 1647 {a}
1967 1607 2086 1662 κραδίῃ
2107 1609 2189 1647 θέτο
2209 1607 2317 1662 ποία-ῃ.

1350 1674 1422 1714 Sed
1441 1675 1486 1714 de
1508 1678 1583 1714 hoc
1606 1676 1679 1725 ipse
1699 1677 1845 1714 viderit.
1874 1688 2028 1721 verum,
2066 1685 2107 1714 ut
2130 1676 2217 1714 illud
2243 1687 2393 1726 quoque

2273 1129 2396 1204 Quo
2462 1159 2463 1162 ¹

2454 1694 2483 1728 i'.

1348 1727 1536 1775 postremo
1559 1727 1798 1777 adjiciamus,
1834 1732 2016 1775 Tegeaeam
2053 1727 2114 1764 hie
2147 1731 2260 1776 poe'ta
2289 1735 2401 1767 vocat,
2457 1730 2483 1772 ¹:

1348 1778 1559 1817 Atalantam
1574 1807 1585 1824 ,
1613 1790 1691 1816 non
1712 1778 1981 1829 synecdochice
1995 1806 2004 1823 ,
2018 1786 2059 1816 ut
2069 1779 2206 1828 Regius
2230 1779 2393 1827 exponit,
2467 1780 2470 1787 '

2429 1920 2432 1921 f
2454 1788 2483 1922 izi

1345 1841 1412 1878 pro
1435 1829 1613 1867 Arcadica
1629 1857 1638 1873 ‚
1665 1829 1727 1868 sed
1747 1830 1907 1879 proprie.
1927 1830 1997 1867 fuit
2020 1830 2119 1867 enim
2142 1829 2318 1878 Tegeatis
2335 1841 2397 1878 pa-

1345 1880 1413 1919 tria
1439 1880 1634 1919 Atalantae
1650 1909 1660 1925 ,
1689 1889 1729 1918 ut
1748 1883 1787 1918 &
1810 1879 2000 1918 Pausanias
2020 1880 2168 1918 testatur
2184 1882 2221 1917 in
2244 1879 2395 1919 Arcadi·

1346 1932 1418 1975 cis,
1444 1933 1509 1981 qui
1527 1933 1621 1969 inter
1643 1932 1788 1980 propria
1808 1932 1846 1968 &
1862 1931 2117 1968 memorabilia
2131 1931 2404 1983 Tegeatarum„
2454 1927 2483 1991 ji

1344 1982 1541 2021 Ancaeum
1565 1983 1603 2020 ὃς
1624 1982 1837 2020 Atalantam
1868 1981 2054 2026 recenset,
2082 1981 2128 2020 ad
2158 1982 2253 2020 hanc
2285 1993 2393 2020 vena·

1343 2034 1489 2071 tionem
1511 2035 1587 2082 apri
1611 2031 2027 2083 Caiydoniiprofeetos.
2056 2033 2279 2071 M1cYLLus.
2307 2031 2418 2083 Hoc(

2271 2080 2409 2138 Quare-s

1347 2095 1497 2122 carmen
1518 2096 1596 2122 non
1616 2084 1748 2132 legitur
1766 2085 1804 2121 in
1826 2083 1923 2120 libris
1947 2090 2136 2132 quotquot
2154 2084 2241 2121 vidi.

2454 1994 2483 2026 '¹3³

2462 2039 2483 2081 2⁴

2460 2095 2483 2121 «δ’

1348 2147 1427 2173 non
1449 2137 1585 2174 mirum
1615 2135 1731 2173 videri
1762 2134 1917 2178 debeat,
1944 2133 1971 2171 fi
2003 2134 2063 2172 alii
2093 2134 2131 2172 id
2152 2134 2263 2172 obelo
2291 2142 2407 2182 nota-¹5¹,
2463 2165 2466 2180 .

1351 2195 1446 2224 runt.
1500 2188 1608 2236 Ego,
1637 2195 1805 2224 veterum
1825 2185 2002 2223 librorum
2024 2186 2136 2223 fretus
2167 2184 2240 2223 fide
2269 2186 2307 2223 &
2333 2197 2404 2235 au·-x

1353 2237 1546 2282 ctoritate,
1585 2237 1860 2286 supposititium
1888 2245 2000 2285 atque
2021 2236 2268 2274 adulterinum
2292 2244 2417 2289 puto-3-1

1352 2288 1480 2338 Itaque
1513 2290 1674 2327 omnino
1715 2287 2005 2336 expungendum
2045 2299 2140 2325 reor.
2194 2288 2293 2325 Nam
2327 2287 2405 2336 pria,

2462 2259 2467 2302 l

1352 2352 1456 2378 mum
1486 2341 1654 2389 ineptum
1686 2339 1734 2376 est
1760 2366 1771 2382 ,
1810 2338 2011 2387 nostroque
2044 2338 2238 2387 indignum
2261 2341 2394 2387 poeta:
2444 2372 2470 2381 ,,

1347 2390 1503 2437 deinde,
1531 2390 1635 2441 quod
1656 2389 1883 2439 potiffimum
1906 2389 1978 2434 est,
2008 2389 2126 2433 abest,
2155 2399 2195 2427 ut
2223 2389 2324 2433 dixi,
2352 2388 2407 2426 ab''

1347 2444 1503 2493 antiquis
1525 2441 1803 2490 exemplaribus.
1853 2441 1958 2489 Quin
1981 2440 2093 2478 etiam
2114 2439 2246 2489 absque
2259 2452 2306 2477 eo
2318 2439 2400 2477 sen-³

1347 2493 1401 2530 sus
1424 2496 1588 2542 optimus
1609 2493 1681 2537 est,
1711 2493 1931 2540 optimeque
1951 2490 2111 2537 superius
2134 2502 2218 2528 cum
2231 2483 2403 2540 sequenti.
2444 2491 2445 2494 ’

1350 2545 1534 2583 cohaeret.
1564 2545 1624 2582 De
1648 2544 1820 2581 Atalanta
1836 2571 1846 2585 ,
1874 2540 1954 2579 Iasii
1975 2541 2070 2586 filia,
2098 2542 2212 2580 multa
2233 2542 2323 2578 scitu
2344 2540 2397 2578 di-

1348 2607 1422 2643 gna
1443 2595 1562 2633 scribit
1576 2594 1746 2632 AElianus
1765 2594 1858 2631 libro
1879 2605 1967 2630 xm.
1998 2593 2059 2630 De
2078 2593 2189 2630 Varia
2211 2592 2394 2636 Historia,

1352 2650 1390 2684 ὅς
1410 2645 1664 2694 Apollodorus
1694 2645 1756 2681 lib.
1775 2657 1839 2682 111.
1876 2643 2150 2688 Bibliothecae,
2188 2644 2253 2692 qui
2281 2642 2396 2680 varie·

1349 2705 1464 2735 tatem
1487 2705 1604 2734 notat.
1633 2697 1851 2734 Cromnos.

1404 2748 1486 2797 318.
1516 2745 1639 2796 Rafilis
1650 2745 1807 2795 fibula.]
1857 2743 1993 2782 Rasum
2016 2744 2224 2794 cingulum:
2254 2742 2276 2781 {1
2298 2750 2395 2792 parte

1351 2803 1452 2837 enim
1483 2807 1605 2836 totum
1633 2797 1859 2846 intelligitur.
1894 2796 2064 2833 Rmms.
2117 2795 2241 2833 Potest
2271 2804 2398 2832 tamen
2440 2812 2441 2817 =
2474 2823 2476 2826 ,

1348 2851 1386 2887 ὅζ
1409 2850 1617 2897 simpliciter
1637 2847 1744 2885 fibula
1767 2846 1919 2895 intelligi
1942 2875 1951 2890 ‚
1983 2859 2055 2895 qua
2077 2847 2181 2884 vestis
2207 2844 2396 2883 conneffi-

1347 2908 1426 2942 tur,
1455 2900 1630 2950 rafilifque
1650 2899 1766 2947 accipi
1788 2910 1854 2947 pro
1876 2898 1950 2935 levi
1971 2898 2008 2934 δε
2027 2897 2141 2944 polita
2156 2925 2167 2941 ‚
2197 2896 2271 2934 five
2283 2896 2396 2933 etiam
2470 2907 2483 2925 ψ

1348 2953 1478 2989 attrita.
1507 2952 1685 2988 Micrtr..
1740 2949 1819 2986 Aut
1848 2948 1984 2985 vestem
2012 2948 2101 2985 dicit
2121 2947 2236 2984 fibulis
2257 2945 2276 2982 a
2298 2945 2395 2982 sum-

1353 3013 1418 3039 mo
1439 3014 1647 3039 connexam
1662 3029 1672 3044 ,
1701 3011 1743 3038 ac
1756 2998 1892 3035 Dorida
1909 2998 2121 3048 appellatam
2138 3025 2148 3041 ,
2174 2996 2261 3035 teste
2274 2996 2396 3033 Hero-

2471 2955 2483 2977 ⁴l

2467 3003 2483 3027 “l

1352 3051 1443 3089 doto
1463 3055 1499 3090 in
1523 3051 1793 3101 Terpsichore:
1834 3057 1943 3097 (qua
1974 3061 2059 3087 cum
2090 3049 2180 3105 olim
2210 3055 2395 3085 uterentur
2466 3059 2468 3065 ·

1354 3102 1594 3140 Athenienses
1618 3102 1812 3141 mulieres,
1853 3111 1968 3137 unum
1985 3128 1995 3144 ‚
2023 3100 2087 3150 qui
2115 3110 2135 3136 a
2162 3110 2282 3147 pugna
2309 3107 2410 3134 cumr

1354 3152 1557 3200 AEeginetis
1578 3151 1752 3201 superfuit
1769 3150 1885 3194 solus,
1913 3150 2030 3188 fibulis
2061 3158 2185 3187 toturn
2209 3149 2396 3197 perforan-

1354 3209 1405 3238 tes
1426 3204 1703 3241 interemerunt.
1731 3202 1829 3239 unde
1849 3201 1973 3248 postea
1993 3201 2165 3238 statutum
2182 3208 2241 3244 ‚ut
2253 3210 2318 3236 eae
2336 3198 2396 3244 Ja-

1353 3251 1456 3290 dibus
1479 3255 1630 3293 vestibus
1645 3281 1656 3300 ,
1683 3264 1778 3304 quae
1787 3252 1906 3290 lineae
1925 3251 1999 3291 fine
2011 3251 2121 3290 fibula
2133 3257 2235 3293 erant
2246 3278 2257 3295 ‚
2266 3249 2320 3336 ί,ἔῃ
2330 3258 2398 3336 ρὶζ

2294 3309 2371 3337 ΕΙᾚΑ
