2483 3616
338 154 1588 218 METAMORPHOSEON
1661 158 1804 219 Lm.
1857 164 1964 223 IX.

345 255 594 312 Pondera
621 252 943 326 despicitur3
984 273 1084 312 nec
1099 296 1113 321 ,

2115 170 2226 228 6611

1153 274 1264 331 quo
1299 259 1473 332 prius,
1511 259 1703 317 ordine
1725 276 1929 334 regnat.

341 328 501 383 Diem
519 327 670 398 Jovis
698 329 922 383 movere
958 331 1122 386 Deos,
1163 350 1264 387 nec
1289 332 1504 388 sustinet
1531 335 1666 391 ullus

342 400 521 470 (Cum
550 399 768 455 videant
793 400 948 457 fessos
973 403 1425 461 Rhadamanthon
1452 406 1507 460 ἅ*
1531 411 1756 464 Aeacon
1783 410 1959 475 annm

196 490 301 540 440
335 473 408 526 Et
437 471 666 543 Minoa)
708 475 878 548 queri.
919 478 1041 549 qui,
1082 479 1212 533 dum
1241 479 1341 534 fuit
1366 480 1577 551 integer
1605 484 1749 547 aevi,

338 543 640 601 Terruerat
667 565 910 620 magnaS‚
947 551 1061 624 ipso
1092 569 1314 625 quoque
1340 554 1590 618 nomine,
1628 569 1830 627 gentes.

337 615 502 673 Tunc
529 633 642 675 erat
669 623 963 685 invalidus;
1008 625 1437 699 Deionidenque.
1456 625 1710 697 juventae

338 690 566 747 Robore
592 693 878 761 Miletum,
917 697 1252 772 Phoeboque
1279 715 1498 771 parente
1526 700 1842 773 superbum,

335 762 651 822 Pertimuit:
693 769 1033 843 credensque
1057 772 1158 825 suis
1183 772 1454 845 insurgere
1483 775 1659 845 regnis
1675 812 1692 837 ‚

193 854 298 908 445
337 835 507 893 Haud
537 853 716 897 tamen
739 842 812 896 est
838 845 1017 913 patriis
1046 862 1229 899 arcere
1258 847 1534 916 penatibus
1571 848 1740 904 ausus.

338 910 542 984 Sponte
568 914 736 988 fugis,
776 915 1001 984 Milete,
1043 919 1167 982 tuin
1211 920 1482 993 celerique
1509 922 1686 976 carina

106 1128 171 1169 Hei
196 1128 286 1186 milqi
304 1157 314 1176 ,
357 1132 496 1181 quando
521 1133 612 1172 mihi
639 1134 865 1185 Sarpedonem
892 1133 1101 1184 cariffimum

228 1194 388 1218 ‘virorum

99 1237 225 1270 Fatum
252 1231 295 1280 est
324 1231 350 1270 ἰι
370 1233 527 1272 Patroclo
550 1235 770 1276 Menoetiade
796 1236 963 1287 interfici.

56 1296 269 1335 Cromnos.

99 1360 182 1398 434.
209 1348 319 1399 Seri]
358 1348 462 1387 Saevi
486 1349 581 1390 Cod.
602 1351 787 1392 Menardi.
815 1352 932 1404 miseri
958 1352 1100 1393 Medic.

52 1409 154 1439 unu&

98 1451 181 1499 436.
211 1451 287 1498 §Qui
301 1460 434 1501 propter
455 1465 582 1490 amara
599 1453 755 1502 seneciae
773 1455 932 1493 pondera
962 1455 1100 1506 despici-

51 1501 146 1551 ΜΛ]
201 1502 358 1551 Optime
388 1503 519 1552 legitur
540 1505 598 1542 hic
618 1506 725 1543 locus
746 1507 784 1544 in
805 1519 895 1544 meo
923 1508 1099 1556 antiquo,

0 1581 1 1586 ,
52 1552 124 1601 Qi
164 1562 296 1602 propter
334 1553 425 1590 [lura
452 1558 617 1602 semeiae.
654 1569 733 1606 quo
775 1557 895 1596 modo
937 1558 1099 1596 monstra

49 1604 175 1640 omnia
198 1604 388 1642 tolluntur.
417 1605 636 1644 Cromnos.
683 1607 727 1645 In
746 1620 824 1646 uno
844 1608 1011 1654 Heinfii,
1041 1609 1100 1646 de·

45 1653 235 1704 primitur,
263 1655 367 1704 quod
389 1657 520 1694 melius
549 1660 598 1703 τῷ
610 1658 763 1707 pondera
790 1659 998 1709 respondet.
1023 1670 1099 1709 pro-

42 1712 116 1755 pter
144 1704 234 1742 dura
264 1715 436 1756 excerpta
464 1708 618 1747 Mureti.
645 1709 761 1747 multa
795 1721 967 1761 quatuor.
985 1712 1100 1759 saeva

51 1763 129 1794 tres.

99 1818 183 1857 437.
214 1814 284 1846 Nec
304 1821 369 1859 quo
387 1807 487 1859 prius
505 1809 623 1848 ordine
650 1811 808 1863 regnat.]
848 1813 938 1852 Hoc
962 1814 1025 1851 vix
1046 1814 1103 1852 in-

49 1857 229 1907 telligitur.
258 1871 328 1909 ego
349 1869 441 1909 puto
462 1872 550 1898 eum
572 1861 694 1900 dicere
715 1864 809 1902 velle
824 1892 834 1908 ‚
863 1865 999 1903 Minoa
1024 1877 1102 1904 non

47 1916 145 1948 tanta
166 1909 394 1949 subditorum
418 1910 628 1950 obedientia
648 1925 798 1961 regnare
817 1942 827 1958 ,
851 1915 1102 1965 quemadmo-

47 1958 135 1998 dum
150 1960 173 1997 fi
189 1961 339 2010 juvenis
358 1973 400 2000 ac
413 1962 550 2001 validus
566 1962 939 2004 effet.G1.AREANUs·.
973 1967 1102 2006 Sensus

47 2011 270 2049 manifestus.
305 2024 385 2051 non
415 2024 459 2051 ea
488 2014 706 2053 auctoritate
728 2018 844 2065 regit,
872 2018 933 2056 [εά
957 2019 1033 2056 fere
1053 2020 1092 2056 in

47 2060 218 2098 ordinem
239 2062 438 2110 redigitur,
464 2076 560 2113 quae
591 2066 735 2105 locutio
763 2068 839 2106 fere
865 2069 996 2107 eadem
1021 2070 1091 2115 est,

49 2112 87 2149 ὅ(
107 2123 220 2160 quam
242 2112 426 2151 illustravit
447 2115 627 2154 Meursius
650 2127 727 2166 part
749 2131 793 2156 11.
813 2119 944 2158 Exere.
964 2121 1093 2159 Critic.

44 2161 106 2200 lib.
122 2174 241 2211 neap.
257 2176 289 2212 ς.
318 2163 490 2203 Heinsius
509 2168 592 2216 conj
606 2178 718 2207 :cerat
732 2197 742 2215 ‚
764 2171 885 2209 omine.
906 2171 958 2209 nil
979 2180 1095 2211 muta.

47 2211 156 2263 Epist.
176 2225 269 2252 viu.
291 2226 348 2264 34.

98 2274 184 2365 Ρέκς
201 2289 266 2326 quo
279 2304 288 2322 ‚
318 2277 380 2327 qui
394 2275 488 2327 prior
506 2278 549 2327 est
570 2280 709 2327 ordine,
732 2283 832 2333 poffit
854 2296 960 2323 avus.

50 2337 94 2365 11.
151 2336 193 2365 rt.
212 2339 231 2364 2
268 2340 296 2365 1.

100 2383 173 2415 Nec
185 2340 296 2426 pudor
315 2379 486 2425 ancillas,
513 2389 555 2417 ut
577 2394 729 2433 quaeque
754 2383 819 2422 erit
838 2385 955 2422 ordine
969 2385 1098 2434 prima,

2 2472 5 2478 ι
37 2426 99 2468 ‘Et
120 2429 259 2478 paffim,
311 2429 443 2468 Euam.

98 2479 182 2528 438.
208 2486 279 2517 Nec
290 2480 474 2531 sustinet.]
508 2487 579 2519 Nec
591 2481 628 2532 se
649 2492 739 2520 tenet
761 2483 1098 2532 Cantab.Jun.Re-

50 2529 124 2580 gius
143 2531 181 2569 ὅ(
203 2538 273 2569 tres
291 2532 361 2570 alii.
381 2535 420 2581 se
438 2544 555 2570 movet
584 2533 723 2571 Medic.
743 2546 850 2573 unus.

100 2593 184 2631 439.
213 2581 374 2633 Annos.]
406 2583 668 2629 Scribendum,
696 2585 819 2630 annis,
848 2594 888 2623 ut
899 2585 978 2624 libri
999 2598 1096 2631 non-

51 2632 136 2671 nulli
157 2641 298 2672 veteres
312 2662 321 2679 ‚
352 2636 389 2672 ὃς
409 2634 641 2673 distinetione
653 2635 950 2674 succurrendum.
965 2637 1095 2676 Nullus

4 2716 6 2718 .
51 2681 189 2722 sustinet
208 2686 337 2734 queri,
366 2697 450 2723 cum
475 2685 631 2724 Aeacon
653 2687 689 2724 ὃ(
706 2687 1018 2726 Rhadamanthon
1031 2701 1095 2726 an-

0 2735 9 2771 ³.l
52 2733 104 2776 nis
125 2733 230 2773 feffos
260 2735 393 2774 videat.
421 2736 569 2775 videant
589 2738 700 2776 etiam
721 2737 930 2788 Cantabrig.
953 2739 988 2776 δε
1003 2739 1092 2778 osto

0 2782 4 2822 l
55 2783 124 2823 alii.
175 2786 384 2826 HE1Ns1us.

1 2832 3 2841 ¹
102 2847 183 2882 441.
211 2838 278 2886 Ipfh
307 2851 438 2888 quoque
468 2838 654 2889 nomine.]
703 2839 839 2878 Audito
861 2839 998 2877 nomine
1016 2840 1091 2879 duo

54 2881 140 2924 libri.
167 2887 242 2925 diro
260 2900 391 2938 quoque
411 2902 446 2927 n.
477 2890 649 2929 Gronov.
668 2901 784 2940 gentes
804 2891 868 2941 ipso
889 2906 922 2943 q.
943 2904 978 2929 n.
1000 2890 1092 2930 mul-

0 2936 4 2969 ?
57 2942 109 2973 ras
129 2937 233 2977 Leid.
263 2938 330 2987 Ipso
350 2953 382 2986 q.
406 2952 441 2978 n.
459 2950 569 2978 terras
591 2953 696 2980 unus.

0 2991 2 2993 '
104 2998 184 3034 442.
211 2989 425 3027 De'z‘onidem.
450 2990 466 3039 Ἰ
520 2992 685 3030 Deionei
714 2992 861 3031 forsitan
883 2992 1021 3040 filiurn,
1051 3003 1092 3034 ut

0 3035 9 3088 'q
55 3037 180 3086 vulgus
204 3040 363 3088 putabat.
397 3052 483 3090 nam
507 3042 689 3090 Apollinis
718 3042 821 3082 fuisse
840 3043 954 3084 filium
977 3050 1091 3096 poeta

0 3091 2 3113 ³
55 3087 218 3135 testatur,
242 3090 386 3129 tametfi
407 3091 762 3142 nusquamlegitura
786 3096 1087 3145 Deioneoipsum

56 3134 184 3192 §lucere
213 3143 422 3190 originem,
445 3151 697 3193 praeterquam
730 3144 835 3194 quod
865 3147 1025 3186 Ovidius
1051 3148 1089 3188 id

54 3195 204 3227 innuere
225 3192 380 3231 videtur.
401 3205 444 3231 ac
463 3194 583 3231 variae
607 3193 758 3242 quidem
780 3195 861 3233 sunt
883 3196 928 3234 de
951 3199 1089 3237 Mileto

1964 1000 2217 1073 Aegaeas·

1158 1149 1239 1176 raea
1262 1139 1418 1178 Cleochi
1436 1140 1507 1179 filia
1520 1169 1532 1185 ‚
1552 1141 1683 1190 quibus
1702 1141 1936 1191 adstipulatur
1958 1145 2208 1194 Aristocritus,

1157 1190 1311 1228 scribens
1331 1192 1489 1229 Araeam
1526 1193 1683 1231 Cleochi
1709 1193 1814 1232 fuisse
1836 1194 1948 1234 filiam
1966 1225 1977 1242 ,
2006 1209 2052 1235 ex
2071 1211 2143 1247 qua
2167 1202 2206 1239 ὃς

1158 1242 1334 1289 Apolline
1362 1243 1530 1291 genitum
1560 1241 1630 1281 effe
1658 1245 1845 1296 infantem
1866 1274 1877 1291 ,
1915 1249 1981 1297 qui
2009 1248 2048 1286 in
2069 1250 2207 1290 Milaca
2230 1293 2232 1295 ,

1155 1291 1306 1330 herbam
1331 1293 1440 1331 fuerit
1460 1293 1657 1341 expositus
1680 1294 1884 1345 susceptum
1903 1306 2028 1337 autem
2050 1298 2071 1337 ὲ
2094 1300 2208 1340 cleo-

1157 1343 1229 1381 cho
1251 1342 1356 1382 fuiffe
1380 1346 1416 1382 ὃ(
1440 1342 1460 1381 a
1486 1344 1624 1383 Milace
1638 1346 1813 1385 Miletum
1832 1350 2082 1389 nominatum.
2102 1351 2211 1391 forfi-

1156 1401 1218 1432 tan
1239 1403 1364 1432 autem
1387 1394 1602 1433 Cleochidem
1623 1396 1824 1446 legendum
1848 1399 1921 1445 est,
1959 1413 2036 1439 non
2063 1403 2208 1440 Deioni-

1155 1445 1232 1482 dem
1247 1474 1256 1489 ‚
1285 1454 1324 1484 ut
1344 1446 1392 1484 est
1413 1448 1449 1484 in
1473 1447 1740 1496 exemplaribus
1759 1449 1946 1498 scriptum.
1974 1452 2034 1490 sed
2059 1465 2143 1491 cum
2158 1454 2205 1494 ad

1154 1496 1299 1535 virilem
1322 1496 1539 1545 pervenisset
1557 1507 1717 1538 aetatem
1739 1500 1890 1540 Miletus
1905 1530 1915 1547 ,
1944 1500 1964 1539 a
1994 1504 2206 1554 Minoeque

1155 1547 1245 1586 odio
1263 1548 1476 1593 haberetur,
1499 1548 1670 1588 secessisse
1692 1552 1858 1601 primum
1877 1553 1915 1591 in
1937 1552 2090 1592 Samum
2104 1584 2113 1600 ,
2141 1555 2205 1595 ubi

1155 1599 1264 1637 etiam
1302 1600 1405 1638 locus
1438 1600 1486 1638 est
1528 1601 1571 1639 ab
1610 1602 1674 1640 illo
1714 1602 1865 1641 Miletus
1906 1607 2205 1654 cognominatus,

1155 1649 1289 1689 deinde
1310 1663 1396 1689 cum
1418 1652 1456 1688 in
1480 1652 1625 1691 Cariam
1637 1652 1838 1700 transiisset,
1848 1655 1978 1693 urbem
1989 1656 2207 1703 aedificasse,

1156 1710 1267 1751 atque
1289 1701 1309 1739 a
1331 1702 1396 1741 suo
1418 1704 1575 1741 nomine
1595 1703 1770 1742 Miletum
1788 1705 1992 1754 appeliaffe.
2011 1707 2206 1747 aliiautem

1154 1751 1312 1792 scribunt
1333 1751 1353 1790 a
1377 1754 1587 1802 Sarpedone
1608 1755 1712 1802 Jovis
1734 1755 1812 1794 filio
1830 1757 2006 1796 Miletum
2020 1786 2030 1803 ,
2057 1758 2208 1798 &aedi-

1156 1803 1303 1843 ficatam
1319 1832 1329 1849 ‚
1358 1806 1396 1842 &
1419 1805 1464 1843 ab
1486 1817 1527 1843 ea
1543 1834 1552 1850 ,
1580 1817 1674 1855 quae
1693 1808 1792 1844 estin
1812 1807 1923 1846 Creta
1938 1810 2208 1852 ‚nominatam⁸

1158 1854 1270 1903 ipsam
1309 1854 1401 1894 vero
1438 1857 1601 1905 primum
1638 1857 1822 1908 Pityusam
1847 1886 1857 1902 ,
1893 1858 1968 1897 five
1996 1860 2175 1900 Asteriam
2193 1889 2225 1908 ,-

1159 1905 1294 1945 deinde
1311 1906 1558 1946 Anactorium
1581 1935 1591 1952 ‚
1619 1909 1743 1957 postea
1770 1909 1945 1948 Miletum
1966 1909 2070 1950 fuiffe
2093 1924 2208 1951 voca-

1158 1964 1248 1995 tam.
1284 1958 1455 1996 Rmms.
1508 1959 1615 1997 Haec
1648 1960 1724 1998 fere
1755 1960 1892 2010 Regius
1926 1972 1971 1999 ex
2004 1962 2203 2002 Scholiaste

1158 2008 1356 2057 Apollonii
1376 2008 1516 2048 Rhodii
1533 2010 1594 2048 lib.
1617 2023 1646 2048 1.
1659 2010 1716 2054 jos.
1732 2011 1813 2049 186.
1831 2012 1891 2050 sed
1911 2012 2058 2051 Anton.
2076 2014 2200 2052 Liber.

1149 2058 1235 2097 Fab.
1257 2071 1316 2110 30.
1347 2060 1434 2099 facit
1461 2061 1645 2109 Apollinis
1666 2063 1704 2099 δε
1722 2061 1939 2101 Acacallidis
1961 2090 1971 2108 ,
2000 2064 2141 2102 Minois
2159 2064 2205 2102 fi-

1148 2110 1245 2156 liae,
1280 2111 1411 2149 filium.
1439 2111 1499 2150 alii
1528 2124 1574 2150 ex
1598 2113 1806 2150 Acacallide
1837 2114 1876 2151 &
1897 2113 2096 2162 Apolline,
2125 2114 2202 2153 sive

1155 2162 1348 2201 Mercurio
1374 2171 1503 2201 natum
1528 2163 1688 2213 Cydona
1708 2163 1847 2201 dicunt.
1865 2163 2070 2213 vid.Steph.
2083 2166 2119 2202 in
2133 2169 2205 2201 Ku-

1152 2212 1269 2262 δωνίᾳ.
1319 2214 1532 2252 Scholiastes
1563 2227 1652 2252 vero
1683 2214 1879 2263 Apollonii
1909 2215 1979 2252 Rh.
2007 2227 2061 2253 ιν.
2092 2227 2200 2265 1492..

1152 2264 1362 2303 Acacallida
1376 2293 1385 2310 ,
1405 2267 1442 2303 ὃ(
1464 2265 1631 2314 Apollini
1650 2266 1688 2303 δε
1707 2265 1895 2302 Mercurio
1911 2265 2091 2303 subactam
2107 2294 2117 2310 ,
2136 2278 2219 2316 ΡΒ·-

1154 2314 1280 2362 perisse
1309 2328 1356 2353 cx
1386 2316 1450 2354 illo
1480 2318 1631 2354 Naxum
1654 2344 1664 2360 ,
1697 2328 1741 2353 ex
1773 2316 1846 2352 hoc
1867 2316 2036 2365 Cydona.
2064 2317 2138 2355 vid.
2160 2319 2201 2357 &

1153 2365 1305 2404 Pausan.
1328 2379 1418 2404 vni.
1441 2379 1500 2415 53.
1529 2368 1637 2404 Hanc
1656 2365 1863 2404 Acacallida
1891 2367 2003 2405 etiam
2031 2367 2202 2408 Hecalen

1154 2425 1332 2454 vocatum
1357 2416 1469 2454 docet
1490 2416 1673 2454 Meursius
1693 2418 1729 2453 in
1750 2416 1870 2455 Creta.
1897 2417 1958 2455 lib.
1980 2430 2044 2456 111.
2070 2430 2147 2468 cap.
2167 2431 2202 2469 3,
2220 2448 2223 2450 -

1153 2465 1409 2515 Etymologici
1429 2467 1556 2504 auctor
1574 2468 1610 2504 in
1633 2467 1807 2510 Μίλητος
1824 2468 2006 2516 Apollinis
2029 2469 2068 2506 &
2087 2471 2201 2509 Atiae

1152 2515 1269 2554 filium
1292 2517 1394 2556 facit,
1417 2516 1460 2554 ad
1488 2517 1596 2566 hujus
1618 2517 1742 2556 Mileti
1772 2518 1952 2566 expositi,
1976 2520 2014 2557 &
2038 2517 2058 2557 a
2082 2521 2199 2570 Lupis

1152 2568 1303 2611 nutriti,
1343 2569 1566 2605 memoriam
1596 2580 1796 2606 nummum
1825 2569 2118 2618 Cydonaeorum
2142 2584 2201 2610 re-

1152 2618 1222 2655 fert
1244 2617 1400 2656 Tristan.
1422 2619 1483 2656 lib.
1504 2632 1530 2656 1.
1556 2619 1803 2669 Comm.pag.
1816 2622 1876 2669 96.
1906 2621 2088 2659 Deionides
2106 2634 2199 2662 vero

1150 2680 1229 2706 non
1253 2669 1369 2708 dictus
1394 2669 1539 2708 videtur
1568 2682 1588 2708 a
1618 2670 1796 2709 Deioneo
1830 2682 1931 2720 patre
1947 2700 1957 2715 ,
1984 2673 2044 2711 sed
2064 2674 2199 2713 rectius

1151 2717 1172 2756 ὲ
1187 2719 1337 2758 Deione
1349 2729 1478 2765 matre;
1494 2733 1578 2759 nam
1594 2732 1721 2769 parens
1729 2721 1901 2760 Phoebus
1919 2722 2090 2773 sequitur.
2119 2725 2199 2763 De-

1149 2770 1444 2815 ionen‚matrem
1462 2771 1664 2809 Philonidis
1678 2784 1794 2822 ‚quae
1822 2785 1866 2810 ex
1889 2775 2063 2823 Apolline
2083 2775 2198 2814 susce-

1149 2822 1202 2869 pit
1230 2823 1340 2860 etiam
1371 2822 1849 2866 Philammona,memorat
1883 2824 2004 2863 Schol.
2034 2827 2196 2865 Homeri

1150 2872 1251 2910 lliad.
1273 2873 1300 2910 l.
1314 2884 1398 2922 432.
1413 2873 1458 2911 de
1477 2874 1624 2911 Deioneo
1643 2874 1704 2912 vel
1715 2874 2053 2922 Deione.vid.supra
2075 2876 2203 2914 adlibr

1148 2924 1316 2972 vino-79.
1347 2925 1523 2963 Ceterum
1546 2924 1802 2976 Deionidaeque
1821 2935 1896 2964 erat
1914 2927 1952 2963 in
1972 2926 2136 2962 Francos.
2150 2926 2190 2962 &

1148 2973 1314 3022 plurimis
1344 2975 1431 3013 aliis.
1464 2976 1698 3027 Deionideque
1725 2978 1764 3015 in
1799 2976 1883 3015 MS.
1911 2975 2122 3013 Bersmanni
2148 2975 2207 3012 δε,

1147 3026 1335 3064 nonnullis
1359 3026 1515 3065 Heinfii.
1543 3026 1675 3065 Euam.

1197 3096 1283 3135 443.
1312 3085 1516 3136 Miletum]
1540 3087 1688 3124 Mileton
1705 3099 1798 3126 unus
1816 3098 1929 3126 meus.
1957 3086 2166 3125 Herusius,
2187 3113 2189 3117 ι

1197 3161 1280 3197 444.
1309 3151 1524 3200 credensque
1534 3151 1648 3200 suia]
1678 3152 1770 3189 Non
1789 3150 1922 3189 credens
1938 3175 1947 3193 ‚
1962 3147 2076 3204 (quid
2087 3150 2191 3188 enim

1143 3201 1265 3238 minus
1281 3200 1321 3248 ?)
1349 3201 1411 3238 sed
1428 3211 1536 3237 certus
1549 3201 1639 3249 ‚legi
1658 3201 1778 3238 debet.
1806 3209 1867 3238 aut
1887 3199 1978 3238 nihil
1996 3199 2088 3237 mihi
2101 3211 2188 3238 cum

57 3237 249 3284 priscorum
269 3244 476 3292 opiniones.
502 3244 562 3282 alii
584 3255 747 3291 namque
759 3244 934 3284 Euxantii
953 3259 1000 3285 ex
1013 3249 1087 3285 Mi·
1136 3250 1282 3298 judicio
1304 3250 1363 3287 est.
1391 3250 1497 3286 Tan.
1526 3250 1670 3288 Fam.
1724 3251 1806 3287 Lib.
1832 3263 1877 3287 11.
1899 3250 1968 3297 Ep.
1987 3251 2048 3297 69.
2084 3250 2190 3289 Nihil

58 3296 150 3328 cone
170 3293 244 3332 nati
263 3293 382 3334 filium
403 3293 506 3335 fuiffe
528 3296 651 3346 ajunt,
677 3295 737 3335 alii
756 3295 941 3344 Apollinis
967 3309 1014 3336 ex
1033 3297 1090 3347 Ag
1142 3307 1251 3350 muto
1275 3311 1287 3351 ς
1321 3298 1561 3349 suspicabatur
1589 3302 1628 3339 &
1662 3299 1832 3340 credebat
1858 3301 1985 3339 Minos
2005 3308 2187 3350 nepotem

2085 3351 2192 3403 surim
