2483 3616
286 169 390 232 ·492
802 148 1343 210 P.0V1D11

1415 146 1953 210 NASONIS

442 245 541 315 385
579 244 638 302 In
660 245 936 302 volucrem
959 242 1092 300 versi
1115 259 1239 297 cum
1265 243 1496 313 conjuge
1523 241 1733 297 conscia
1758 240 1913 313 regis,

587 319 829 375 Dextera
859 317 1081 390 Cyllene
1110 314 1211 370 est:
1253 313 1307 368 in
1332 317 1438 385 qua
1461 334 1586 370 cum
1612 330 1782 369 matre
1810 310 2159 385 Menephron

587 390 988 446 Concubiturus
1014 401 1155 453 erat,
1192 387 1461 443 saevarum
1485 405 1637 442 more
1664 387 1912 441 ferarum.

666 463 939 536 Cephison
960 463 1150 535 procul
1175 460 1299 514 hinc
1328 459 1627 514 deflentem
1653 458 1758 512 fata
1783 458 1996 528 nepotis

585 537 826 610 Respicit
852 537 907 592 in
933 535 1193 590 tumidam
1218 532 1440 588 Phocen
1464 533 1527 586 ab
1554 531 1807 604 Apolline
1831 528 1990 585 verfi:

446 630 546 683 390
583 610 904 683 Eumelique
931 609 1157 665 domum
1182 606 1412 679 lugentis
1435 606 1492 662 in
1517 609 1641 660 ae're
1666 616 1859 661 natam.

289 874 396 912 'niam
426 885 467 910 ea
488 872 657 910 Latonae
680 870 723 908 ab
755 870 862 908 initio
892 870 1062 919 affignata
1081 869 1191 908 fuerit
1211 897 1222 914 ,
1249 881 1341 908 mox

295 924 390 962 faeta
412 924 506 962 inter
545 924 762 971 Neptunum
796 922 833 958 ὅ(
859 921 1045 958 Latonam
1067 921 1342 970 permutatione

292 986 364 1025 pro
384 975 452 1012 hac
473 1003 484 1020 ,
528 974 664 1011 Delum
689 972 835 1010 Latona
852 1000 862 1017 ,
891 983 956 1021 pro
976 972 1035 1009 illa
1051 980 1175 1010 autem
1196 973 1342 1021 Neptu-

294 1037 363 1063 nus
386 1026 480 1063 hanc
500 1024 690 1072 acceperit.
728 1023 770 1061 Id
793 1023 896 1073 quod
919 1024 1031 1060 etiam
1051 1023 1111 1061 alii
1130 1023 1281 1073 quidem
1302 1024 1341 1061 in

296 1075 398 1113 hunc
415 1076 541 1113 locum
562 1082 796 1112 annotarunt.
850 1074 910 1112 Est
938 1083 1063 1112 autem
1084 1074 1230 1112 celebris
1250 1075 1342 1112 haec

295 1126 409 1164 insula
440 1134 561 1163 morte
594 1125 854 1163 Demosthenis
884 1135 1060 1175 quoque:
1086 1125 1136 1162 ibi
1163 1125 1262 1162 enim
1283 1125 1342 1162 ille

293 1177 332 1215 in
363 1177 503 1226 templo
525 1178 562 1214 ὃς
584 1177 683 1226 asylo
713 1177 905 1225 Neptuni,
933 1187 1018 1214 cum
1033 1176 1184 1213 Archias
1203 1175 1248 1212 ab
1262 1174 1344 1213 An-

291 1229 426 1276 tipatro
453 1225 575 1265 missus
596 1256 606 1270 ‚
642 1236 682 1265 ut
718 1228 755 1264 in
787 1227 1052 1265 Macedoniam
1086 1226 1343 1276 pertraheret,

290 1278 439 1327 sumpto
466 1291 639 1323 veneno,
668 1278 873 1315 voluntaria
897 1286 1018 1315 morte
1042 1277 1259 1327 supplicium
1283 1285 1343 1327 ty-

295 1331 401 1367 ranni
438 1331 645 1378 praevertit.
684 1329 912 1367 Micutus.
965 1329 1132 1378 Plerique
1159 1328 1234 1366 hoc
1255 1328 1342 1366 loco

291 1379 505 1417 Calauream
529 1380 677 1416 Latoida
698 1381 914 1428 appellatam
944 1387 1095 1428 putarit,
1125 1378 1145 1416 a
1168 1379 1314 1417 Latona
1330 1408 1341 1424 ‚

293 1442 389 1479 quae
409 1431 507 1468 illam
529 1431 572 1468 ab
602 1431 710 1468 initio
729 1427 946 1478 possederit:
976 1430 1099 1478 postea
1128 1440 1340 1468 commuta-

293 1482 399 1519 tione
420 1482 514 1519 faeta
537 1510 547 1526 ,
577 1483 755 1531 Neptuno
789 1477 1015 1519 concesserit.
1068 1481 1258 1518 Pausanias
1278 1493 1342 1519 au-

292 1539 370 1569 tem
400 1533 437 1569 in
467 1532 636 1570 Corinth.
658 1534 695 1570 &
719 1533 808 1569 item
829 1533 866 1569 in
885 1532 1033 1569 Phocic.
1053 1543 1132 1569 non
1156 1532 1341 1577 Latonae,

292 1583 353 1620 sed
376 1582 554 1631 Apollinis
581 1584 767 1632 propriam
795 1583 890 1620 hanc
922 1580 1025 1619 fuiffe
1046 1582 1158 1625 dicit,
1188 1583 1226 1619 ὃ(
1255 1594 1341 1621 cum

293 1633 496 1681 Neptuno,
524 1646 591 1682 pro
620 1634 771 1681 Delphis
801 1640 1060 1683 permutatam.
1089 1633 1205 1683 Cujus
1217 1634 1269 1671 rei
1289 1642 1342 1672 te·

294 1682 359 1721 stes
378 1685 414 1720 ὃ(
433 1684 550 1722 versus
568 1685 636 1722 hos
657 1686 742 1722 citat
756 1712 766 1729 ,

346 1743 432 1782 Ἶσσν
455 1760 505 1782 τοι
528 1747 645 1786 Δῆλόν
673 1760 737 1791 τε,
766 1746 994 1790 Καλαυρεῖαν
1017 1760 1061 1783 τε
1078 1748 1261 1794 νέμεσθαι,

344 1798 445 1834 Πυθώ
466 1793 501 1833 τ’
519 1797 665 1842 ἦγσιθέην
679 1825 689 1842 ,
718 1796 783 1833 καὶ
806 1799 977 1843 Τοιῑνκρον
1004 1797 1238 1843 ἦνεμοέσσαις.

293 1858 413 1897 IDEM.
470 1860 622 1896 Letoidos
652 1861 789 1909 primus
818 1861 930 1899 Palat.
966 1862 1102 1910 primus
1124 1862 1244 1900 Varie.
1265 1862 1339 1911 pri·

292 1920 377 1948 mus
407 1910 545 1948 Medic.
580 1911 740 1949 Florent.
772 1912 890 1960 Neap.
918 1913 1048 1949 Urbin.
1079 1914 1117 1951 ὃς
1146 1914 1235 1950 octo
1262 1913 1335 1951 alii'.

293 1960 344 1998 fic
385 1961 488 2009 saepe
537 1962 574 1998 in
603 1962 760 2011 antiquis
793 1963 888 2000 libris
932 1963 1028 2011 apud
1065 1964 1266 2008 Nostrum,
1296 1971 1336 2001 ut

290 2010 357 2049 suo
376 2011 463 2049 loco
486 2012 732 2051 monebimus.
787 2013 895 2051 Trist.
917 2014 978 2051 lib.
1000 2027 1066 2052 111.
1087 2014 1188 2063 Eleg.
1207 2027 1240 2051 Π
1264 2022 1338 2053 Λῆ-

292 2061 406 2104 ‘emos-
427 2063 586 2100 Graecis.
621 2075 687 2111 pro
722 2064 863 2113 aspicit,
890 2064 1040 2114 quidam
1064 2077 1109 2102 ex
1131 2066 1338 2103 vetustiori-

290 2111 378 2156 bus,
405 2113 524 2160 attigit
547 2140 556 2157 ‚
593 2114 681 2158 vel,
708 2115 830 2161 astitit.
865 2115 903 2152 ὃς
937 2127 1050 2161 mox,
1079 2115 1241 2164 Cyllene,
1270 2128 1337 2165 pro

287 2162 438 2210 Cyllena
459 2164 586 2201 iidem.
643 2166 822 2210 Noricus,
850 2164 967 2213 adstat
992 2166 1030 2202 in
1051 2179 1155 2204 arva.
1186 2167 1336 2204 HEiNS.

289 2213 484 2250 Calaureae
503 2215 613 2252 etiam
634 2216 672 2252 &
687 2244 696 2260 ,
725 2216 889 2263 adstatin
909 2229 1002 2255 arva
1013 2217 1101 2265 legit
1113 2218 1338 2255 Hermssar·

290 2264 364 2301 bar.
389 2265 432 2302 ad
455 2265 613 2302 Plin.1v.
640 2278 693 2303 12.
723 2266 933 2303 Calauriam
955 2276 1119 2316 correpta
1133 2268 1337 2316 penultima

289 2314 380 2351 dixit
395 2318 526 2354 Avien.
540 2316 664 2354 Descr.
676 2317 857 2363 Orb.670.
870 2319 907 2354 δε
920 2317 1086 2355 Priscian.
1100 2319 1238 2366 Perieg.
1256 2331 1337 2368 525.

292 2364 456 2411 Apollini
482 2367 613 2404 sacram
636 2366 739 2405 fuisse
766 2369 804 2405 ὃ(
827 2368 959 2405 deinde
981 2369 1135 2416 Delphis
1160 2381 1334 2408 commu-

288 2422 402 2452 tatam
425 2418 601 2464 Neptuno
637 2418 744 2456 tradit
774 2420 812 2455 &
846 2418 968 2455 Schol.
990 2419 1169 2467 Apollon.
1191 2432 1253 2456 111.
1275 2421 1337 2464 ys.

293 2475 397 2510 1241.
425 2467 463 2503 ὃς
486 2468 655 2517 Aeschyl.
675 2469 836 2507 Eumen.
858 2479 917 2518 30.
941 2469 1001 2507 ubi
1022 2470 1094 2508 vid.
1108 2470 1337 2508 Stanl.Bua-

290 2526 469 2552 MANNUS.

346 2565 428 2612 385.
458 2568 682 2623 In-velucrem
704 2569 829 2619 versi]
852 2570 929 2608 Hic
949 2568 1051 2609 fuisse
1071 2571 1218 2610 videtur
1228 2573 1334 2623 Ceyx

292 2625 357 2651 rex
379 2616 570 2655 Trachinis
585 2647 594 2661 ‚
619 2621 681 2667 qui
704 2632 788 2657 cuin
810 2622 1024 2670 tempestate
1045 2623 1081 2660 in
1101 2624 1192 2660 mari
1211 2625 1335 2670 periis-

290 2664 344 2702 set
360 2693 377 2721 .,
408 2666 679 2716 Halcyoneque
707 2671 812 2716 ipsius
840 2684 934 2709 uxor
963 2672 1075 2710 Aeoli
1101 2673 1174 2711 filia
1206 2674 1330 2712 flend-0

287 2726 408 2772 perire
429 2718 559 2761 vellet,
587 2719 698 2755 ambo
719 2721 756 2756 in
779 2732 862 2757 aves
882 2723 1136 2771 Halcyonides
1165 2725 1332 2763 conversi

289 2770 465 2810 suerunt,
489 2776 528 2804 ut
549 2769 585 2803 in
613 2780 665 2804 xr.
688 2772 798 2816 poeta
825 2770 932 2818 plene
961 2773 1135 2812 describit.
1163 2776 1331 2814 Remus.

289 2815 412 2854 Recte
443 2817 592 2855 fortassis
617 2818 764 2855 haberet
796 2820 885 2857 haec
906 2822 1086 2869 expositio
1110 2852 1120 2867 ‚
1146 2825 1206 2862 sed
1228 2827 1332 2864 dare-

287 2878 372 2904 mus
392 2868 567 2906 Medeam
582 2876 679 2905 reti·o
690 2867 913 2907 Thessaliam
933 2873 1051 2908 versus
1063 2873 1186 2911 denuo
1200 2876 1332 2915 aelam.

287 2916 374 2956 Fuit
399 2920 499 2956 enim
521 2916 728 2956 Thess'aliae
747 2920 926 2967 oppidum
948 2922 1110 2959 Trachin
1125 2951 1133 2965 ,
1149 2925 1208 2961 ubi
1223 2926 1330 2974 Ceyx

286 2971 456 3017 regnavit
475 2997 486 3015 ‚
512 2968 575 3006 sub
607 2969 705 3006 Oeta
738 2978 869 3007 monte
887 2998 898 3014 ,
937 2971 979 3007 ab
1006 2972 1189 3017 Hercule,
1218 2984 1257 3011 ut
1279 2978 1330 3013 ait

286 3018 491 3068 Stephanus
513 3047 524 3063 ,
561 3019 766 3057 conditum.
816 3020 957 3057 Verum
989 3023 1073 3070 quia
1103 3023 1327 3062 Corinthum

285 3069 460 3108 tendebat
490 3070 549 3108 illa
575 3098 586 3115 ,
623 3070 910 3108 consentaneum
943 3070 991 3108 est
1013 3099 1022 3115 ,
1060 3072 1241 3111 Ovidium
1283 3075 1329 3112 de

284 3120 357 3158 alio
385 3120 548 3170 quodam
577 3132 661 3170 rege
697 3133 796 3169 cum·
815 3133 930 3159 uxore
958 3122 995 3158 in
1026 3123 1216 3160 volucrem
1239 3136 1329 3162 con-

286 3171 415 3216 verso,
450 3172 513 3210 liic
544 3173 756 3221 intelligere.
810 3173 887 3220 Qui
918 3181 1043 3210 tamen
1074 3185 1152 3223 quo
1172 3176 1328 3213 nomine

285 3221 417 3265 fuerit,
445 3232 506 3260 aut
534 3235 605 3272 qua
635 3223 680 3260 de
709 3223 809 3261 causa
840 3224 1116 3265 transformatus
1127 3251 1140 3273 ,
1169 3225 1244 3268 aliis
1265 3238 1329 3266 ex-

282 3268 756 3330 plicanclurnrelinquimus2
781 3275 1007 3327 Mimantis,

2292 715 2336 772 F
2347 729 2438 780 AB.

1455 869 1540 920 386.
1567 874 1724 906 Dextera
1743 866 1885 916 Cyllene
1905 863 1988 914 est.]
2019 863 2174 915 Cyllene
2186 874 2296 902 mons
2315 864 2362 902 est
2372 865 2439 906 Aia·

1398 919 1733 965 cadiae,Mercurii
1758 918 1949 955 nativitate
1977 915 2184 954 notiffimus
2204 944 2213 960 ‚
2252 913 2272 952 a
2291 915 2440 964 Cyllene

1399 973 1566 1022 nympha
1590 970 1889 1020 cognominatus.
1937 967 1996 1005 Est
2017 967 2127 1005 etiam
2150 966 2305 1016 Cyllene
2325 967 2442 1012 Elicii·

1398 1023 1489 1061 fium
1511 1023 1656 1061 navale.
1682 1022 1854 1059 REGius.
1909 1017 2000 1056 Sunt
2017 1019 2082 1067 qui
2103 1017 2149 1055 de
2168 1025 2277 1066 portu
2296 1017 2368 1056 hoc
2386 1018 2440 1059 lo-

1399 1086 1446 1112 co
1468 1075 1653 1122 accipiunt
1667 1102 1677 1115 ‚
1704 1072 1741 1110 id
1770 1069 1873 1121 quod
1891 1068 2167 1119 propemodum
2183 1068 2364 1106 rationem
2381 1069 2442 1110 ha-

1398 1125 1484 1169 bet,
1522 1124 1548 1162 si
1568 1131 1688 1162 totam
1718 1121 2017 1171 Peloponnesum
2045 1118 2334 1158 circumveeiam
2363 1119 2443 1160 Me.

1401 1175 1509 1214 deam
1539 1175 1784 1223 intelligamus
1806 1202 1816 1217 ,
1842 1180 2041 1220 antequam
2074 1170 2298 1208 Corinthum
2322 1182 2442 1219 perve-

1400 1227 1506 1264 nerit.
1562 1225 1632 1263 Sed
1654 1234 1778 1263 tamen
1799 1233 1838 1261 ut
1862 1223 1908 1260 de
1932 1231 2064 1260 monte
2086 1222 2322 1270 accipiamus,
2335 1222 2440 1264 etlam

1399 1277 1568 1326 Hygini,
1598 1276 1666 1313 fab.
1689 1287 1773 1325 253.
1801 1274 2055 1312 testimonium
2076 1273 2183 1316 facit,
2210 1272 2307 1321 apud
2333 1284 2440 1322 quem

1398 1327 1445 1365 de
1464 1329 1532 1365 hac
1551 1326 1669 1365 fabula
1688 1328 1725 1364 in
1746 1327 1846 1364 hunc
1873 1324 2031 1362 modum
2064 1324 2209 1373 legitur.
2237 1322 2441 1373 Menephron

1399 1391 1478 1416 cum
1507 1378 1648 1428 Cyllene
1670 1377 1751 1425 filia
1778 1377 1817 1413 in
1843 1375 1992 1413 Arcada
2016 1404 2025 1419 ‚
2052 1386 2097 1415 ey
2123 1387 2202 1411 cum
2229 1373 2350 1410 Bliade
2376 1374 2442 1423 (fic

1397 1431 1499 1468 enim
1524 1429 1671 1479 vulgata
1703 1428 1818 1466 editio
1837 1427 1971 1475 habet)
2000 1437 2114 1464 matre
2142 1428 2211 1474 sua
2240 1423 2443 1472 concubuit,

1397 1481 1471 1518 ἃς.
1524 1481 1615 1529 Cap.
1636 1479 1681 1518 de
1709 1480 1751 1517 iis
1781 1479 1845 1528 qui
1882 1487 2010 1516 contra
2032 1479 2086 1516 fas
2126 1476 2281 1514 concub.
2335 1474 2445 1518 Ροιτὸ

1399 1531 1595 1581 Cyllenem
1617 1538 1810 1572 montem,
1841 1527 1862 1566 a
1883 1529 2040 1579 Cyllene
2062 1528 2157 1566 Elati
2178 1526 2255 1565 filio
2277 1526 2439 1574 Arcade,

1397 1581 1539 1621 dietum
1562 1582 1747 1620 Pausanias
1770 1589 1878 1618 autor
1900 1579 1969 1622 est,
1983 1588 2094 1629 atque
2112 1578 2198 1616 inde
2223 1578 2332 1616 etiarn
2344 1579 2443 1618 Mer·

1401 1634 1559 1671 curium.
1610 1633 1713 1670 Mela
1745 1639 1868 1669 autem
1912 1631 2142 1669 Mercurium
2174 1629 2388 1678 Cyllenium
2419 1627 2441 1669 εἴ
2481 1651 2483 1661 ‹

1403 1684 1559 1733 Cyllene
1590 1694 1698 1732 portu
1721 1711 1731 1727 ‚
1771 1682 1844 1720 sive
1865 1682 2052 1720 navalibus
2078 1679 2298 1724 Elienfium,
2327 1680 2444 1719 ubi&
2482 1684 2483 1690 ’

1399 1744 1528 1772 natum
1556 1735 1659 1772 illum
1694 1734 1910 1771 arbitrantur
1929 1760 1940 1777 ,
1968 1732 2189 1781 appellatum
2211 1729 2310 1768 dicit.
2361 1730 2442 1771 Mr-

1400 1797 1562 1823 curus,
1591 1784 1646 1832 Est
1668 1796 1745 1822 non
1766 1792 1913 1833 apparet
1931 1785 1968 1821 in
1991 1783 2152 1832 plurimis
2171 1781 2319 1829 scriptis.

1448 1849 1532 1899 387,
1560 1847 1793 1897 Saevarum.]
1837 1847 2051 1896 Rapidarum
2071 1846 2107 1883 V
2111 1846 2194 1884 atic.
2213 1845 2332 1890 forte,
2352 1843 2442 1894 rabiq

1394 1900 1534 1938 darum.
1553 1899 1641 1937 Vid.
1658 1900 1704 1937 ad
1722 1898 1832 1948 Epist.
1854 1910 1886 1935 x.
1907 1898 1966 1945 96.
2003 1898 2216 1934 Hsmsms.

1444 1964 1528 2012 388.
1555 1962 1761 2013 Cephison]
1811 1961 1987 2011 Cephisus
2016 1961 2149 1998 fluvius
2169 1960 2218 1998 est
2239 1960 2440 2008 Boeotiae,·

1392 2015 1657 2064 praeterlabens
1696 2014 1862 2063 Delphos
1887 2040 1897 2056 ‚
1952 2012 2053 2062 cujus
2089 2010 2181 2048 filius
2224 2011 2268 2048 ab
2299 2012 2438 2061 Apolli·
2476 2026 2477 2030 ¹

1392 2078 1440 2104 ne
1460 2068 1497 2104 in
1519 2066 1680 2104 Phocam
1696 2093 1707 2110 ,
1740 2065 1814 2102 hoc
1834 2063 1881 2101 est
1898 2090 1907 2107 ‚
1935 2063 2093 2100 vitulum
2115 2062 2298 2100 marinum
2315 2091 2326 2106 ‚
2371 2064 2437 2102 fuit

1394 2118 1602 2155 conversus.
1630 2119 1800 2154 REGiUS.
1852 2116 1979 2162 Quem
2001 2112 2066 2150 hic
2093 2120 2270 2161 nepotem
2292 2112 2436 2162 Cephisi
2472 2141 2475 2164 ς

1393 2168 1595 2216 intelligat,
1623 2169 1817 2206 incertum.
1856 2164 1920 2202 filii
1949 2172 2073 2202 autern
2103 2162 2251 2212 Cephisi
2277 2163 2438 2204 feruntur
2470 2177 2476 2202 ε

1395 2217 1601 2263 Narcissus,
1631 2218 1676 2256 de
1695 2230 1771 2267 quo
1784 2214 1909 2265 supra,
1941 2216 1977 2252 ὅ(
1999 2214 2189 2256 Eteocles,
2216 2214 2266 2257 is,
2295 2215 2358 2264 qui
2369 2213 2438 2264 pri·
2470 2240 2473 2262 ,

1395 2281 1479 2306 mus
1502 2267 1705 2307 sacrificasse
1728 2269 1862 2305 Gratiis
1881 2266 2034 2310 dicitur,
2061 2273 2102 2303 ut
2113 2265 2211 2303 estin
2223 2264 2437 2304 Comment.
2469 2279 2473 2321 j

1393 2320 1548 2357 Pindari.
1576 2322 1818 2368 Quamquam
1841 2317 1953 2355 rursus
1975 2316 2103 2354 Strabo
2122 2317 2240 2364 plures
2262 2315 2432 2365 Cephisos
2468 2327 2470 2331 ’

1394 2380 1588 2409 enumerat
1605 2371 1698 2408 libro
1728 2382 1781 2407 1x.
1808 2369 1909 2418 cujus
1940 2367 2048 2420 verba
2070 2366 2168 2405 sunt:
2189 2362 2273 2409 '‘Ee-c
2295 2365 2338 2403 δὲ
2367 2366 2434 2409 Kti-
2467 2392 2470 2421 ÷

1392 2424 1517 2467 φισσος
1537 2422 1554 2458 ὃ
1566 2450 1575 2465 ,
1593 2435 1634 2458 τε
1655 2420 1810 2462 Φωκικὸς
1823 2448 1833 2464 ,
1846 2421 1907 2456 καὶ
1920 2417 1935 2453 ὃ
1947 2419 2107 2463 Α’θῆνῃσι
2119 2445 2129 2461 ,
2157 2418 2247 2454 κειῑὸ
2270 2416 2306 2453 ἐν
2317 2421 2435 2456 Σαλα·

1392 2475 1483 2517 μῖνι,
1515 2475 1690 2517 τέταρτος
1713 2472 1754 2507 δὲ
1774 2473 1834 2507 καὶ
1857 2472 2029 2514 πέμπτος
2059 2471 2075 2506 ὁ
2094 2469 2131 2504 ἐν
2149 2469 2316 2512 Σικυῶνι,
2338 2465 2431 2506 καὶὸ
2465 2471 2467 2505 j

1391 2522 1427 2559 ἐν
1447 2526 1574 2570 Σκύρῳ.
1601 2522 1705 2566 ἕκτος
1723 2523 1764 2560 δὲ
1786 2520 1801 2558 ὅ
1835 2520 1871 2557 ἐν
1890 2513 2009 2565 Α”ργει
2035 2522 2103 2561 τὰς
2136 2521 2260 2563 artifice
2280 2519 2374 2563 ἔχων
2391 2517 2432 2563 ἐκ
2462 2530 2466 2564 l

1395 2576 1578 2617 Λυρκεῑου.
1634 2575 1691 2609 Ε”ν
1721 2569 1955 2618 Α’πολλωυίᾳ
1982 2571 2023 2607 δὲ
2055 2573 2097 2616 τῇ
2121 2570 2207 2613 πρὸς
2240 2564 2430 2618 Ε’πιὸάμνῳ
2461 2583 2465 2614 i

1390 2627 1491 2669 πηγή
1512 2626 1567 2667 ἐςι
1589 2627 1691 2660 κατὰ
1712 2625 1752 2659 τὸ
1772 2622 1960 2667 γυμνάσιον
1975 2650 1985 2665 ,
2015 2621 2051 2661 ἣν
2073 2623 2220 2656 amoves
2243 2620 2427 2666 ΚῆΦισσον.
2461 2624 2464 2650 i

1390 2676 1497 2712 Haec
1521 2676 1679 2724 adjicere
1706 2673 1840 2722 placuit
1862 2701 1872 2717 ‚
1900 2673 1924 2710 si
1945 2671 2041 2710 forte
2062 2673 2141 2720 quis
2160 2672 2269 2709 alium
2297 2671 2428 2720 Cephi-
2460 2673 2463 2704 i*

1387 2725 1465 2763 sum
1495 2726 1558 2764 hic
1580 2754 1590 2769 ‚
1634 2724 1747 2775 quam
1777 2723 1976 2761 Boeotium
2010 2722 2288 2770 intelligendum
2319 2727 2427 2772 putet.
2460 2730 2462 2764 ζ

1388 2775 1504 2813 Porro
1524 2777 1710 2814 Pausanias
1729 2774 1790 2813 lib.
1809 2786 1856 2812 11.
1880 2786 1934 2822 ις.
1963 2773 2160 2822 Cephisum
2183 2772 2304 2817 tradit,
2315 2779 2424 2811 unum
2458 2779 2461 2798 ³

1389 2838 1434 2863 ex
1452 2828 1635 2876 judicibus
1654 2824 1757 2865 fuisse
1781 2852 1791 2870 ,
1832 2826 1896 2874 qui
1921 2826 2100 2872 Neptuno
2122 2825 2158 2861 ὃ(
2189 2824 2336 2870 Junone
2362 2831 2427 2871 pro
2457 2825 2460 2874 ζ

1389 2879 1496 2926 Argis
1513 2877 1763 2926 jurgantibus,
1792 2875 1992 2914 secundum
2013 2876 2201 2921 Junoneni
2214 2874 2423 2911 sententiam
2456 2886 2460 2923 ξ,

1386 2929 1547 2965 tulerunt
1568 2956 1578 2972 ‚
1617 2928 1666 2964 ob
1701 2939 1811 2976 quain
1843 2938 1919 2964 rein
1949 2925 2179 2974 indignatum
2212 2925 2422 2972 Neptunum
2455 2936 2458 2974 ξ

1385 2988 1495 3024 aquas
1526 2978 1591 3015 illis
1620 2976 1823 3015 subtraxisse
1847 3005 1857 3019 ‚
1894 2984 1933 3014 ut
1962 2976 2025 3013 nisi
2054 2976 2152 3024 pluat
2176 3002 2185 3018 ‚
2213 2975 2422 3022 plerumque
2454 2979 2458 3019 1

1385 3025 1468 3063 sicci
1501 3028 1735 3074 reperiantur.
1772 3028 1934 3064 Fuerunt
1962 3036 2087 3064 autem
2105 3024 2247 3073 judices
2266 3023 2390 3073 reliqui
2409 3048 2420 3067 ,
2454 3033 2457 3070 ς

1387 3075 1539 3113 Inachus
1556 3078 1592 3113 ὃς
1616 3079 1793 3115 Asterion.
1819 3079 2047 3115 Micums.
2089 3074 2234 3122 Cephisi
2257 3074 2422 3118 filia,no·
2453 3073 2456 3104 ἕ

1392 3128 1494 3163 mine
1515 3127 1705 3164 Praxithea
1720 3156 1729 3170 ‚
1757 3137 1868 3176 nupta
1889 3130 1955 3165 fuit
1978 3125 2186 3165 Erechtheo
2202 3136 2266 3169 ,ex
2289 3136 2357 3174 qua
2367 3122 2424 3160 ille
2452 3136 2454 3164 i

1385 3177 1474 3213 oesto
1496 3177 1627 3214 liberos
1645 3178 1905 3226 suscepir,teste
1920 3175 2425 3223 Nostrolib.v1.679.quam-
2452 3192 2453 3196 =

1385 3238 1496 3275 quam
1517 3228 1574 3264 alii
1597 3228 1732 3276 septem
1750 3257 1759 3273 ‚
1788 3230 1848 3266 alii
1871 3229 1986 3276 plures
2008 3226 2188 3268 tribuant3
2219 3237 2262 3262 ex
2273 3232 2425 3272 quatuor

1387 3289 1475 3328 crgo
1497 3277 1577 3319 filiis
1597 3284 1757 3330 Cecrope,
1786 3285 1894 3332 anea
1917 3305 1930 3324 ,
1966 3277 2139 3331 Pandaro,
2153 3275 2315 3327 Matiene,
2333 3283 2422 3360 uililus

2390 3331 2424 3358 ic
