2483 3616
687 189 747 245 P.
822 161 1235 243 oV1D11

207 217 277 252 20

1308 183 1845 244 NASONIS-

389 302 453 352 75
490 282 666 339 Terra
705 282 841 338 feras
867 282 1037 353 cepit:
1077 281 1325 337 volucres
1352 282 1607 355 agitabilis
1631 285 1736 336 ae'r.

495 356 732 411 Sanffius
758 355 837 408 his
860 354 1078 418 animal,
1114 354 1417 427 mentisque
1440 353 1679 427 capacius
1703 354 1837 408 altae

458 448 462 452 ·
495 428 699 484 Deerat
724 427 927 492 adhuc,
965 426 1020 480 &
1045 424 1196 499 quod
1221 426 1484 483 dominari
1507 428 1563 480 in
1588 438 1765 480 cetera
1786 424 1970 497 poffet.

492 501 662 556 Natus
685 501 852 555 homo
878 499 967 555 est.
1006 497 1111 554 five
1133 498 1276 554 hunc
1303 499 1489 553 divino
1515 498 1714 552 semine
1737 498 1868 553 fecit

495 573 584 628 Ille
611 573 796 646 opifex
818 581 1027 635 rerum,
1065 571 1254 626 mundi
1280 571 1513 626 melioris
1539 570 1722 640 origo:

391 644 457 700 80
495 645 617 701 Sive
642 664 828 701 recens
856 646 1010 700 tellus
1026 685 1042 710 ‚
1080 643 1401 715 seductaque
1426 660 1596 714 nuper
1618 641 1682 696 ab
1704 644 1812 698 alto

495 718 767 786 Aethere,
801 719 1017 790 cognati
1041 716 1303 772 retinebat
1329 715 1526 770 semina
1551 716 1704 770 coeli.

491 791 672 863 Quam
698 791 833 845 satus
857 790 1073 860 Iapet0,
1109 788 1331 840 mixtam
1357 785 1654 843 fluvialibus
1686 788 1879 852 undiS,

494 863 674 917 Finxit
701 863 752 915 in
781 859 1023 931 effigiem
1048 857 1427 913 moderantum
1451 858 1639 913 cunfia
1662 859 1926 919 Deorum.

491 936 777 1006 Pronaque
804 949 929 986 cum
952 931 1186 1003 spectent
1215 932 1452 986 animalia
1478 944 1655 986 cetera
1679 945 1907 998 terram,

387 1010 449 1079 85
486 1008 562 1063 Os
587 1005 792 1060 homini
817 1004 1037 1059 sublime
1062 1004 1240 1059 dedit:
1280 1006 1601 1078 coelumque
1626 1003 1766 1059 tueri

486 1079 670 1154 jussit,
710 1077 765 1136 δεῖ
789 1076 994 1133 ετεξὶοε
1021 1077 1089 1133 ad
1112 1077 1280 1133 sidera
1303 1079 1492 1134 tollere
1518 1077 1710 1134 vultuS.

200 1310 284 1348 dera
305 1309 464 1348 vocavit.
493 1308 711 1347 Crormus.
738 1318 806 1357 pro
837 1306 927 1345 caelo
950 1333 960 1349 ,
986 1305 1118 1344 mundo
1147 1316 1241 1343 unus

197 1361 352 1449 xoreti.
389 1361 563 1410 clarescere
586 1388 596 1404 ,
647 1358 868 1409 splendeftere
910 1357 1023 1395 etiam
1064 1356 1125 1395 alii
1176 1368 1241 1395 co·

237 1423 305 1449 ces.

195 1458 198 1459 ⁷
249 1473 308 1512 73.
337 1460 445 1509 Astra
467 1471 584 1498 tenent
604 1460 734 1508 caeleste
746 1460 872 1509 filum.
886 1459 916 1510 ]
934 1459 991 1497 Sic
1012 1458 1129 1510 prope
1161 1470 1241 1497 non

192 1510 361 1561 ignobilis
381 1511 527 1561 quidam
552 1515 663 1560 poeta
682 1511 831 1549 ludens:

249 1563 357 1610 Astra
378 1573 467 1599 tenet
489 1562 619 1598 caelum
634 1589 642 1603 ,
670 1576 766 1599 mare
787 1560 897 1609 claffis
912 1589 920 1603 ‚
943 1574 1025 1599 area
1048 1561 1190 1610 meffem.

192 1612 296 1650 Citat
328 1613 597 1661 Quinffilianus
626 1611 686 1648 lib.
720 1623 772 1648 xx.
795 1622 872 1659 cap.
902 1622 955 1647 1v.
989 1613 1201 1648 exoremus.

246 1673 306 1709 73.
336 1669 542 1714 Formaeque
562 1668 727 1699 Deorum.
750 1666 757 1708 l
786 1661 862 1710 Ipsa
884 1661 972 1698 astra
985 1689 996 1706 ,
1021 1661 1082 1698 seu
1104 1673 1238 1710 Corpo-

192 1722 232 1750 ra
254 1713 439 1757 caelestia,
478 1724 574 1762 quae
603 1724 670 1760 pro
702 1712 783 1747 Diis
812 1711 933 1748 habita
954 1711 1051 1759 apud
1072 1711 1238 1749 Astrolo-

219 1774 260 1800 os
274 1771 370 1807 ,tam
385 1761 588 1799 (Lhaldaeos
601 1788 612 1805 ‚
623 1760 899 1808 Aegyptiosque
913 1789 923 1804 ‚
935 1772 1048 1810 quam
1062 1762 1236 1799 Graecos.

214 1812 300 1850 dem
324 1811 375 1849 de*
391 1811 626 1849 Phaenicibus
646 1810 793 1847 testatur
814 1810 997 1848 Eusebius.
1032 1811 1101 1849 hos
1134 1813 1236 1850 Deos

190 1862 240 1900 in·
260 1866 418 1906 Νοκτοῦς
440 1865 501 1898 καὶ
526 1862 731 1905 anaarath,
758 1861 832 1898 hoc
853 1860 902 1898 est
934 1861 970 1898 in
993 1860 1168 1908 vifibfles,
1197 1864 1236 1902 &

189 1912 384 1951 invifibiles
420 1912 641 1951 dividebant.
693 1911 864 1949 Deorum
896 1912 1052 1950 nomina
1094 1913 1233 1963 septem

190 1964 398 2002 etiamnum
429 1964 594 2013 planetae
615 1962 794 2000 obtinent.
822 1963 1031 2000 szmsxus.

245 2025 305 2061 74.
332 2014 508 2064 Cefferunt
537 2014 658 2051 nitidis
679 2012 893 2050 habitandae
907 2012 1053 2064 piscibus
1074 2014 1230 2065 undae.]

189 2060 251 2102 De
271 2065 345 2102 hoc
366 2065 471 2104 alibi:

239 2115 343 2152 silva
356 2117 454 2163 seras
475 2119 537 2152 a'e‘r
558 2114 712 2152 volucres
733 2115 856 2165 accepit
879 2114 1079 2158 habendas;

295 2173 337 2203 In
358 2166 492 2216 liquida
509 2166 609 2216 ptsces
632 2164 809 2213 delituistis
830 2179 935 2216 aqua.
1013 2168 1125 2204 (1012.

187 2217 298 2254 Forte
318 2216 517 2265 legendum
531 2216 649 2253 musis.
662 2223 702 2253 ut
723 2216 815 2253 infra
837 2216 936 2252 taciti
957 2229 1009 2254 ιν.
1025 2230 1082 2266 ςο.
1097 2219 1228 2256 Horat.

187 2277 240 2303 xv.
265 2266 340 2304 Od.
368 2279 399 2314 3.
421 2267 496 2304 vid.
519 2268 557 2304 ὃ(
584 2273 592 2299 ³1
615 2266 770 2304 laudian.
794 2278 839 2302 11.
862 2267 899 2303 in
922 2266 1045 2304 Rufin.
1070 2268 1153 2316 489.
1187 2270 1228 2307 δε

185 2315 340 2354 Hesiod.
363 2318 459 2355 Scut.
485 2319 594 2355 Herc.
618 2328 701 2354 2¹2.
721 2318 759 2353 &
783 2317 888 2353 Grot.
921 2317 967 2354 ad
997 2318 1132 2355 Aratea
1163 2319 1227 2356 Ci-

187 2368 330 2403 ceronis
363 2379 441 2415 pag.
487 2381 544 2411 7.·.
585 2367 672 2404 hinc
704 2366 940 2417 proverbium
969 2369 1054 2417 pisce
1083 2370 1228 2407 mutior.

185 2414 303 2464 posset
325 2417 460 2460 etiarn,
480 2417 601 2465 fimis,
630 2425 715 2461 aut,
742 2418 830 2454 udis.
862 2418 901 2455 in
932 2417 1224 2467 Berneggeriano

186 2465 282 2502 erasa
305 2474 379 2502 erat
400 2475 503 2503 vetus
523 2467 643 2504 lectio.
672 2468 881 2505 Harusius.
905 2468 1006 2505 Nihil
1029 2479 1146 2507 muto.
1170 2471 1226 2506 ni-

185 2515 255 2551 tidi
286 2515 395 2563 pisces
426 2525 573 2566 propter
602 2517 808 2567 squammas
839 2526 879 2556 ut
899 2518 959 2557 lib.
981 2531 1033 2556 1x.
1054 2520 1111 2563 ᾖε.
1141 2521 1226 2567 267.

186 2563 244 2601 de.
255 2564 439 2613 serpente:
458 2600 461 2602 .

236 2621 490 2665 squanimaque
509 2619 614 2653 nitere
634 2618 766 2654 recenti.

185 2663 244 2702 Sic
267 2671 468 2701 Pennarum
491 2667 581 2701 nitor
609 2679 723 2703 corvo
755 2667 922 2703 tribuitur
946 2667 1042 2714 apud
1076 2668 1225 2706 Phaedr.

188 2725 220 2752 1.
248 2726 303 2763 13·
340 2716 474 2751 timidis
496 2724 569 2752 crat
592 2716 629 2753 in
642 2716 804 2753 Palatino
821 2717 929 2759 ,teste
942 2717 1061 2753 Gebh.
1076 2719 1227 2767 1.C1·ep.

184 2765 219 2801 6.
252 2765 314 2814 qui
346 2766 472 2802 nitidos
503 2764 619 2803 dictos
641 2766 688 2803 ob
708 2766 948 2803 lubricitatem
977 2766 1225 2806 &levitatem

181 2815 243 2853 ait.
271 2815 534 2853 BuuMANNus.

233 2866 292 2911 76.
318 2867 477 2903 Sam‘lius
497 2866 552 2903 his
573 2866 739 2916 animal.]
769 2866 880 2915 Supra
902 2874 1027 2904 autem
1051 2866 1223 2913 diximus,

181 2914 372 2953 sententias
394 2915 563 2964 quasdam
590 2926 702 2954 certas
721 2915 880 2954 habuiffe
902 2925 1017 2966 patres
1032 2944 1042 2960 ,
1064 2917 1110 2954 de
1124 2928 1223 2954 crea-

181 2966 284 3004 tione
299 2966 383 3011 ,..t³.e
405 2967 527 3016 primo
547 2968 702 3005 homine
716 2968 776 3011 ,&
799 2975 867 3004 cet.
890 2978 987 3016 quas
1007 2978 1071 3015 per
1093 2978 1221 3005 manus

181 3023 365 3064 acceptas,
402 3018 532 3066 posteri
565 3018 628 3056 suo
662 3016 780 3055 modo
824 3017 962 3056 fabulis>
982 3017 1218 3055 involverint.

185 3062 356 3104 Ceterum
394 3068 496 3117 quod
537 3067 584 3106 ad
619 3068 778 3106 fabulam
819 3067 1031 3105 Promethei
1061 3068 1189 3105 attinet
1206 3097 1217 3111 ,

183 3111 252 3149 fini·
272 3113 328 3150 liic
341 3118 463 3167 Japeti
484 3118 575 3157 filius
598 3131 642 3156 ex
663 3118 752 3157 Afia
775 3118 952 3167 Nympha
967 3145 978 3161 ‚
1005 3117 1064 3154 vel
1084 3127 1124 3155 ut
1136 3119 1220 3155 He—,

184 3159 273 3215 fiod.
305 3168 405 3204 tradit
419 3197 429 3213 ,
457 3181 502 3206 ex
516 3170 700 3218 Clymene
722 3168 952 3207 Oceanitide.
981 3167 1107 3217 quod,
1130 3179 1216 3206 cum

183 3221 320 3261 PUfflUS
350 3213 547 3257 hominem.
575 3231 620 3258 ex
648 3221 729 3258 luto
751 3217 930 3264 finxiffet,
958 3218 1091 3256 deinde
1124 3230 1216 3256 con-

182 3259 435 3316 &casatam
448 3293 460 3310 ,
496 3272 606 3320 atque
635 3270 723 3312 inde
752 3270 839 3322 igne
871 3270 999 3324 furtim
1029 3269 1070 3309 in
1101 3269 1219 3325 serula

2223 1157 2351 1225 Sie',¹

1296 1303 1493 1355 deportato
1506 1335 1517 1351 ‚
1541 1306 1683 1356 Jupiter
1703 1305 1909 1355 indignatus
1929 1305 2158 1344 Mercurium
2182 1307 2221 1344 ὃς
2242 1307 2342 1346 Her-

1297 1357 1419 1395 culem
1453 1356 1573 1403 mifit,
1610 1359 1676 1407 qui
1704 1357 1871 1395 vinctum
1902 1357 2005 1395 illum
2029 1357 2192 1395 Caucaso
2215 1357 2339 1408 alliga..

1295 1415 1402 1453 rent,
1456 1407 1517 1445 ubi
1547 1408 1671 1457 postea
1701 1408 1882 1457 perpetuis
1912 1407 2101 1445 laniatibus
2132 1408 2251 1458 aquila
2272 1420 2338 1448 cor

1297 1458 1374 1507 ejus
1396 1458 1580 1496 exederet.
1631 1459 1839 1508 Deceperat
1861 1466 1986 1496 autem
2007 1457 2110 1496 idem
2141 1466 2246 1496 antea
2271 1459 2338 1507 Jo-

1293 1519 1383 1546 vem
1398 1510 1508 1547 etiam
1531 1510 1569 1548 in
1592 1510 1840 1549 distributione
1855 1509 2020 1546 carnium
2031 1508 2309 1547 immolatarum
2325 1523 2334 1548 :

1294 1558 1370 1597 offa
1400 1560 1623 1609 pinguedine
1653 1560 1750 1598 te&a
1770 1560 1820 1597 illi
1850 1559 2099 1608 apponendo,
2126 1558 2188 1596 fibi
2219 1559 2334 1606 vero,

1291 1622 1387 1659 quae
1409 1611 1561 1649 meliora
1583 1611 1697 1649 effent
1721 1639 1732 1655 ,
1767 1609 1995 1647 reservando.
2031 1621 2126 1659 quae
2157 1621 2211 1647 res
2241 1611 2338 1648 invia-

1292 1660 1392 1697 diam
1415 1668 1575 1698 auxerat.
1615 1661 1685 1698 Sed
1706 1660 1892 1708 postremo
1912 1668 1991 1697 tum
2017 1661 2067 1697 ob
2093 1660 2254 1698 vaticinii
2274 1661 2338 1699 be-

1291 1710 1466 1748 neficium
1488 1711 1533 1748 ab
1554 1711 1691 1749 eodem
1703 1710 1799 1757 Jove
1819 1710 1986 1748 liberatus
2007 1710 2099 1755 fuit,
2126 1709 2210 1747 etun
2232 1711 2335 1750 illum

1293 1760 1491 1799 monuisset
1523 1773 1570 1799 ne
1604 1773 1691 1799 cum
1714 1760 1878 1798 Thetide
1899 1760 2336 1800 consuetudinem-habe-

1291 1820 1357 1849 ret.
1384 1813 1484 1850 Nam
1506 1811 1622 1850 filium
1638 1841 1647 1856 ‚
1672 1823 1785 1862 quem
1807 1811 1866 1849 illa
1887 1812 2044 1860 paritura
2067 1809 2176 1856 esset,
2214 1812 2336 1860 majo-

1291 1873 1370 1900 rem
1392 1872 1493 1912 patre
1514 1863 1579 1901 suo
1601 1864 1778 1900 futurum.
1833 1862 1933 1899 l'lura
1964 1861 2029 1912 qui
2060 1862 2162 1899 volet
2184 1874 2228 1899 ex
2253 1863 2334 1900 He-

1290 1911 1394 1951 fiodo
1418 1915 1457 1952 &
1480 1914 1650 1952 Luciano
1676 1921 1787 1963 petat.
1839 1911 1969 1950 Dictus
2001 1919 2127 1950 autem
2159 1912 2209 1950 est
2246 1915 2334 1950 Pro.-

1290 1965 1458 2003 metheus
1479 1964 1498 2002 a
1525 1967 1589 2008 πρὸ
1611 1966 1650 2003 &
1672 1965 1808 2010 μήθειν,
1872 1962 1948 2001 uod
1979 1971 2162 2000 ante-rem
2186 1962 2334 2002 consilia

1289 2024 1456 2063 caperet:
1484 2023 1525 2053 ut
1548 2023 1679 2052 contra.
1706 2014 1856 2063 Epimet
1885 2025 1971 2058 eus,
2005 2013 2070 2063 qui
2091 2013 2169 2062 post
2190 2014 2330 2053 fafftum

1287 2064 1441 2103 demum
1464 2065 1687 2104 deliberaret.
1713 2066 1941 2102 Micrttus.
1981 2065 2092 2101 l-lunc
2120 2064 2248 2101 locum
2282 2065 2334 2102 ci-

1285 2122 1338 2153 tat
1350 2144 1370 2161 ‚>
1398 2118 1438 2154 ὃ(
1469 2116 1722 2166 interpretatur
1755 2115 1968 2152 Lactantius
1998 2114 2058 2151 lib.
2092 2127 2138 2151 11.
2172 2126 2250 2163 cap.
2274 2127 2330 2153 xx.

1285 2165 1381 2204 Item
1417 2167 1521 2205 illum
1569 2167 1731 2216 ejusdem
1779 2165 1910 2204 Ovidii·
1944 2164 2010 2202 inf.
2051 2178 2093 2211 ·4.
2141 2164 2224 2202 eod.
2269 2164 2330 2203 lib.

1285 2227 1325 2253 ca
1342 2247 1362 2254 ..
1387 2230 1420 2255 x.

1328 2229 1465 2317 {Qtippe
1485 2267 1544 2305 ubi
1564 2268 1757 2318 temperiem
1771 2266 1943 2316 sumpsere
1968 2263 2158 2316 humorque
2167 2282 2182 2310 ·‚
2218 2264 2331 2302 calor·

1410 2332 1471 2361 ue3
1811 2338 1816 2341 ,

1332 2332 1538 2417 Cchipiunt
1552 2398 1562 2412 ‚
1588 2380 1632 2407 δ’
1651 2368 1696 2405 ab
1717 2367 1771 2404 his
1793 2368 1955 2404 oriuntur
1976 2368 2101 2402 cunfr'a
2124 2365 2263 2404 duobus.

1331 2425 1488 2468 Cumque
1501 2417 1551 2469 fit
1570 2418 1657 2468 ignis
1687 2432 1799 2470 aquae
1824 2428 1992 2468 pugnax3
2022 2425 2130 2466 vapor
2161 2416 2327 2455 humidus

1383 2483 1498 2506 omne-V

1332 2525 1395 2556 Res
1415 2529 1531 2563 creat,
1558 2532 1604 2559 Θ·
1622 2519 1745 2569 discors
1768 2518 1944 2556 concordia
1956 2514 2107 2563 fhetibus
2127 2525 2210 2565 apta
2232 2516 2288 2564 est.

1283 2570 1588 2667 Οξέριἒῖζαεὶας
1607 2618 1731 2664 αἶψα]
1763 2619 1855 2652 Puto
1878 2615 2060 2653 Ovidium
2081 2615 2251 2665 scripsisse
2269 2618 2327 2655 al·

1282 2680 1381 2703 mae:
1411 2679 1498 2704 nam
1520 2668 1592 2701 alto
1615 2678 1706 2702 mox
1726 2664 1895 2714 sequitur.
1925 2666 2125 2704 Hzmsxus.

1335 2728 1393 2761 γ’.
1420 2716 1525 2764 Qaeod
1554 2715 1768 2765 dominari.]
1799 2718 1872 2764 {Qu
1905 2717 2055 2766 quidam
2088 2717 2233 2756 codices
2253 2718 2322 2757 Viss

1283 2766 1393 2803 viani.
1414 2765 1509 2816 poffit
1530 2767 1640 2803 etiam
1665 2771 1741 2803 duo
1765 2767 1922 2804 codices.

1335 2812 1553 2868 79¹..bMundt'
1573 2816 1719 2853 meliorjs
1740 2817 1866 2866 arbja]
1895 2817 2011 2855 Recte
2044 2818 2206 2867 quidem.
2231 2831 2319 2857 nam

1278 2867 1357 2916 quis
1378 2866 1515 2915 neget?
1552 2866 1738 2904 tamenin
1758 2867 1922 2905 ‘Palatino
1944 2869 2128 2917 legebatur
2151 2898 2162 2914 ‚
2187 2870 2323 2912 mundi

1278 2917 1424 2954 melioni's
1445 2918 1568 2965 imago.
1597 2926 1644 2954 ut,
1657 2917 1702 2954 ad
1723 2916 1819 2953 isaim
1842 2918 2001 2966 respiciat
2016 2947 2038 2962 ,,
2053 2931 2147 2968 quae
2168 2920 2206 2956 in
2218 2920 2319 2958 Deo.

1278 2967 1317 3004 δε
1351 2968 1396 3004 ad
1430 2979 1543 3016 quam
1579 2967 1737 3005 mundus
1768 2968 1827 3004 ille
1860 2969 2015 3006 melior.
2035 2970 2088 3006 &.
2117 2969 2325 3007 ordinatior

1276 3016 1471 3064 dispofitus.
1499 3018 1602 3054 DAN.
1630 3019 1841 3055 Harusws.
1867 3019 1941 3055 Alii
1960 3020 2086 3068 imago.
2119 3027 2319 3068 utrumque

1273 3078 1317 3104 ex
1340 3067 1515 3105 sententia
1538 3077 1705 3105 veterum
1729 3068 2049 3117 philosophorum..
2070 3069 2167 3116 apud
2187 3069 2320 3107 Maro-

1257 3129 1361 3155 =nem
1382 3118 1474 3156 libro
1496 3131 1566 3155 ΧΠ.

1325 3174 1413 3204 Tum
1430 3178 1531 3218 pater
1553 3173 1690 3205 Aeneas
1708 3175 1889 3206 >Romanae
1905 3169 2021 3219 stirpis
2041 3169 2143 3217 origo.

1272 3219 1474 3256 anmsxus.
1509 3219 1639 3256 eadem
1671 3218 1854 3257 diversitas
1883 3219 1944 3256 lib.
1976 3232 2003 3256 1.
2027 3219 2113 3256 Fast.
2136 3218 2195 3267 65.
2229 3220 2317 3259 vide

1271 3269 1391 3322 Gebh.
1413 3281 1442 3308 1.
1467 3269 1654 3321 Crepund.
1675 3270 1710 3309 6.
1721 3269 1843 3309 Barth.
1866 3281 1982 3309 LVJH.
2004 3269 2088 3321 adV.
2110 3281 2322 3358 capggo.w

2163 3360 2171 3369 t
2227 3347 2236 3366 'l
2308 3361 2321 3368 ..
2340 3344 2342 3346 '
