2483 3616
404 196 651 259 ΈΛῙΕΞἿΓ
687 193 844 251 Arra
880 193 1027 252 c>1t
1065 192 1108 249 P
1146 191 1302 250 }1‹3
1336 193 1372 249 S
1409 192 1643 252 E:()]u

743 341 888 388 ΕΑΒ.

1718 217 1840 255 Lm.
1916 201 1952 258 I.
2180 221 2244 274 59

954 340 1046 388 IX.
1113 341 1616 392 ARGUMENTUM.

810 446 1013 512 Daphne
1037 448 1179 495 Penei
1201 448 1296 496 filia
1315 450 1366 496 in
1388 448 1581 497 laurum.

183 573 367 637 Daphne
391 574 523 619 Penei
545 577 561 597 ⁸
569 570 767 631 fluminis
780 569 912 630 filiu,
949 584 1040 616 cuin
1065 570 1246 614 omnium
1269 572 1516 633 virginum,
1551 586 1655 632 quae
1676 571 1722 614 in
1747 566 1957 631 Theffuliu
1978 572 2126 631 ffnt,
2149 574 2245 634 spe-

121 647 177 692 cio
194 642 324 702 iffiniu
345 639 597 694 haberetur,
631 634 649 660 ‘³
672 635 772 680 udeo
797 636 987 696 quidem,
1023 643 1070 679 ut
1092 634 1210 681 Deos
1226 636 1542 694 pulchritudine
1557 635 1646 697 suu
1682 645 1844 694 cuperet
1859 657 1875 692 3
1924 644 1940 663 0
1973 639 2122 695 Apollo
2158 655 2249 685 cum

120 724 210 756 eum
232 703 516 767 conspexiſjet,
541 700 690 762 formu
713 700 799 759 ejus
823 701 1040 759 expalluit.
1073 714 1199 758 quum
1221 716 1314 745 cum
1337 717 1463 762 neque
1477 702 1708 760 pollicitis,
1754 716 1879 761 neque
1907 702 2097 762 precibus
2131 704 2249 749 adire

113 771 337 833 potuiffl²t3
374 764 392 792 ‘¹
415 770 506 813 vini
527 777 575 813 ut
598 764 774 826 afferret
794 765 991 825 instituit.
1057 769 1074 788 θ
1099 764 1163 809 Et
1187 767 1263 810 illu
1288 765 1408 827 cursu
1443 764 1692 826 conspeetuin
1727 765 1814 824 ejus
1846 765 2024 827 effugere
2060 768 2249 826 cupiens,

110 846 282 898 putrem
300 835 552 890 invocavit,
589 841 635 877 ut
658 831 905 892 virginitati
916 828 1024 890 suue
1048 861 1064 887 ,
1097 825 1112 853 f
1130 845 1256 890 quum
1266 831 1355 890 fibi
1366 829 1648 890 permiserat,
1659 831 1803 890 ferret
1835 833 2073 878 auxilium:
2108 831 2251 891 gcujus

119 1019 274 1070 Olymp.
295 1029 434 1057 xtvm.
455 1015 516 1054 sed
547 1016 651 1065 origo
682 1015 798 1063 prima
822 1041 833 1057 ‚
868 1023 945 1050 non
975 1010 1155 1068 intermis-

116 1070 233 1108 siones
266 1071 304 1107 &
334 1068 603 1107 instaurationes
633 1066 670 1103 in
706 1075 902 1102 numerum
933 1074 1059 1099 venire
1089 1062 1154 1099 de-

117 1121 214 1158 bent.
269 1121 373 1169 Quin
407 1119 445 1155 &
475 1116 675 1154 Herculem
696 1114 810 1162 ipsum
830 1114 867 1151 in
889 1113 1010 1162 primo
1033 1124 1151 1161 agone

115 1169 312 1221 pugnasse,
351 1171 389 1207 &
420 1168 607 1217 pancratio
628 1163 750 1203 vicisse
770 1172 902 1202 notant
935 1163 1088 1209 eruditi,
1114 1163 1152 1202 id

117 1222 221 1270 quod
261 1221 287 1258 fi
328 1220 465 1258 fastum
500 1218 569 1256 fuit
610 1224 694 1254 ante
730 1216 930 1254 institutum
967 1222 1152 1252 certamen

119 1272 363 1321 Olympicum
378 1297 388 1313 ‚
415 1268 540 1316 utique
562 1266 646 1304 inde
668 1266 880 1315 exemplum
903 1277 1063 1303 coronae
1075 1277 1153 1303 non

116 1323 237 1371 potuit
258 1320 406 1358 desumi.
458 1317 649 1367 Quidquid
671 1316 711 1354 fit
725 1347 735 1363 ,
761 1329 839 1355 non
859 1316 1011 1354 invenio
1034 1316 1153 1353 diver-

116 1373 191 1410 sam
215 1370 308 1419 apud
328 1370 498 1407 illustrem
513 1366 715 1406 *Heinfium
737 1368 938 1406 lechonem
953 1395 964 1411 ,
990 1366 1027 1404 id
1050 1366 1153 1416 quod

117 1430 213 1461 certe
234 1433 311 1458 non
333 1422 432 1458 favet
453 1419 539 1456 voci
561 1419 740 1456 Herculeae
754 1448 764 1464 ‚
801 1430 886 1456 cum
919 1418 957 1455 in
977 1416 1082 1466 ipfius
1115 1419 1154 1455 ὃς

115 1472 189 1510 aliis
212 1471 427 1509 editionibus
448 1469 616 1507 scribatur
636 1470 840 1507 constanter
860 1468 1016 1517 Esculeae
1029 1481 1037 1505 ι
1051 1467 1154 1505 dein-

116 1523 162 1561 de
185 1522 209 1559 fi
232 1533 318 1559 vera
350 1529 455 1559 notat
477 1522 622 1570 (neque
644 1521 743 1558 enim
764 1520 801 1557 in
823 1520 950 1558 locum
972 1519 1153 1568 inquirere

116 1572 277 1622 possum)
305 1571 485 1610 Meurfius
516 1570 606 1608 filius
621 1600 631 1616 ,
669 1571 804 1608 esculus
826 1571 864 1608 in
886 1569 986 1608 sacris
1007 1570 1154 1607 Hercu-

116 1625 157 1661 lis
171 1653 181 1668 ‚
219 1625 258 1661 &
279 1623 336 1661 illa
357 1635 378 1660 a
399 1622 582 1660 nonnullis
607 1622 694 1669 Jovi
715 1621 943 1664 adscribitur;
981 1619 1019 1658 id
1051 1620 1153 1669 quod

118 1674 289 1711 ultimum
320 1685 449 1711 verum
471 1671 541 1709 effe
563 1672 660 1709 reete
681 1671 852 1709 ex-Plinio
875 1678 980 1708 notat
1011 1669 1154 1720 elegans

118 1723 366 1762 dissertationis
394 1723 557 1761 Gallicae
588 1722 725 1760 austor.
780 1721 852 1758 Sed
883 1720 988 1770 siquis
1026 1727 1155 1759 Hercu-

114 1775 208 1820 leae,
234 1775 383 1824 sequens
404 1775 525 1811 virum
546 1772 729 1811 eruditum
743 1801 753 1817 ‚
780 1772 950 1820 amplecti
961 1771 1047 1809 velit
1060 1800 1071 1817 ‚
1084 1784 1154 1821 ego

113 1826 268 1875 quidem
298 1832 490 1874 propterea
519 1823 649 1861 serram
681 1824 906 1873 reciprocare
929 1822 1044 1860 nolim
1059 1851 1070 1867 ‚
1094 1823 1155 1861 sed

117 1884 243 1913 tamen
275 1875 396 1912 nescio
428 1887 474 1912 an
505 1874 670 1912 Herculea
694 1876 795 1921 frons
827 1874 925 1911 recte
957 1873 1156 1922 explicetur

119 1926 278 1963 l'Olivier
299 1933 466 1974 sauvage.
496 1925 578 1963 Scio
609 1924 755 1963 Pausan.
786 1925 845 1962 lib.
878 1938 905 1962 1.
938 1936 1080 1962 narrare
1112 1926 1154 1961 ab

119 1977 280 2015 Hercule
311 1977 473 2026 primum
505 1987 549 2012 ex
583 1976 832 2025 Hyperboreis
865 1975 1057 2013 oleastrum
1093 1975 1157 2012 de-

118 2035 305 2075 portatum
337 2026 384 2064 ad
414 2028 575 2064 Graecos
605 2025 731 2072 fuisse,
768 2027 805 2064 ὅ(
825 2038 871 2063 ex
900 2038 946 2063 eo
970 2024 1159 2063 coronasse

118 2078 257 2125 primos
278 2077 433 2115 vi&ores
459 2077 497 2114 in
517 2076 608 2114 ludis
635 2077 841 2126 Olympicis
855 2106 864 2122 ,
891 2076 950 2114 sed
969 2088 1160 2125 nunquam

121 2127 243 2165 audivi
253 2127 356 2165 inum
365 2126 518 2165 Herculi
539 2125 641 2164 fuiffe
662 2128 822 2165 dicatum
838 2156 848 2173 ,
868 2127 929 2166 sed
940 2127 1134 2164 Minervae
1146 2141 1157 2170 3

83 2219 89 2221 ‚
125 2177 163 2213 ὃς
184 2176 209 2214 fi
230 2177 425 2216 debellator
446 2177 694 2214 monstrorum
715 2178 764 2214 ibi
783 2178 910 2214 locum
931 2177 1064 2214 habere
1097 2177 1161 2213 de-

125 2225 208 2270 bet,
230 2239 300 2277 ego
323 2229 509 2266 crederem
526 2227 701 2277 populeum
724 2241 882 2265 coronam
903 2226 1159 2265 advocandam

128 2274 220 2320 effe3
250 2278 342 2315 nosti
360 2279 446 2316 illud
466 2277 628 2316 Phaedri.
651 2290 715 2315 111.
744 2290 801 2326 19.

695 2330 848 2376 Qercus
867 2328 960 2373 Jovi

179 2382 210 2412 F
213 2387 228 2412 r
249 2386 383 2426 myrtus
404 2378 519 2413 veneri
533 2378 664 2426 placuit
678 2407 688 2422 ,
701 2378 829 2415 Phoebo
850 2379 983 2424 laurea,

183 2429 290 2464 Pinus
311 2426 451 2475 Cybele,
471 2427 610 2475 populus
629 2428 713 2476 celsa
733 2429 882 2466 Herculi.

130 2477 243 2515 Unde
265 2479 302 2515 ὃς
322 2476 449 2525 Virgil.
472 2488 561 2513 vm.
583 2477 679 2514 Aen.
697 2477 753 2521 ybs.
776 2479 859 2515 226.
895 2479 940 2516 de
955 2480 1073 2530 populo
1103 2480 1159 2518 lo-

127 2540 241 2577 quens
275 2527 475 2564 Herculeam
507 2526 670 2564 umbram
700 2527 749 2564 illi
777 2529 899 2565 tribuit
922 2557 932 2573 ‚
980 2531 1079 2578 cujus
1110 2531 1161 2567 rei

131 2576 285 2615 caussam
299 2577 457 2614 recenset
467 2577 516 2613 ibi
528 2577 683 2621 Servius,
695 2577 881 2614 non‘secus
893 2589 935 2614 ac
958 2578 1002 2614 ad
1015 2590 1050 2615 v.
1063 2580 1159 2615 Aen.

131 2640 211 2675 134.
264 2628 408 2665 Auctor
430 2627 555 2674 Etym.
579 2627 636 2663 M.
656 2627 694 2664 in
727 2639 764 2664 v.
787 2623 1018 2673 Ἀχερέις,ὅε
1041 2628 1161 2665 Schol.

129 2678 277 2716 Theoc.
309 2678 355 2715 ad
386 2676 504 2725 Eidyl.
536 2689 571 2714 2.
602 2676 658 2725 fis.
695 2689 774 2714 121.
801 2678 840 2714 ὃς
871 2676 1003 2715 Plinius
1038 2690 1093 2715 η.
1131 2690 1162 2716 1.

129 2729 220 2766 Hist.
243 2729 328 2765 Nat.
348 2728 397 2765 ita
420 2727 605 2776 loquitur,
651 2727 830 2765 Arborum
858 2741 980 2776 genera
1007 2728 1163 2765 numini·

132 2777 191 2815 bus
204 2779 277 2826 suis
296 2778 412 2814 dicata
428 2787 581 2827 perpetuo
595 2776 812 2826 servantur,
838 2790 878 2814 ut
899 2778 991 2824 Jovi
1012 2778 1138 2827 esculus
1151 2807 1162 2824 ,

134 2828 287 2877 Apollini
318 2828 459 2872 laurus,
498 2828 682 2864 Adinervae
712 2827 780 2865 olea
806 2857 816 2873 ,
856 2829 972 2865 Veneri
1002 2839 1160 2877 myrtus,

133 2878 270 2914 Herculi
285 2878 433 2927 populus.
460 2877 521 2914 Ad
532 2889 626 2926 quae
645 2877 836 2927 respondi,
850 2890 910 2915 me
923 2891 1072 2928 quoque
1084 2891 1162 2917 non

133 2926 232 2973 poffe
261 2928 385 2965 induci
408 2956 417 2972 ,
465 2935 504 2963 ut
533 2928 700 2964 Herculea
730 2930 830 2966 frons
862 2929 1000 2966 dicatur
1031 2941 1051 2966 a
1072 2929 1163 2967 ludis

137 2975 179 3012 ab
199 2978 357 3014 Hercule
378 2977 540 3014 institutis
554 3005 565 3022 ,
587 2977 647 3015 sed
667 2990 761 3027 quae
782 2979 934 3016 Herculi
953 2979 1048 3016 sacra
1068 2980 1162 3026 fuit,

138 3032 176 3061 ut
198 3026 356 3064 Palladia
377 3027 470 3063 oliva
484 3055 494 3071 ,
530 3027 682 3065 Phaebea
703 3028 821 3065 laurus
843 3030 916 3066 &c.
953 3041 1073 3078 neque
1103 3031 1160 3067 lo-

138 3083 222 3128 cum
251 3077 453 3122 Plutarchi,
487 3089 599 3126 quem
630 3077 776 3115 adducit
807 3079 1056 3117 eruditiffimus
1082 3081 1160 3125 vir,

139 3123 270 3171 aliquid
287 3127 417 3164 habere
439 3139 524 3164 cum
548 3127 688 3165 Ovidio
721 3140 948 3174 commune,
985 3142 1070 3167 cum
1103 3130 1162 3168 illa

138 3173 267 3228 verba,
305 3178 453 3214 nondum
485 3177 603 3214 laurus
633 3188 730 3223 erat,
764 3191 845 3217 non
874 3188 1031 3226 notent,
1065 3193 1162 3218 non-

138 3222 227 3259 dum
249 3235 287 3260 m
307 3225 367 3261 usu
394 3234 490 3271 erat,
525 3227 585 3265 sed
616 3228 784 3265 nondum
816 3230 854 3267 in
885 3242 1007 3267 rerum
1035 3240 1163 3269 natura

137 3281 236 3318 erat3
267 3274 304 3310 ὃ(
323 3274 398 3312 hoc
418 3286 438 3312 a
458 3277 567 3314 Poeta
589 3277 871 3327 ingenioiiffimo
904 3279 1086 3328 interseri,
1123 3289 1164 3320 ut

2182 898 2252 942 ille

1211 1009 1275 1048 fibi
1305 1017 1429 1059 aptam
1462 1010 1508 1049 ad
1539 1011 1714 1050 Fabulam
1745 1014 1921 1063 Daphnes
1942 1014 2042 1051 viam
2066 1013 2105 1051 &
2125 1012 2251 1051 tranfi-

1209 1069 1290 1099 tum
1324 1063 1472 1100 faceret.
1503 1074 1614 1111 quare
1647 1075 1732 1101 cum
1764 1074 1871 1102 antea
1902 1064 2041 1113 Apollo
2075 1075 2118 1101 ex
2142 1064 2252 1101 obvia

1209 1124 1444 1163 quacumque
1474 1114 1602 1150 arbore
1633 1114 1793 1163 cingeret
1824 1127 1951 1152 comas
1974 1144 1984 1160 ‚
2020 1122 2105 1152 ante
2127 1122 2252 1152 natam

1207 1163 1349 1201 laurum
1365 1193 1376 1209 ‚
1402 1164 1453 1201 ita
1473 1163 1681 1202 verosimile
1705 1164 1775 1202 effe
1790 1194 1799 1209 ,
1827 1164 1961 1202 dedisse
1985 1165 2163 1202 esculeam
2187 1176 2252 1202 co-

1208 1226 1340 1251 ronam
1364 1215 1401 1252 in
1424 1215 1756 1264 certamine,quae
1779 1216 1873 1252 inter
1894 1215 2107 1263 glandiferas
2128 1215 2252 1263 primis

1210 1265 1422 1303 mortalibus
1444 1273 1520 1302 erat
1541 1266 1579 1302 in
1600 1265 1748 1303 summo
1770 1266 1926 1303 honore.
1953 1265 2085 1302 Bunm.

1260 1329 1344 1365 450.
1373 1316 1540 1353 Nondum
1558 1316 1678 1353 laurus
1699 1316 1814 1365 erat.]
1844 1316 1985 1353 Laurus
2006 1315 2158 1354 Phoebo
2169 1320 2253 1365 gra-5

1207 1374 1269 1409 ta,
1297 1367 1400 1416 quod
1431 1366 1641 1415 Daphnen,
1677 1376 1718 1404 ut
1746 1367 1825 1404 vult
1858 1367 2066 1404 Parthenius
2088 1367 2125 1404 in
2147 1367 2254 1404 volu—

1210 1417 1337 1463 mine,
1357 1417 1461 1466 quod
1493 1417 1539 1455 de
1568 1418 1789 1455 Amantibus
1818 1417 2047 1465 composuit,
2085 1417 2254 1466 Amydei

1209 1467 1322 1505 filiam
1345 1468 1470 1506 dilexit
1484 1497 1493 1513 ‚
1522 1480 1634 1518 quam
1656 1481 1703 1505 ne
1724 1480 1789 1518 per
1810 1468 1886 1505 vim
1909 1467 2079 1516 stupraret
2093 1496 2103 1512 ,
2130 1468 2256 1516 Juppi-

1209 1526 1264 1557 ter
1287 1520 1325 1557 in
1352 1520 1520 1557 arborem
1546 1520 1711 1557 Laurum
1735 1519 1940 1557 convertit:
1969 1518 2108 1566 Apollo
2132 1518 2169 1555 in
2181 1526 2254 1555 ter-

1209 1581 1247 1607 ra
1280 1570 1366 1614 Sol,
1403 1570 1478 1608 fine
1508 1582 1584 1619 quo
1615 1571 1736 1619 fruges
1769 1581 1891 1618 neque
1915 1568 2104 1613 oriuntur,
2133 1580 2255 1618 neque

1208 1620 1466 1658 maturescunt.
1520 1621 1655 1659 Probus
1689 1620 1756 1658 ecl.
1789 1632 1854 1656 111.
1889 1621 2107 1656 CrorANus.
2155 1619 2257 1669 atqui

1211 1671 1384 1708 Aelianus
1405 1672 1465 1709 lib.
1489 1684 1553 1708 111.
1568 1672 1657 1708 Var.
1672 1683 1750 1719 cap.
1774 1683 1802 1707 1.
1828 1670 1915 1707 dicit
1946 1670 2161 1718 Apollinem
2192 1681 2257 1707 oc-

1211 1721 1282 1758 ciso
1305 1722 1474 1769 Pythone
1497 1720 1653 1758 sumfiffe
1674 1721 1835 1757 lauream
1859 1731 2050 1757 coronam.
2078 1719 2138 1756 sed
2170 1720 2257 1757 vide

1210 1772 1258 1809 ibi
1280 1773 1346 1809 viri
1368 1772 1562 1809 dofflffimi
1583 1771 1765 1821 Perizonii
1786 1778 1905 1813 notaS,
1935 1770 1999 1818 qui
2030 1770 2140 1807 docet
2161 1769 2255 1807 inter

1212 1822 1363 1860 caedem
1388 1822 1566 1871 Pythonis
1595 1822 1632 1859 ὃς
1655 1821 1905 1858 lustrationem
1939 1820 2145 1868 Apollinis,
2183 1831 2256 1869 qua

1209 1873 1351 1910 laurum
1373 1872 1495 1910 sumsit
1509 1902 1518 1918 ‚
1545 1870 1774 1909 intercessisse
1797 1883 1939 1909 novem
1962 1883 2077 1907 annos
2093 1899 2102 1915 ,
2132 1882 2254 1919 eoque

1211 1924 1402 1961 intervallo
1422 1921 1555 1961 amass'e
1577 1923 1763 1972 Daphnen
1793 1951 1803 1968 ‚
1842 1923 1880 1960 ὃς
1901 1920 2078 1959 inveniffe
2098 1922 2254 1959 laurum.

1213 1974 1473 2013 BuRMANNus.

1268 2034 1283 2052 ³
1311 2026 1481 2063 Fluminis
1494 2024 1614 2074 filia.]
1646 2024 1689 2062 In
1712 2025 1754 2061 C'.
1784 2023 1831 2060 est
1864 2023 2021 2060 omnium
2052 2022 2260 2071 virginum}

1217 2089 1303 2126 quae
1324 2077 1361 2114 in
1384 2075 1549 2126 Thessalia
1560 2075 1649 2125 sunt
1663 2104 1672 2120 ‚
1697 2072 1918 2124 speciofiffma
1942 2073 2134 2109 habebatur
2149 2073 2253 2118 ‚adeo

1214 2140 1343 2178 queque
1357 2138 1419 2173 ,ut
1439 2133 1532 2164 Deus
1547 2126 1807 2176 pulchritudine
1829 2127 1898 2175 ejus
1919 2133 2101 2174 caperetur.
2131 2123 2256 2173 Apollo

1214 2180 1306 2215 enim
1328 2192 1404 2215 cum
1425 2192 1501 2214 eam
1524 2190 1593 2217 (γε.
1622 2178 1801 2214 GisELIN.

1266 2228 1284 2255 b
1311 2229 1408 2265 Adeo
1431 2227 1610 2279 quidem.]
1642 2229 1740 2264 Adeo
1762 2227 1853 2277 quod
1875 2238 1918 2266 ω’
1940 2226 2025 2262 deos.
2066 2224 2204 2262 Colon.

1267 2287 1284 2305 c
1312 2279 1433 2329 Apollo
1456 2292 1532 2315 cum
1553 2278 1670 2328 eam.]
1701 2278 1756 2315 Ita
1778 2276 1871 2315 Edd.
1895 2287 2036 2314 omnes.
2066 2274 2134 2311 Sed
2146 2274 2255 2313 MSS.

1213 2342 1248 2366 2.
1287 2329 1409 2379 Apollo
1440 2329 1530 2366 enim
1563 2343 1641 2366 cum
1675 2328 1786 2366 illam.
1825 2329 1957 2370 Forte,
1995 2325 2117 2375 Apollo
2148 2325 2256 2362 etium

1213 2393 1292 2416 cum
1339 2381 1410 2418 &Q
1460 2380 1655 2417 MUNKER.
1702 2378 1824 2428 Apollo
1866 2390 1945 2413 cum
1987 2390 2064 2412 eam
2109 2374 2258 2424 vidtffi’t.

1215 2430 1352 2468 Colon.

1264 2479 1282 2507 d
1311 2482 1388 2518 Vim
1409 2491 1451 2518 ut
1475 2479 1649 2529 afferren]
1680 2479 1736 2516 Sic
1756 2478 1886 2527 legitur
1910 2476 1948 2514 in
1968 2475 2075 2513 MSS.
2104 2489 2137 2513 2.
2160 2476 2258 2513 Vin-‘

1216 2531 1416 2568 dicavimus
1440 2531 1597 2568 eandem
1617 2530 1848 2568 locutionem
1871 2527 1956 2564 huic
1966 2527 2131 2575 scriptori
2142 2526 2255 2563 etiam

1214 2579 1274 2615 lib.
1299 2580 1394 2615 11.8.
1417 2592 1469 2616 xx.
1495 2592 1551 2617 10.
1574 2593 1607 2616 x.
1636 2591 1669 2628 3.
1703 2579 1841 2626 Hygin.
1864 2577 2010 2615 Astron.
2037 2589 2162 2615 11.20.
2182 2577 2259 2614 Vim

1208 2627 1276 2677 fibi
1299 2638 1382 2677 pene
1411 2629 1574 2666 allatam.
1613 2632 1702 2677 Cap.
1738 2629 1792 2666 18.
1823 2633 1914 2664 Eum
1947 2630 2025 2664 vim
2049 2626 2116 2676 fibi
2138 2626 2257 2675 afferre

1217 2678 1365 2728 voluiffit.
1392 2679 1520 2728 Nepos
1540 2679 1655 2716 Dion.
1682 2691 1762 2727 cap.
1781 2691 1835 2717 10.
1863 2678 1972 2714 Dioni
1994 2678 2071 2714 vim
2093 2677 2259 2715 allatam.

1217 2728 1451 2767 MuNxffius.
1483 2730 1560 2766 vim
1591 2740 1631 2766 ut
1663 2730 1804 2776 inferret
1835 2730 1954 2766 Parm.
1983 2727 2259 2778 Lungicyl.

1218 2780 1372 2817 Raener.
1401 2779 1462 2818 sed
1492 2779 1627 2829 afferret
1662 2779 1803 2817 rectum
1835 2779 1894 2816 est.
1933 2779 2017 2816 vide
2058 2779 2103 2816 ad
2141 2778 2254 2816 Ovid.

1218 2829 1326 2878 Epist.
1359 2843 1456 2868 xvxi.
1480 2844 1537 2869 21.
1570 2831 1647 2868 Vim
1669 2831 1793 2878 inferre
1814 2829 1969 2878 instituit
1983 2859 1993 2874 ‚
2015 2840 2055 2866 at
2077 2829 2138 2866 illa
2163 2829 2259 2876 cursio

1216 2894 1257 2916 ex
1279 2883 1348 2930 ejus
1370 2881 1538 2930 conspecft'u
1551 2883 1681 2931 fugere.
1711 2880 1846 2918 Colon.
1879 2886 1933 2917 De
1955 2883 2123 2930 conspeetu
2142 2881 2258 2929 sugere

1213 2930 1395 2969 Phaedrus
1416 2931 1506 2970 dixit
1526 2932 1585 2969 lib.
1605 2944 1632 2969 1.
1653 2931 1737 2968 Fab.
1769 2931 1825 2969 16.
1852 2931 1982 2969 BuizM.

1214 2989 1281 3069 Me
1307 2987 1356 3018 Et
1386 2983 1487 3033 illa.]
1528 2987 1585 3019 At
1614 2982 1677 3019 illa
1719 2982 1861 3032 Micyll.
1921 2980 2040 3030 Quod
2079 2978 2257 3027 praefero.

1263 3044 1407 3069 uuum.

1223 3127 1226 3129 Α
1268 3081 1284 3109 f
1307 3085 1427 3131 Qum
1452 3081 1521 3132 fibi
1542 3082 1783 3133 permiseram]
1826 3083 1884 3121 Sic
1914 3081 2011 3120 rec‘te
2032 3088 2128 3133 ⁴cum
2161 3077 2206 3113 M
2220 3075 2255 3114 S.

1216 3131 1351 3170 Vener.
1374 3134 1411 3170 &
1443 3134 1671 3183 Micylliano.
1710 3146 1900 3184 perperam
1924 3128 2128 3180 promiserat
2159 3127 2256 3164 Rae-

1217 3184 1336 3221 nerius
1358 3185 1395 3221 &
1409 3184 1595 3222 Giselinus.
1610 3186 1808 3235 permittere
1830 3183 1877 3219 est
1899 3178 2126 3222 concedere,
2152 3189 2259 3214 com-

1217 3234 1363 3271 mittere
1385 3235 1455 3271 ἃς.
1483 3235 1614 3272 Horat.
1641 3236 1701 3272 lib.
1724 3246 1777 3272 iv.
1801 3231 1875 3268 Od.
1912 3243 1948 3278 4.
1980 3229 2050 3266 Cui
2078 3234 2150 3265 Rex
2183 3228 2258 3264 deo-

1218 3297 1299 3324 rnm
1319 3298 1461 3334 regnum
1481 3285 1520 3323 in
1548 3300 1630 3323 aves
1643 3296 1750 3370 vegas
1767 3278 1930 3331 permisit.
1959 3278 2197 3319 &lib.1.Sat,
2220 3289 2261 3366 {3

1742 3344 1761 3370 2
2247 3340 2262 3364 a
