2483 3616
366 107 1610 173 METAMORPHO‘SEON
1683 110 1969 175 LmsXL

2116 134 2209 189 „793

356 230 528 285 Tecta
553 227 689 300 petit
711 223 830 296 juffi
856 226 948 281 sub
978 243 1110 298 rupe
1136 226 1351 283 latentia
1374 229 1528 301 regis

355 302 448 357 Est
471 317 640 372 prope
665 299 988 354 Cimmerios
1016 301 1181 372 longo
1203 301 1447 374 spelunca
1472 301 1703 365 receffu‚

351 373 519 428 Mons
544 389 730 435 cavum,
768 371 946 444 ignavi
969 373 1161 428 domus
1189 373 1246 427 &
1272 376 1559 445 penetralia
1584 374 1799 429 Somni:

352 446 484 516 Quo
510 462 802 519 numquam
829 446 987 501 radiis
1014 447 1221 509 orienS,
1259 445 1563 509 mediusve,
1599 447 1859 505 cadensve

209 537 307 589 595
346 517 594 573 Phoebus
621 520 767 573 adire
790 519 978 591 potest,
1017 519 1240 574 nebulae
1272 519 1494 590 caligine
1521 521 1720 574 mixtae

351 589 678 647 Exhalantur
708 593 906 656 hum0‚
943 592 1244 665 dubiaeque
1275 591 1580 664 crepuscula
1601 592 1751 648 lucis,

351 664 479 718 Non
507 665 633 736 vigil
659 666 760 720 ales
783 665 857 719 ibi
883 665 1078 720 cristati
1109 666 1347 720 cantibus
1373 664 1479 719 oris

354 736 562 791 Evocat
589 739 888 792 Auroram:
926 756 1027 793 nec
1052 755 1189 792 voce
1213 738 1410 792 filentia
1433 749 1690 809 rumpunt

354 809 646 865 Sollicitive
676 828 860 874 caneS,
898 810 1188 865 canibusve
1221 811 1456 882 sagacior
1482 812 1644 864 anser.

212 885 315 935 600
349 882 477 936 Non
506 882 644 947 fera,
683 901 793 938 non
815 883 1077 954 pecude8‚
1121 899 1231 936 non
1256 884 1390 937 moti
1417 883 1631 937 flamine
1657 883 1825 947 rami,

353 954 708 1011 Humanaeve
730 956 920 1010 sonum
944 954 1181 1010 reddunt
1210 956 1453 1010 convicia
1476 957 1699 1027 linguae.

356 1027 518 1082 Muta
544 1029 694 1101 quies
716 1027 932 1082 habitat.
974 1028 1098 1081 saxo
1123 1040 1301 1082 tamen
1329 1029 1439 1083 exit
1463 1029 1526 1083 ab
1551 1030 1664 1083 imo

348 1100 528 1154 *Rivus
553 1118 718 1172 aquae
746 1100 976 1155 Lethes:
1017 1117 1113 1171 per
1143 1117 1306 1172 quern
1332 1119 1456 1156 cum
1482 1119 1755 1157 murmure
1780 1103 1956 1158 labens

352 1172 546 1226 Invitat
571 1174 783 1227 somnos
809 1173 1192 1245 crepitantibus
1218 1173 1360 1226 unda
1386 1174 1582 1244 lapillis

214 1251 314 1315 605
354 1246 503 1298 Ante
531 1245 670 1299 fores
696 1245 833 1299 antri
858 1245 1089 1300 fecunda
1111 1262 1368 1318 papavera
1393 1245 1621 1310 florent,

347 1317 769 1392 Innumeraeque
793 1318 1017 1374 herbae:
1058 1335 1285 1393 quarum
1312 1318 1382 1373 de
1406 1318 1538 1374 lacte
1562 1319 1810 1392 soporem

115 1520 172 1569 Est
189 1521 304 1571 procul
323 1521 370 1558 ad
393 1519 527 1570 Stygiae
543 1520 678 1557 devexa
689 1519 833 1567 filentia
852 1521 959 1558 noetis

112 1571 348 1610 cimmeriam
371 1572 492 1609 domus
506 1600 516 1616 ,
544 1582 588 1611 φ’
610 1572 739 1621 superis
756 1571 937 1620 incognita
959 1570 1085 1617 tellus‚'

115 1623 279 1660 Caeruleo
297 1622 469 1672 tenebrosa
484 1622 555 1668 fitu
567 1637 577 1665 ;
607 1636 673 1672 quo
687 1621 855 1671 flammea
875 1635 1059 1672 nunquam

116 1673 172 1710 Sol
182 1674 269 1722 juga
283 1702 292 1717 ‚
312 1672 456 1723 sidereos
475 1686 533 1709 nec
551 1673 666 1709 mittit
687 1673 850 1722 Juppt'ter
867 1686 987 1709 annos.

100 1730 206 1762 *Sunt
222 1725 350 1761 tacitae
365 1724 510 1770 frondes
524 1752 534 1769 ,
558 1724 771 1773 immotaque
778 1723 877 1772 silva
899 1723 1051 1760 comanti

117 1781 242 1812 Horret
270 1789 381 1812 verna
392 1776 474 1824 jugo
490 1791 499 1810 :
513 1776 628 1824 specus
655 1774 929 1824 umbrarumque
950 1785 1084 1812 meatus

115 1825 238 1873 Subter
257 1854 267 1870 ‚
295 1837 370 1865 σε.
426 1828 594 1863 CroFAN.

116 1877 201 1926 596.
231 1875 505 1925 Exhalantur.]
536 1876 740 1913 Elaxantur
763 1875 948 1914 Strozzae.

118 1928 202 1974 596.
229 1927 431 1976 Dubiaeque
462 1927 652 1976 crepuscula
674 1927 770 1964 lucis.
790 1925 806 1975 ]
830 1926 873 1963 In
903 1938 981 1964 uno
1002 1938 1106 1972 meo,

69 1976 272 2025 Crepuscula
295 1979 411 2014 noetis.
439 1978 566 2027 Atque
597 1979 646 2016 ita
676 1977 763 2027 legit
782 1978 836 2014 vir
859 1977 1084 2025 pereruditus
1099 2007 1109 2023 ,

69 2027 270 2075 Stephanus
290 2026 448 2075 Pighius.
484 2029 597 2066 Cios,
650 2028 704 2066 Ita
734 2028 845 2066 etiam
877 2029 1051 2069 Gronov.
1072 2030 1111 2067 &

67 2077 126 2115 sex
149 2077 228 2114 alii:
258 2077 344 2114 vide
365 2077 409 2114 ad
431 2078 536 2125 Epist.
558 2091 636 2117 ΧΠ.
658 2092 717 2117 22.

120 2139 205 2176 597.
233 2133 312 2164 Non
332 2126 420 2176 vigil
451 2127 520 2164 ales
538 2128 585 2165 ibi
604 2130 733 2176 cristati
750 2130 909 2167 cantibus
930 2131 997 2167 oris
1020 2135 1113 2167 Evo-

72 2188 129 2214 cat
147 2178 365 2228 Auroram]
397 2178 546 2216 Gallum
565 2180 744 2230 intelligit.
797 2181 855 2219 Sic
876 2181 1054 2220 Martialis
1074 2183 1112 2219 in

74 2228 243 2267 Distichis
265 2241 343 2266 xiv.
369 2240 454 2278 223.

119 2280 251 2329 surgite
264 2280 344 2328 jam
357 2307 366 2323 ‚
393 2279 519 2316 vendit
533 2280 645 2329 pueris
656 2282 838 2330 jentacula
855 2283 959 2332 pistor
973 2312 984 2329 ,

171 2330 407 2381 Cristataeque
417 2330 548 2378 fimant
568 2332 722 2380 undique
740 2331 825 2369 lucis
843 2346 940 2371 aves.

73 2381 195 2419 Gallus
215 2389 339 2419 autem
376 2381 488 2419 noete
509 2381 638 2419 Noeris
666 2383 770 2419 Deae
791 2383 1028 2421 mactabatur.
1058 2386 1116 2422 O·

71 2431 144 2469 vid.
164 2432 222 2469 lib.
247 2444 278 2469 1.
302 2431 390 2469 Fast.
412 2444 495 2481 455.
524 2434 629 2468 Nocte
639 2437 732 2468 Deae
743 2432 848 2468 noctis
869 2433 1026 2479 cristatus
1039 2447 1112 2470 cae-

70 2482 167 2519 ditur
192 2482 271 2519 ales.
299 2483 338 2519 &
362 2482 461 2520 addit
490 2482 629 2520 causam
657 2511 668 2528 ‚
708 2483 813 2530 Qod
834 2483 989 2532 tepidum
1011 2483 1114 2532 vigili

65 2542 231 2583 provocat
250 2547 303 2569 ore
322 2533 424 2571 diem.
454 2533 565 2570 ClOF.

122 2596 204 2632 599.
225 2583 413 2620 Sollicitive
430 2584 557 2633 canes]
572 2582 788 2620 Sollicitaeve
806 2583 881 2621 duo
894 2584 1112 2622 Bononien-

73 2633 123 2671 ses
145 2635 184 2671 &
201 2635 307 2682 prim.
330 2633 627 2683 Hainburgenfis.
659 2634 703 2670 de
726 2646 802 2682 quo
823 2634 916 2672 libro
939 2647 1003 2672 111.
1032 2648 1112 2681 140.

73 2684 281 2722 HEINsms.
310 2684 440 2722 Livius
471 2697 505 2721 v.
527 2697 584 2732 47.
614 2690 728 2722 Canes
743 2713 753 2729 ,
768 2684 963 2733 fhllicitum
982 2685 1032 2722 dd
1052 2700 1113 2722 no-

74 2736 209 2772 Hurnos
221 2735 381 2784 strepitus
401 2734 550 2772 animal.

127 2797 206 2833 599.
235 2785 434 2822 Canibusve
451 2785 606 2834 sagacior
625 2785 780 2836 Anser]
818 2787 906 2824 Huc
934 2787 1113 2835 pertinet,

75 2836 177 2884 quod
195 2835 312 2873 scribit
340 2837 546 2874 Columella
577 2836 637 2873 lib.
663 2848 754 2873 vin.
787 2849 862 2886 cap.
888 2849 944 2886 13.
970 2838 1087 2884 Anser
1104 2866 1114 2882 ‚

76 2886 213 2936 inquit,
234 2885 459 2933 sollertiorem
480 2886 665 2931 custodiam
697 2887 838 2936 praebet
864 2901 972 2938 quam
994 2889 1112 2925 canis:

78 2949 160 2973 nam
178 2937 331 2984 clangore
347 2936 460 2984 prodit
481 2936 701 2985 insidiantem
716 2966 725 2980 ‚
747 2936 837 2987 ficut
854 2939 962 2976 etiam
988 2952 1116 2976 memo—

81 2987 133 3023 ria
152 2987 302 3024 tradidit
322 2987 358 3023 in
379 2985 542 3035 obsidione
564 2988 750 3036 Capitolii,
763 3003 841 3026 cum
861 2990 1020 3026 adventu
1030 2989 1116 3026 Gal-

78 3035 186 3075 lorum
208 3038 416 3084 vociferatus
436 3037 492 3086 est,
506 3037 646 3074 canibus
656 3036 849 3085 filemibus.
878 3040 977 3078 Vide
989 3040 1117 3086 etiam,

79 3086 107 3124 fi
126 3088 241 3136 placet
255 3117 264 3133 ‚
293 3089 444 3139 Livium
466 3097 632 3125 extremo
653 3088 712 3125 lib.
735 3100 769 3124 v.
799 3091 836 3127 &
857 3103 951 3140 quae
973 3103 1040 3129 nos
1060 3091 1118 3129 su-

79 3139 198 3186 perius
219 3140 488 3177 annotavimus.
515 3138 575 3176 lib.
594 3138 738 3186 11.538.
767 3137 984 3179 CIOFANUS.

130 3189 218 3226 600.
246 3195 323 3225 Non
346 3192 428 3237 fera
447 3218 456 3232 ‚
493 3202 559 3224 non
585 3188 747 3237 pecudes,
776 3201 845 3224 non
874 3190 1120 3239 motiflamine

81 3238 215 3289 gama]
242 3239 322 3278 Post
338 3241 437 3280 hunc
456 3239 601 3280 versum
632 3239 672 3278 in
702 3249 778 3278 uno
809 3250 921 3285 meo,
947 3251 1025 3280 uno
1044 3242 1125 3291 Va:

2082 1395 2210 1453 Nox

1164 1522 1228 1559 tic.
1245 1521 1284 1559 δε
1305 1528 1463 1570 utroque
1473 1518 1605 1557 Maffei
1623 1520 1755 1571 legitur
1774 1522 1858 1568 hic,
1887 1524 1951 1572 qui
1971 1523 2009 1561 in
2032 1523 2208 1573 impreffis

1167 1571 1341 1610 omnibus
1363 1571 1606 1610 defideratur:

1218 1622 1371 1660 Garrula
1390 1636 1450 1659 nec
1469 1629 1596 1669 Progne
1606 1621 1789 1669 stertentia
1812 1633 1945 1674 corpora
1969 1625 2108 1662 mulcet.

1168 1674 1312 1712 Verum
1333 1674 1369 1710 in
1391 1685 1479 1711 meo
1509 1675 1557 1710 est
1578 1700 1589 1717 ,
1618 1674 1779 1723 Efflentia
1815 1678 1946 1724 pectora
1974 1675 2124 1712 mulcet.-
2151 1676 2213 1713 sed

1168 1724 1341 1773 adscripta
1361 1724 1409 1761 est
1427 1723 1540 1773 gloffa
1563 1752 1573 1768 ‚
1603 1726 1802 1763 stertentia.
1853 1727 1895 1763 In
1921 1726 2028 1774 Capr.
2052 1726 2210 1762 Garrula

1165 1789 1225 1812 nec
1246 1782 1372 1823 Progne
1384 1774 1565 1822 stertentia
1590 1776 1722 1822 pec‘lora
1750 1775 1890 1814 mulcet.
1944 1777 2021 1824 Qui
2045 1778 2209 1824 optimus

1164 1827 1256 1864 mihi
1275 1826 1444 1870 videtur,
1467 1825 1505 1862 ὃς
1537 1825 1614 1873 ipso
1645 1825 1789 1863 Ovidio
1820 1826 1963 1876 dignus.
1994 1827 2209 1865 Cromnos.

1162 1876 1244 1915 Post
1256 1877 1355 1915 hunc
1368 1876 1510 1914 versum
1534 1875 1572 1912 in
1592 1875 1758 1914 Palatino
1781 1877 1844 1914 iste
1865 1877 2084 1915 inserebatur
2099 1882 2213 1922 ,Gar-

1164 1927 1244 1964 rula
1266 1941 1334 1964 non
1355 1934 1482 1976 Progne
1495 1925 1677 1973 stertentia
1694 1930 1828 1976 peb'z‘ora
1852 1927 1991 1965 mulcet.
2027 1929 2130 1976 Qui,
2151 1940 2216 1966 cuo

1160 1978 1220 2027 jus
1240 1978 1280 2016 fit
1304 1979 1425 2028 genii,
1453 1986 1535 2015 tum
1556 1989 1668 2026 quem
1689 1979 1763 2016 hoc
1791 1979 1878 2016 loco
1897 1979 2024 2016 locurn
2054 1978 2210 2022 habeat,

1167 2030 1308 2078 quivis,
1337 2041 1416 2066 non
1438 2027 1597 2066 omnino
1626 2027 1645 2065 a
1662 2029 1816 2077 po'e'tico
1844 2029 1981 2066 alienus
1997 2029 2132 2076 genio,
2155 2029 2212 2065 vi-

1168 2080 1240 2118 det.
1277 2081 1384 2117 DAN.
1414 2080 1619 2117 Hemsms.
1674 2080 1787 2117 Multi
1817 2078 1963 2117 codices
1993 2079 2214 2127 subjungunt

1168 2131 1275 2169 istum
1298 2131 1440 2169 versum
1458 2145 1466 2168 ε

1221 2182 1377 2219 Garrula
1397 2195 1455 2218 nec
1481 2188 1608 2218 Procne
1621 2179 1803 2227 stertentia
1819 2182 1952 2230 pectora
1973 2179 2111 2217 mulcet.
2174 2176 2180 2182 ’

1169 2234 1304 2271 Velut
1332 2233 1414 2276 alii,
1444 2231 1633 2280 stridentia
1659 2259 1668 2276 ,
1706 2231 1764 2268 vel
1786 2229 1956 2266 certantia
1980 2232 2125 2277 pectora.
2150 2231 2216 2279 qui

1168 2284 1309 2334 prorsus
1340 2283 1546 2321 adversatur
1574 2283 1691 2319 rnenti
1731 2281 1885 2318 Nasonis
1917 2280 2038 2317 nostri.
2075 2292 2162 2317 nam
2187 2279 2215 2318 fi

1169 2336 1309 2373 mulcet
1326 2335 1467 2371 Procne
1489 2333 1669 2370 stertentia
1697 2331 1845 2380 pediora
1859 2359 1870 2376 ,
1897 2331 1989 2369 nihil
2007 2330 2132 2368 causae
2150 2330 2214 2377 est„

1171 2397 1235 2423 cur
1255 2386 1342 2422 hinc
1359 2385 1557 2431 ablegetur.
1586 2383 1730 2419 HEms.

1217 2435 1302 2472 601.
1331 2441 1562 2470 Humanaeve
1575 2431 1730 2481 fimum]
1746 2431 1915 2470 Paulinus
1935 2432 2102 2480 expreffit
2112 2432 2214 2471 hunc

1169 2484 1301 2522 Ovidii
1319 2484 1446 2521 locum
1467 2483 1575 2531 Epist.
1598 2495 1630 2520 1.
1649 2482 1694 2520 ad
1717 2482 1861 2520 Auson.

1221 2540 1320 2571 Dum
1342 2534 1436 2572 levia
1456 2533 1635 2570 humanae
1657 2533 1783 2570 metuit
1803 2532 1958 2569 convicia
1979 2532 2129 2582 linguae.

1168 2592 1399 2623 Humanaeve
1410 2584 1492 2633 sono
1514 2584 1654 2621 Moreti
1678 2585 1716 2621 &
1735 2583 1946 2633 quindecim
1967 2584 2038 2621 alii.

1219 2638 1304 2674 601.
1319 2642 1554 2672 Humanaeve
1569 2636 1695 2684 fimum
1712 2635 1863 2672 reddunt
1881 2635 2037 2672 convicia
2049 2634 2217 2685 linguae]

1169 2686 1413 2736 Ineptiffimus
1444 2686 1565 2723 versus
1593 2713 1603 2730 ,
1639 2685 1851 2733 ineptiffimi
1885 2688 2043 2734 parentis
2074 2687 2216 2735 proles:

1171 2739 1259 2776 hinc
1278 2739 1402 2786 itaque
1423 2738 1590 2773 amoveri
1621 2736 1729 2773 debet
1750 2749 1759 2773 :
1795 2737 1915 2774 horno
1947 2737 2066 2774 fatuus
2087 2737 2131 2775 de
2160 2738 2220 2774 Pi-

1170 2789 1221 2826 cis
1241 2787 1379 2837 aliquid
1399 2789 1437 2824 in
1459 2788 1587 2824 animo
1610 2786 1787 2829 habebat,
1819 2788 1855 2824 &
1885 2798 2048 2835 pannum
2075 2786 2219 2824 mendi-

1172 2838 1291 2876 cabuli
1316 2849 1495 2886 purpurae
1518 2837 1728 2875 Ovidianae
1742 2835 1941 2875 affuit.vid.
1962 2839 2020 2875 lib.
2034 2847 2217 2884 v.argum⁰

1174 2902 1228 2928 12.
1258 2889 1367 2926 TAN.
1403 2888 1533 2925 Fanni
1551 2888 1615 2928 lib.
1636 2900 1681 2926 11.
1709 2888 1816 2936 Epist.
1833 2889 1893 2936 69.

1222 2941 1306 2977 602.
1338 2945 1444 2975 Muta
1462 2938 1595 2989 quien]
1634 2939 1757 2976 Multa
1779 2947 1947 2989 quatuor.
1972 2937 2059 2984 saxo
2087 2947 2216 2985 quoque

1173 2992 1274 3028 venit
1298 2991 1470 3028 Gronov.

1223 3043 1308 3091 603.
1336 3047 1401 3077 Per
1422 3054 1522 3091 quem
1544 3054 1620 3078 cum
1641 3051 1832 3076 murmure.
1853 3036 1868 3085 ]
1922 3035 2040 3071 Barth.
2061 3035 2104 3072 ad
2127 3035 2216 3075 Stat,

1172 3107 1208 3131 x.
1230 3092 1354 3131 Theb.
1374 3093 1434 3139 96.
1466 3092 1576 3139 legit,
1612 3089 1765 3139 Qerulo
1787 3100 1862 3124 cum
1893 3098 2070 3140 murmure
2091 3085 2220 3125 labens,

1174 3156 1260 3181 nam
1281 3145 1448 3188 ineptum
1470 3142 1658 3178 videbatur
1686 3139 1745 3187 ipsi
1762 3167 1772 3181 ‚
1790 3136 1906 3173 Undas
1922 3134 1991 3171 labi
2004 3144 2062 3184 per
2081 3137 2219 3182 rivum,

1177 3195 1239 3230 vel
1260 3191 1404 3229 undam.
1418 3192 1455 3228 in
1469 3191 1643 3227 Mediceo
1663 3201 1739 3226 uno
1759 3190 1796 3224 &
1819 3187 1929 3224 tribus
1950 3186 2024 3223 aliis
2046 3187 2221 3232 est,lam-

1178 3242 1272 3293 bens.
1298 3241 1447 3281 mallem
1468 3253 1561 3290 ego,
1591 3238 1728 3289 querulo
1754 3249 1841 3286 quae
1876 3249 2056 3277 murmure
2084 3237 2225 3282 labem,

1583 3288 1765 3341 fihhhh
1792 3300 1814 3338 a
2140 3288 2229 3338 yer„
