2483 3616
123 173 2251 345 METAMORPHOSEON

385 430 837 516 SERIES
949 427 2021 532 COMPENDIOSA,

1103 628 1250 689 EX

192 801 1268 956 GUILIELMI
1380 801 2186 906 CANTERI

301 1031 1042 1126 NOVARUM
1151 1034 2035 1124 LECTIONUM

545 1239 1012 1314 LIBRO
1109 1241 1155 1307 1.
1250 1237 1546 1309 CAP.
1644 1240 1828 1310 XX.

336 1432 369 1454 ⁶*
412 1437 420 1445 ‘
448 1430 473 1437 ”
491 1438 503 1450 ·“
521 1428 548 1499 ᾗ
571 1427 751 1490 Xzstimo
784 1425 969 1487 equidem
1001 1425 1172 1483 multis,
1219 1440 1313 1471 cum
1348 1423 1506 1471 Ovidii
1529 1420 1936 1487 Transfhrmationes
1958 1424 2122 1486 legunt,
2158 1425 2267 1471 idem

385 1501 394 1511 ⁴
534 1522 551 1539 κ·
596 1495 706 1555 quod
725 1491 832 1540 mihi
841 1489 994 1551 fizepe,
1030 1492 1287 1552 contingere:
1318 1500 1369 1535 >ut
1384 1500 1632 1550 perpetuam
1654 1492 1774 1537 illam
1798 1490 1852 1542 Εἴ
1888 1505 2100 1552 nunquam
2135 1491 2266 1536 inter-

475 1571 548 1620 θ’,
599 1569 771 1620 ruptam
803 1557 1094 1602 narrationum
1138 1565 1229 1601 tam
1263 1557 1490 1599 variarum
1524 1558 1808 1600 connexionem
1838 1552 1954 1615 satis
1999 1555 2154 1600 mirari
2197 1571 2268 1604 nef·

517 1624 525 1635 ”
605 1634 787 1682 queant:
821 1621 1002 1679 qnodque
1024 1620 1067 1664 in
1090 1615 1164 1665 hoc
1187 1619 1323 1679 Opere
1345 1618 1486 1664 Poeta
1504 1627 1596 1664 tam
1630 1620 1916 1665 convenienter
1941 1623 2147 1680 propostto
2157 1617 2268 1681 suo,

605 1688 633 1731 a
648 1689 794 1746 prima
817 1684 962 1729 mundi
985 1684 1139 1745 origine
1161 1685 1219 1729 ad
1226 1682 1313 1744 sua
1337 1681 1460 1744 usque
1482 1693 1667 1744 tempora
1681 1718 1697 1743 ,
1725 1694 1973 1744 perpetuum
1996 1699 2163 1730 carmen
2194 1700 2270 1730 ar-

604 1751 877 1812 ‘tificiostffime
898 1749 1087 1795 deducat.
1155 1750 1285 1815 Qae
1308 1748 1472 1809 quidem
1495 1763 1558 1793 res
1580 1750 1645 1793 ita
1669 1763 1733 1793 me
1743 1747 1910 1810 semper
1932 1749 2187 1805 delectavit,
2223 1758 2272 1795 ut

610 1825 838 1878 temperare
859 1813 967 1859 mihi
987 1814 1157 1859 tandem
1178 1830 1257 1860 non
1270 1808 1510 1873 potuerim,
1545 1814 1672 1874 quin,
1709 1812 1845 1873 Opere
1867 1821 1954 1859 toto
1966 1811 2104 1874 semel
2113 1825 2270 1872 pervo-

128 1882 246 1941 -luto‚
292 1882 449 1929 ordinis
482 1883 686 1927 rationem
711 1894 791 1941 per
812 1880 1001 1941 fingulas
1013 1878 1202 1940 fabellas
1223 1878 1547 1940 confiderarem‚
1582 1887 1706 1939 atque
1730 1877 1829 1924 adeo
1853 1887 1988 1924 totum
2014 1878 2133 1938 Opus
2157 1883 2272 1941 quast

125 1949 178 1993 in
201 1947 422 2009 Epitomen
444 1947 655 2008 quandam
676 1946 928 2007 redigerem:
962 1954 1009 1989 ut
1032 1960 1159 2005 quam
1182 1961 1231 1990 ex
1245 1943 1444 2004 partibus
1455 1944 1633 2004 fingulis
1657 1945 1754 1989 olim
1775 1943 2036 2004 voluptatem
2060 1956 2272 2004 ceperam,

132 2027 228 2057 eam
253 2011 343 2072 post
366 2012 386 2057 e
407 2021 493 2057 toto
507 2012 698 2070 poemate
721 2011 910 2056 breviter
921 2007 1005 2070 sub
1029 2010 1159 2054 oculos
1174 2012 1333 2069 postto‚
1368 2010 1480 2069 longe
1496 2009 1722 2067 pleniorem
1738 2009 2019 2068 perciperem:
2052 2008 2107 2059 δέ
2122 2010 2274 2067 poetae

135 2077 341 2137 ingenium
375 2085 423 2121 ut
456 2078 500 2120 in
533 2075 630 2120 aliis
650 2075 769 2121 rebus
802 2076 947 2121 multis
975 2107 991 2133 ,
1037 2074 1102 2118 ita
1120 2076 1170 2119 in
1193 2073 1273 2119 hac
1286 2074 1509 2133 praecipue
1528 2089 1608 2118 non
1628 2075 1805 2134 vulgare
1816 2072 1946 2134 fuiffe
1969 2072 2273 2132 deprenderem.

59 2140 71 2151 ”
138 2140 280 2199 Hujus
295 2153 420 2200 porro
444 2140 676 2198 voluptatis
687 2139 884 2201 fructum
906 2148 954 2183 ut
976 2153 1069 2183 cum
1090 2139 1188 2184 aliis
1209 2140 1366 2196 etiam,
1402 2153 1472 2183 nec
1492 2139 1645 2183 invitis
1658 2137 1867 2199 fortaſje,
1902 2138 2241 2185 communicemus
2253 2158 2272 2196 5

138 2202 278 2263 visum
298 2202 353 2263 est
375 2203 450 2249 hoc
470 2204 550 2249 loco
576 2200 980 2264 Transformationes
1003 2202 1186 2261 Ovidii,
1221 2217 1348 2263 quam
1370 2201 1599 2260 brevzffime
1611 2202 1715 2262 fieri
1731 2203 2151 2262 potuit,excerptas,
2186 2203 2273 2247 Le-

143 2270 273 2326 ἑῖονί,
305 2278 507 2328 tanquam
526 2269 570 2313 in
589 2268 774 2327 tabella,
796 2267 1046 2328 speetandas
1060 2279 1312 2327 proponere:
1346 2282 1569 2328 earumque
1591 2266 1829 2313 methodum
1864 2282 2022 2313 omnem
2054 2268 2174 2312 velut
2207 2266 2276 2327 di-⁴

130 2332 225 2393 gito
256 2332 578 2392 commonstrare.
634 2332 706 2377 Ea
725 2348 825 2377 vero
847 2334 947 2378 talis
969 2332 1038 2387 eft.

209 2392 252 2439 L
267 2410 281 2439 1
297 2409 325 2439 B
340 2411 368 2440 E
386 2410 418 2440 R
455 2395 491 2440 Ι.
525 2396 741 2456 Principio
765 2397 903 2442 Chaos
924 2399 968 2442 in
989 2398 1188 2444 elementa
1210 2406 1390 2459 quatuor
1410 2395 1707 2460 distinguitur,
1743 2397 1888 2458 quibus
1921 2411 2014 2443 cum
2025 2394 2101 2457 sui
2123 2396 2276 2442 darem

144 2468 217 2505 tur
227 2460 404 2519 fingulis
424 2460 606 2514 incolae3
641 2460 758 2506 homo
780 2478 829 2506 ex
851 2472 968 2507 terra
991 2461 1044 2513 ὃ
1069 2478 1181 2523 aqua
1204 2472 1366 2509 creatus
1398 2462 1466 2523 est.
1534 2463 1709 2509 Secutae
1730 2459 1837 2523 sunt
1871 2471 2029 2508 aetates
2063 2460 2277 2507 hominum

143 2533 337 2584 quatuor.
404 2523 460 2567 In
480 2538 658 2584 quarum
672 2524 880 2583 postrema
902 2526 950 2571 de
975 2526 1205 2586 Gigantum
1214 2526 1420 2588 sanguine
1442 2529 1536 2573 nati
1548 2526 1653 2587 sunt
1675 2526 1872 2572 homines.
1920 2527 2018 2590 „Qui
2040 2541 2131 2572 cum
2153 2527 2278 2586 cffint

145 2588 266 2645 impii
289 2621 305 2646 a
341 2587 518 2646 Jupiter
536 2619 551 2645 3
588 2590 784 2646 quamvis
806 2598 931 2634 antea
943 2590 1176 2645 Lycaonem
1197 2592 1242 2633 in
1265 2592 1406 2649 lupum
1430 2600 1652 2649 mutarat,
1682 2591 1869 2651 generali
1890 2589 2158 2635 nihilominus
2168 2588 2275 2650 sicp-

137 2652 264 2711 plicia
296 2651 505 2696 diluvium
535 2651 753 2708 inducens,
801 2653 942 2697 omnia
960 2653 1004 2697 in
1023 2667 1179 2712 aquam
1202 2654 1425 2698 convertit.
1490 2654 1579 2700 Hic
1588 2653 1674 2716 soli
1706 2655 1997 2715 relinquuntur
2006 2652 2278 2715 superstites,

149 2715 383 2761 Deucalion
406 2715 460 2766 {9⁹
485 2713 674 2772 Pyrrha.
714 2717 811 2781 Qii
823 2716 914 2776 post
936 2717 1145 2762 redditam
1166 2726 1355 2776 terram,
1376 2717 1513 2777 jactis
1526 2719 1617 2780 post
1638 2729 1756 2781 terga
1778 2718 2013 2779 lapidibus,
2048 2719 2278 2765 humanum

150 2788 402 2837 repararunt
419 2794 560 2839 genus.
627 2780 753 2825 Nam
774 2782 935 2840 reliqua
969 2781 1132 2841 quidem
1161 2784 1368 2828 animalia
1390 2781 1539 2844 sponte
1560 2782 1637 2842 ssua
1660 2800 1710 2829 ex
1732 2784 1903 2830 humore
1926 2783 1982 2836 {9³
2017 2785 2151 2830 calore
2174 2797 2279 2843 pro-

149 2843 330 2887 dierunt.
396 2843 448 2888 In
481 2842 548 2888 his
578 2845 708 2890 etiam
741 2843 880 2902 Pytho
900 2843 1083 2906 stirpens.
1150 2847 1293 2911 Qiem
1321 2863 1414 2893 cum
1447 2840 1596 2909 Apollo
1619 2848 1914 2910 intereniiffi‘t2,
1949 2848 2131 2907 Pythios
2164 2848 2278 2893 ludos

152 2906 198 2959 in
229 2907 291 2950 rei
323 2908 561 2952 memoriam
595 2907 778 2968 instituit
802 2941 818 2967 9
883 2910 1027 2969 quibus
1060 2912 1238 2957 victores
1268 2909 1421 2970 esculea
1455 2929 1601 2960 corona
1633 2913 1914 2960 donabantur.
1959 2913 2138 2959 nondum
2171 2913 2278 2957 enim

155 2970 354 3015 extiterat
377 2971 545 3030 laurus,
580 2971 701 3017 donec
720 2974 765 3018 in
782 2988 873 3018 eam
895 2972 1083 3033 Daphne
1097 2977 1238 3035 puella
1251 2973 1349 3036 fuit
1370 2978 1582 3040 conversa.
1649 2979 1784 3042 „Quod
1803 2994 1896 3025 cum
1919 2977 2151 3037 accidiffet,
2186 2984 2278 3018 tum

156 3031 216 3076 ad
237 3043 403 3091 patrem
432 3032 517 3093 ejus
548 3035 734 3082 Peneum
763 3070 779 3095 ‚
821 3039 989 3098 reliquis
1009 3039 1169 3097 fluviis
1189 3073 1206 3099 ,
1238 3043 1336 3100 five
1368 3044 1684 3104 congratulandi
1707 3077 1723 3102 ‚
1759 3047 1858 3105 five
1886 3046 2017 3089 etiam
2048 3037 2279 3099 consolandi

149 3097 299 3154 gratia
330 3100 577 3159 congregatis
608 3098 724 3160 solus
757 3100 1008 3162 defideratus
1037 3103 1093 3164 est
1132 3104 1313 3151 Inachus
1334 3137 1351 3164 ‚
1408 3107 1517 3168 quod
1555 3108 1605 3154 de
1637 3108 1741 3170 filia
1794 3109 1894 3155 Ione
1914 3106 2120 3168 sollicitus
2153 3102 2276 3162 estet,

160 3170 283 3217 quam
314 3159 490 3231 Jupiter
507 3162 598 3222 post
609 3163 803 3224 stuprum
825 3167 870 3211 in
880 3165 1110 3225 juvencam
1132 3180 1427 3216 commutarat.
1462 3172 1534 3218 Ea
1548 3188 1640 3219 cum
1652 3174 1706 3220 ab
1719 3175 1837 3235 Argo
1861 3167 2278 3229 custodiretur,hunc

149 3293 154 3295 ‚
222 3236 440 3331 egr-‘eumz’
495 3237 675 3275 narrata
700 3230 823 3289 prius
855 3229 1082 3294 Nymphae
1114 3233 1302 3294 Syringis
1335 3236 1379 3280 in
1399 3237 1647 3285 arundiuem
1671 3235 2080 3296 Transformatione‚
2117 3232 2278 3277 occidit,

223 3343 226 3345 ,
261 3298 337 3330 07⁷²·
416 3320 426 3334 ·
1235 3298 1283 3344 A
1316 3312 1344 3348 2

295 1662 306 1675 ι
395 1615 462 1633 ..1
506 1622 560 1668 O·

372 1714 425 1743 ,,
520 1662 564 1732 ²²}

521 1734 563 1792 13»

485 1772 487 1776 ’
521 1794 565 1829 „J

2163 3308 2277 3355 ciffus
