2483 3616
339 170 1590 235 M‘ETAMORPHOSEON
1660 175 1806 233 L113.
1881 171 1955 235 X.

2104 193 2199 250 741

346 292 631 348 Femineos
654 301 797 343 artus
823 288 878 342 in
905 288 1108 343 olentes
1132 303 1340 346 vertere
1364 291 1605 346 menthas
1621 337 1633 356 ,
1696 318 1698 321 ·

197 386 298 437 730
338 363 706 437 Persephone,
745 362 929 416 licuit?
971 363 1123 416 nobis
1148 364 1434 437 Cinyreius
1461 364 1620 420 heros

341 437 575 492 Invidiae
599 450 830 490 mutatus
873 436 1004 490 erit?
1046 436 1114 489 sie
1141 435 1273 499 fata,
1311 456 1560 492 cruorem

337 509 566 566 NeRare
594 509 827 564 odorato
851 509 1070 581 spargit:
1112 510 1204 580 qui
1233 509 1397 564 tafflus
1427 511 1490 564 ab
1517 511 1613 566 illo¹

337 583 626 643 Intumuit;
670 583 768 646 sic,
807 596 865 637 ut
893 584 1075 655 pluvio
1111 584 1385 654 perlucida
1413 585 1569 638 coelo

335 657 565 727 Surgere
583 657 720 711 bulla
748 657 895 711 solet.
928 675 1027 710 nee
1054 657 1207 727 plena
1233 657 1444 728 longior
1469 656 1616 710 hora*

197 749 299 800 735
336 729 493 784 Fadia
523 748 671 784 mora
697 729 800 797 est,
839 748 963 783 cum
988 729 1088 782 flos
1114 728 1143 782 ὲ
1163 730 1420 802 sanguine
1446 729 1705 784 concolor
1730 743 1894 784 ortu&

343 804 602 876 Qualem,
639 822 774 877 quae
799 804 946 857 lento
973 802 1145 856 celant
1170 801 1261 857 sub
1291 803 1499 858 cortice
1521 820 1771 876 granum³

57 1067 264 1109 hortensem
287 1067 480 1106 mentham
512 1066 614 1106 fuisse
644 1065 954 1116 transfiguratam:
983 1072 1099 1114 quan-1·

57 1121 218 1170 plerique
234 1119 469 1168 hedyosmon
500 1128 645 1157 vocant.
702 1119 759 1156 Est
787 1119 824 1155 ὃς
849 1128 956 1153 mons
984 1127 1097 1164 prope

57 1172 188 1220 Pylum
217 1172 445 1219 cognomine
480 1171 658 1218 Mynthes
673 1198 681 1212 ,
705 1170 812 1218 juxta
832 1179 945 1217 quem
968 1166 1097 1204 Pluto-

58 1222 110 1260 nis
131 1234 281 1271 quoque
304 1220 351 1258 est
374 1221 571 1267 templum.
599 1221 769 1257 REGius.

110 1284 192 1318 727.
223 1271 410 1308 Foemineos
429 1282 528 1307 artus
547 1271 585 1307 in
604 1271 727 1307 olentes
747 1277 878 1306 vertere
897 1266 1101 1317 menthas.]

61 1323 168 1371 Lego
183 1350 192 1365 ,
209 1322 382 1359 Minthas.
410 1322 558 1359 Mintha
581 1322 678 1358 enim
701 1321 758 1358 vel
774 1319 921 1357 Minthe
944 1317 964 1356 {1
988 1319 1104 1356 Grae-

63 1375 110 1412 cis
132 1374 285 1416 dicitur,
315 1384 408 1421 quae
427 1373 500 1409 alio
534 1372 689 1409 nomine
721 1370 956 1420 hedyosmon
989 1381 1105 1407 voca-

61 1433 139 1469 tur,
168 1423 187 1461 21
219 1424 371 1461 Mintho
404 1424 570 1472 Neptuni
602 1423 729 1471 pellice
760 1423 798 1459 in
821 1433 902 1459 eam
935 1428 1103 1464 mutata,

61 1483 102 1513 ut
129 1475 256 1513 aufior
284 1474 333 1512 est
362 1474 496 1512 Pollux
523 1474 616 1511 libro
644 1473 769 1517 sexto,
799 1472 916 1520 capite
943 1471 1106 1509 decimo.

64 1526 233 1564 Minthos
265 1525 353 1574 quin
382 1526 493 1562 etiam
522 1525 594 1573 ipsa
621 1524 730 1561 herba
759 1524 959 1572 appellatur
985 1523 1107 1560 eidem

63 1576 204 1615 Polluci
228 1578 265 1615 ὅ(
286 1575 537 1624 Aristophanis
569 1576 606 1613 in
626 1575 772 1612 Plutum
795 1573 984 1622 interpreti
1004 1600 1015 1618 ,
1061 1584 1107 1610 ex

62 1638 223 1676 quorum
243 1627 442 1675 posteriore
467 1626 643 1664 nonnulla
667 1625 752 1663 alibi
770 1624 873 1673 super
891 1625 964 1661 hoc
977 1625 1107 1661 recita-

62 1677 194 1716 bimus.
234 1679 522 1715 Cousmnrius
552 1677 763 1714 FANENsis.
817 1674 939 1722 Hujus
967 1674 1109 1712 fabulae

63 1730 236 1766 meminit
270 1730 309 1767 ὃς
331 1728 509 1766 Nicandri
531 1728 707 1776 interpres
729 1728 765 1764 in
785 1726 1113 1782 Alexipharmacis.

64 1779 177 1828 Cujus
200 1780 309 1817 verba
338 1780 431 1817 haec
450 1779 530 1817 sunt
552 1791 561 1815 ι
601 1780 710 1819 Μένθη
731 1778 771 1813 δὲ
797 1775 825 1813 Α
840 1777 900 1812 δον
928 1780 1110 1815 παλλακὴ

62 1830 149 1867 οὕτω
171 1831 396 1875 καλουμένη,
427 1823 465 1869 iiis
484 1829 736 1876 ἓιεσπάριιξειν
766 1829 784 1871 ἦ
809 1827 1024 1874 Περσεφόνη.
1047 1827 1108 1873 ἐφ’

62 1880 160 1929 §view
187 1883 358 1927 ὁμώνυμον
377 1880 646 1917 ποὲινάνέδωκευ
669 1882 684 1917 ὁ
717 1873 844 1921 “Ἀδης.
872 1880 1105 1916 Μιεγιιυε.

61 1933 201 1980 Tangit
226 1935 263 1970 8<
288 1931 447 1970 fabulam
479 1932 671 1979 Oppianus
693 1931 856 1968 Halieut.
883 1930 1039 1968 lib.111.
1064 1931 1103 1967 &

65 1983 192 2020 Strabo
210 1983 271 2020 lib.
291 1995 335 2020 vr
351 1995 403 2020 [1.
457 1982 555 2020 Vide
578 1983 614 2020 &
638 1982 729 2019 Pliu.
752 1993 830 2018 xix.
855 1980 889 2018 8.
925 1981 988 2030 qui
1012 1980 1108 2028 prius

62 2033 253 2070 Mintham
278 2033 411 2071 dietam
425 2034 494 2076 ait,
510 2045 726 2082 nomenque
738 2032 786 2070 ob
806 2031 930 2070 odoris
952 2032 1109 2069 suavita-

66 2089 146 2120 tem
170 2080 335 2119 mutasse.
617 2106 628 2113 .

117 2144 202 2181 732.
229 2129 393 2180 Sparsit.]
423 2133 556 2180 spargit
577 2146 662 2172 cum
685 2132 914 2171 melioribus.

119 2194 204 2232 733.
234 2182 344 2219 Fulvo
364 2182 536 2231 perlucida
556 2184 682 2233 cael0.]
725 2186 775 2223 lta
803 2185 882 2221 libri
908 2191 1049 2221 Veteres
1069 2184 1109 2222 &

66 2234 153 2274 Ald.
181 2234 257 2271 Alii
281 2231 405 2279 inepte
422 2232 571 2281 legunt,
597 2234 736 2272 Pluvia.
764 2236 933 2272 Ciorim.
983 2237 1106 2272 lmmo

64 2285 187 2325 reete:
216 2295 299 2321 cum
322 2283 444 2332 pluvia
466 2284 565 2321 enim
580 2286 674 2324 cadit
690 2287 726 2323 in
739 2285 1009 2335 aquam‚surgit
1030 2285 1109 2324 bul-

0 2349 1 2356 *
65 2337 100 2377 la
122 2348 167 2374 ex
188 2344 302 2384 gutta.

116 2398 201 2436 735.
230 2383 377 2433 Ortus.]
408 2383 494 2420 Exit
524 2384 562 2421 in
590 2396 668 2422 uno
685 2386 830 2423 invenit
849 2385 1036 2424 Heinsius.
1061 2384 1110 2422 sic

71 2439 110 2477 ὃ(
131 2445 271 2476 mutat-a
287 2436 378 2472 haec
396 2434 506 2471 verba
530 2447 574 2470 ii.
596 2435 705 2471 Pont.
725 2447 761 2471 v.
787 2448 844 2482 50.

122 2489 204 2537 736.
232 2485 360 2524 Celant
379 2484 447 2534 sab
477 2487 594 2521 cortice
611 2485 804 2532 granum]
858 2488 980 2520 Grana
1002 2485 1109 2533 prim.

71 2540 241 2578 Gronov.
276 2538 363 2585 frag.
404 2536 606 2573 Boxhornii
637 2536 673 2572 ὅ(
701 2534 838 2582 septem
880 2534 949 2570 alii.
975 2535 1014 2570 in
1041 2547 1112 2570 cor-

4 2613 6 2626 .
69 2590 132 2628 tice
153 2590 251 2628 idem
288 2588 460 2625 Gronov.
487 2599 574 2635 quae
602 2585 719 2621 cortice
746 2586 851 2633 prim.
885 2585 1024 2626 Moret.
1043 2585 1111 2633 sub

70 2641 195 2678 vertice
213 2640 319 2689 prim.
345 2638 418 2675 Pal.
437 2647 547 2686 atque
568 2635 628 2674 alii
650 2643 819 2684 quatuor.
873 2635 1006 2680 Forte,

117 2704 292 2754 Quem,
321 2715 408 2753 quae
429 2701 519 2737 lento
542 2700 699 2738 celantur
723 2699 862 2745 cortice,
887 2711 1000 2748 grana

121 2755 255 2793 Punica
274 2756 368 2802 ferre
387 2752 511 2802 solent.

73 2815 169 2862 vei,
197 2818 306 2855 celant
326 2820 357 2863 [ὲ
381 2819 508 2869 ςογιὶεε.
538 2816 707 2864 scriptum
723 2816 863 2859 fuerat,
890 2811 1003 2849 celant
1026 2813 1115 2850 urti-

76 2881 117 2906 ce.
144 2868 330 2907 mendose.
366 2870 453 2906 hinc
482 2867 619 2905 saelum
648 2865 759 2902 celant
785 2864 848 2909 sub
879 2864 1027 2907 vertice,
1056 2864 1115 2901 vel

78 2921 203 2957 cortice.
255 2919 412 2956 Videtur
430 2921 528 2956 hune
545 2918 668 2955 locum
695 2913 882 2963 respexisse
906 2914 1117 2952 Laclantius

78 2971 234 3008 carmine
248 2970 292 3007 de
308 2970 490 3008 Phoenice
516 2968 721 3006 foedissime
745 2966 1112 3015 depravatus‚quein

78 3018 125 3057 sic
144 3021 365 3070 castigamus.

127 3085 297 3135 Principio
316 3084 400 3122 color
420 3081 483 3130 est,
513 3082 626 3133 qualis
645 3080 704 3127 sub
732 3080 850 3117 cortice
869 3078 939 3117 levi

180 3137 290 3173 Mitia
313 3148 413 3186 quem
437 3146 584 3170 croceum
602 3132 729 3182 punica
748 3143 860 3178 grana
882 3131 1021 3179 legztnz‘.‘

80 3194 192 3234 Nullo
222 3197 320 3236 sensu
354 3208 455 3235 nunc
483 3196 759 3237 circumfertur,
789 3193 902 3243 qualis
921 3193 987 3242 sub
1007 3191 1117 3240 sidere

80 3247 162 3282 caeli
182 3248 287 3283 Mitia
310 3261 410 3296 quem
432 3259 535 3286 croceo
560 3246 692 3284 Punica
718 3257 832 3296 grana
851 3243 978 3295 legunt.
1015 3244 1117 3283 Mar-

80 3296 154 3335 nal.
170 3309 198 3336 1.
223 3298 292 3348 Ep.
309 3311 368 3347 44.
499 3301 511 3329 ο
531 3298 534 3300 ”

1995 922 2212 979 Punica

1212 1069 1294 1102 Aut
1313 1066 1457 1105 imitata
1477 1068 1594 1105 breves
1614 1066 1748 1104 Punica
1767 1077 1882 1115 grana
1902 1063 2003 1113 rosas.

1157 1125 1212 1164 Ita
1242 1131 1403 1177 optimus
1434 1133 1649 1169 Thuaneus.
1685 1143 1770 1168 nam
1803 1131 1934 1167 Punica
1955 1127 2051 1165 mala
2071 1127 2203 1182 perpe-³

1154 1189 1232 1215 ram
1246 1191 1345 1217 nunc
1364 1182 1507 1230 legitur.
1533 1182 1640 1219 Possis
1653 1183 1691 1219 δε
1704 1182 1870 1230 castigare
1886 1208 1897 1226 ,
1912 1180 2068 1217 celantur
2080 1185 2222 1227 tegmz?

1156 1241 1220 1273 ne3
1253 1230 1463 1271 Columella
1484 1233 1543 1270 lib.
1566 1246 1599 1270 x.

1211 1301 1298 1332 Mox
1319 1293 1378 1330 ubi
1392 1294 1591 1342 sanguineis
1609 1295 1639 1341 fe
1653 1295 1797 1344 floribus
1818 1295 1934 1333 induit
1956 1293 2054 1330 arbos

1214 1344 1350 1382 Punica
1366 1373 1376 1389 ‚
1405 1359 1492 1396 quae
1514 1345 1617 1383 rutili
1640 1348 1786 1396 mitescit
1810 1347 1956 1395 tegmine
1976 1343 2091 1392 grani.

1161 1406 1203 1445 In
1226 1407 1419 1445 Cataleelis
1448 1408 1606 1456 Pythoei
1635 1421 1713 1458 pag.
1735 1409 1810 1447 186.
1841 1410 1951 1447 exstat
1985 1421 2130 1447 carmen
2153 1407 2208 1447 A:

1163 1459 1296 1502 vieni,
1335 1471 1412 1507 quo
1443 1458 1539 1495 mala
1562 1459 1698 1497 Punica
1734 1461 1916 1509 eleganter
1946 1460 2225 1498 describuntur.-

1164 1509 1226 1547 ubi
1247 1510 1284 1546 ἃ
1303 1522 1493 1558 granorum
1513 1510 1565 1546 bis
1594 1519 1696 1548 terve
1723 1511 1761 1548 fit
1782 1513 1926 1549 mentio
1948 1539 1958 1554 ,
1987 1511 2021 1547 ὅ(
2052 1520 2206 1558 tegmen

1165 1559 1279 1603 illud,
1306 1561 1365 1605 cui
1385 1571 1493 1608 gruna
1522 1559 1600 1597 sunt
1630 1562 1796 1599 involuta
1822 1591 1832 1607 ,
1859 1561 1972 1598 vellus
1995 1561 2207 1609 appellatur.

1167 1611 1226 1648 De
1254 1611 1384 1648 Granis
1415 1611 1561 1648 Punicis
1598 1613 1738 1661 corrige
1770 1614 1806 1649 in
1840 1612 2038 1650 transcursu
2075 1611 2206 1649 locum

1167 1661 1330 1710 ejusdem
1362 1661 1592 1699 Columellae
1629 1662 1814 1711 insigniter
1841 1663 2079 1710 depravatum
2111 1662 2205 1699 libro

1166 1724 1218 1750 VI.
1242 1724 1319 1761 cap.
1344 1725 1374 1758 5.
1402 1711 1583 1748 Subluvies
1604 1724 1647 1752 (φ’
1669 1714 1847 1761 intertrigo
1862 1715 1934 1761 pice
1956 1721 2014 1761 per
2037 1713 2071 1759 se
2099 1712 2207 1760 (lege

1168 1764 1303 1812 tersae)
1332 1762 1491 1812 liquida,
1520 1762 1577 1799 vel
1603 1763 1759 1800 alumine
1783 1775 1826 1803 ω·
1846 1763 1984 1813 sulfure
2007 1772 2111 1812 atque
2132 1776 2209 1799 ace-

1166 1824 1200 1851 to
1226 1814 1349 1850 mixtis
1367 1814 1432 1850 rite
1458 1816 1467 1854 1
1483 1814 1577 1850 bene
1600 1823 1702 1851 vetus
1723 1814 1842 1852 codex
1870 1814 1979 1861 litae)
2008 1813 2066 1849 vel
2093 1822 2208 1850 tenero

1167 1865 1265 1911 (vet.
1290 1864 1373 1902 cod.
1393 1863 1547 1911 austero)
1573 1866 1694 1913 punico
1717 1865 1808 1902 malo
1827 1893 1836 1909 ‚
1859 1865 2066 1915 priusquam
2093 1877 2212 1913 grana*

1155 1916 1298 1962 faciat,
1328 1928 1404 1951 cum
1431 1915 1588 1952 alumine
1609 1914 1729 1964 pinfito
1745 1944 1754 1961 ‚
1777 1915 2016 1965 superfusoque
2035 1925 2126 1951 aceto
2148 1914 2209 1951 vel

1164 1967 1252 2003 aeris
1272 1967 1431 2015 aerugine
1459 1966 1567 2015 <lego
1582 1966 1735 2015 rubigine
1755 1977 1838 2004 cum
1868 1967 2026 2014 scriptis)
2053 1965 2209 2012 infriata

1164 2017 1223 2053 vel
1244 2017 1413 2064 combusta
1429 2016 1526 2066 galla
1551 2030 1627 2054 cum
1649 2017 1777 2064 austero
1797 2017 1881 2053 vino
1898 2016 2052 2064 levigata
2088 2028 2130 2054 (9·
2143 2015 2210 2062 fit-

1154 2066 1321 2117 perpofita
1350 2069 1448 2116 (vet.
1479 2068 1574 2105 Cod.
1605 2068 1736 2115 inlita)
1762 2066 2001 2109 tuberculum,
2022 2066 2076 2101 cui
2096 2065 2229 2113 subest*

1165 2118 1379 2155 vermiculus
1397 2147 1407 2164 ,
1425 2120 1515 2159 ferro
1527 2131 1632 2168 quam
1652 2116 1836 2164 acutiffi'me
1873 2116 1978 2164 (lege
1997 2115 2209 2163 cautissime)

1166 2170 1402 2216 circumsecari
1435 2179 1561 2219 oportet
1585 2196 1594 2212 ,
1634 2182 1675 2204 ne
1708 2168 1792 2204 dum
1821 2176 2026 2215 amputatur
2045 2193 2054 2207 ‚
2098 2166 2207 2201 etiam

1165 2221 1256 2268 quod
1276 2222 1371 2267 infra
1390 2220 1457 2268 est,
1494 2218 1632 2256 animal
1659 2219 1891 2255 vulneremus.
1931 2216 2077 2253 HHNS.
2103 2214 2206 2254 Vide.

1164 2271 1224 2309 lib.
1248 2284 1301 2310 1v.
1321 2271 1408 2309 Fast.
1429 2270 1515 2308 608.
1544 2271 1582 2307 ὃς
1611 2282 1660 2307 iv.
1687 2282 1729 2306 ex
1752 2270 1857 2305 i’ont.
1877 2277 1938 2303 xv.
1963 2266 1996 2304 8.

1218 2336 1302 2385 738.
1330 2340 1375 2371 Et
1395 2335 1506 2372 nimia
1528 2334 1672 2371 levitate
1694 2332 1872 2368 caducum.
1890 2329 1905 2378 ]
1955 2330 1995 2367 ln
2016 2341 2093 2367 uno
2115 2338 2231 2370 meo*

1167 2386 1241 2429 est,
1270 2386 1481 2426 Gravitase,
1509 2396 1586 2421 non
1609 2383 1777 2419 Levitate.
1808 2381 1978 2418 ConAN.

1218 2447 1298 2481 739.
1332 2435 1407 2482 <gui
1431 2433 1579 2482 perflant
1609 2432 1725 2469 omnia
1768 2431 1913 2480 zunul]
1954 2432 2098 2469 Omnes
2124 2431 2206 2469 libri

1165 2484 1282 2531 scripti
1302 2512 1312 2527 ‚
1341 2484 1415 2531 Qi
1429 2482 1603 2531 praestant
1621 2483 1738 2519 omnia
1758 2482 1867 2518 venti.
1897 2482 1954 2519 Sic
1976 2481 2059 2519 Ald.
2079 2482 2206 2520 Brian-

1167 2535 1207 2570 tii
1227 2543 1351 2570 tamen
1369 2534 1458 2570 liber
1478 2544 1559 2569 eam
1588 2533 1695 2569 habet
1716 2532 1918 2570 laesionem
1940 2560 1948 2575 ‚
1976 2543 2070 2581 quae
2099 2533 2146 2569 est
2165 2533 2203 2570 in

1165 2584 1252 2620 libb.
1280 2583 1579 2631 vulgatis‚quam
1596 2583 1818 2632 sequendam
1847 2583 2008 2620 arbitror.
2037 2582 2209 2622 CIOFAN.

1168 2634 1243 2682 §Qui
1261 2632 1410 2683 perflant
1430 2633 1547 2669 omnia
1567 2634 1677 2669 venti.
1708 2634 1813 2671 Haec
1837 2633 2005 2681 scriptura
2026 2631 2046 2669 Ξῖ
2071 2633 2206 2681 scriptis
2228 2648 2231 2651 ·

1167 2684 1272 2722 nullis
1303 2683 1550 2721 confirmatur.
1608 2684 1776 2733 Plerique
1816 2693 1987 2729 veteres,
2029 2683 2208 2732 praestant

1167 2735 1307 2779 omnia,
1336 2735 1395 2771 vel
1421 2733 1583 2783 praebent
1611 2734 1737 2771 omnia.
1795 2736 1844 2771 At
1876 2735 1980 2782 prim.
2010 2735 2046 2771 8<
2079 2736 2231 2774 tertius·

1168 2786 1332 2822 Medicei
1348 2813 1357 2828 ‚
1387 2785 1577 2821 Oxonien.
1595 2786 1701 2832 prim.
1724 2785 1923 2833 Hamburg.
1947 2785 2208 2833 prim.Twisd.

1171 2836 1208 2873 δε
1230 2836 1305 2873 duo
1328 2836 1411 2878 alii,
1434 2834 1610 2884 praestant
1639 2835 1789 2871 nomina.
1819 2835 1954 2882 septem
1986 2835 2044 2872 alii
2064 2848 2129 2884 pro
2152 2837 2208 2875 di-

1171 2886 1270 2924 versa
1305 2886 1467 2924 let‘lione
1497 2885 1652 2923 eandem
1680 2886 1887 2935 scripturam
1917 2897 2069 2934 quoque
2103 2888 2207 2924 exhi-

1171 2937 1269 2974 bent.
1305 2936 1402 2974 vere.
1439 2948 1508 2973 nec
1545 2936 1682 2974 abludit
1714 2936 1980 2974 Arondelianus
2003 2964 2012 2979 ‚
2059 2937 2096 2974 in
2129 2948 2232 2984 quo>

1163 2987 1327 3038 praebent
1346 2987 1500 3024 nomina.
1552 2986 1732 3025 Adonidis
1753 2988 1850 3024 enim
1871 2998 1977 3024 cruor
1997 2988 2033 3023 in
2053 2998 2211 3025 anemo·

1169 3051 1256 3077 nem
1276 3038 1405 3075 florem
1426 3046 1586 3075 mutatus
1616 3038 1674 3075 est.
1704 3039 1766 3086 qui
1801 3038 1864 3074 flos
1893 3037 1967 3073 Zeno
1998 3037 2061 3072 τοῦ
2078 3033 2239 3082 ιίνέμω’

1171 3101 1311 3128 nomen
1342 3088 1501 3127 deducit.
1531 3100 1606 3136 quo
1627 3088 1739 3126 allusit
1761 3089 1899 3126 Noster.
1928 3099 2011 3125 vera
2038 3088 2231 3136 scriptura

1170 3141 1276 3189 hujus
1301 3140 1374 3177 loci
1398 3140 1475 3187 jam
1509 3140 1600 3176 mihi
1631 3151 1744 3187 puero
1781 3140 1868 3176 olim
1914 3137 2133 3186 deprehensa
2164 3142 2235 3177 exC

1173 3189 1362 3228 Leidensis
1379 3189 1622 3226 bibliothecae
1644 3190 1783 3227 codice.
1811 3189 1855 3226 de
1878 3201 1949 3237 qua
1970 3201 2030 3226 me
2052 3201 2212 3227 monue-
2233 3203 2237 3206 ·

1175 3248 1259 3279 runt
1312 3238 1434 3287 postea
1475 3239 1680 3277 Desiderius
1717 3239 1897 3277 Heraldus
1950 3241 1987 3277 ὃ(
2026 3240 2241 3286 Jolianne3³

1173 3289 1411 3342 &eyratedusi
1439 3289 1484 3342 de
1506 3301 1548 3331 ea
1567 3302 1718 3343 quoque
1732 3291 1812 3340 jam
1839 3290 2243 3382 ἱ1.κεῖἃόῑτειῃλζηοηῐὲυῐεν·

2063 3352 2137 3391 »egi
2165 3354 2219 3382 ius
2236 3358 2247 3369 *³
