2483 3616
220 191 235 222 ,1
252 176 271 231 fl.
286 194 316 234 4

718 157 779 214 P.
855 154 1270 214 OVID‘II
1344 156 1879 217 NASONIS

511 254 804 329 Sideraque
826 255 880 310 in
908 255 1092 317 coelo,
1131 253 1294 327 stupri
1328 256 1610 320 mercede,
1646 267 1863 327 recepta

369 349 397 398 ς
406 346 471 395 30
508 327 728 394 Pellite;
769 347 837 384 ne
864 344 1003 400 puro
1027 327 1302 399 tinguatur
1336 327 1393 383 in
1413 346 1649 403 aequore
1673 330 1864 401 pellex.

793 458 959 505 FAB.
1029 455 1169 504 VII,

1235 447 1834 506 ARGuMEN’rUM.

950 583 966 602 ²
989 575 1173 625 Corvus
1208 575 1426 623 candidus
1450 577 1499 623 in
1520 576 1723 640 nigrum.

285 702 451 747 Corvus
476 699 660 746 volucris
684 696 702 724 ι’
721 700 843 744 initio
868 709 1049 747 naturae
1085 697 1274 744 candidis
1300 698 1449 756 pennis
1475 697 1696 757 plumatiis
1720 696 1846 758 fuit,
1869 695 1954 759 sed
1985 701 2086 759 qnia
2118 705 2134 725 ⁰
2158 702 2367 751 Coronida

217 761 236 791 ‘¹
262 768 436 813 Coronei
449 764 596 825 filiam
619 766 887 811 indicaverat
909 766 1103 825 Apollini
1125 765 1169 807 in
1192 762 1401 807 adulterio
1435 764 1597 807 morari
1610 783 1626 817 3
1649 767 1666 787 ⁶
1687 764 1766 808 illei
1781 773 1958 824 propter
1977 765 2277 824 acerbiffimmn
2301 772 2366 815 in·

217 832 373 877 dicium
383 831 619 890 flagrantis
652 830 747 876 Dei
756 827 937 890 sagittis
957 826 1120 888 confixa
1133 861 1148 886 ,
1185 829 1301 889 niger
1321 844 1370 873 ex
1395 826 1569 872 candido
1578 826 1728 888 fah'z‘us
1751 829 1820 889 est.
1867 825 1883 853 f
1900 829 1974 875 Ex
1996 828 2077 875 hac
2106 847 2198 893 ergo
2220 833 2274 884 ἐξ
2297 837 2366 880 A·

209 898 365 957 polline
389 895 579 956 nascitur
609 899 626 927 ⁸
650 892 883 956 Asklepieis.
921 909 1038 956 quem
1055 902 1184 953 pater
1216 889 1235 916 ¹²
1258 890 1438 954 exeismn
1461 902 1576 939 utero
1600 895 1781 952 matris,
1817 910 1908 941 cnm
1931 910 1980 940 ea
2001 910 2094 959 rogo
2118 897 2213 958 effer
2235 900 2366 958 impo-

269 1094 355 1131 529.
382 1081 566 1132 sideraque
586 1079 626 1118 in
647 1077 815 1130 coelum]
856 1079 1014 1128 Optime
1044 1077 1132 1115 caelo
1163 1088 1267 1127 egre-

244 1135 295 1171 ius
318 1132 525 1170 Thuaneae
546 1132 790 1170 bibliothecae
813 1130 932 1168 codex
957 1158 968 1176 ‚
995 1141 1081 1166 cum
1103 1128 1265 1166 secundo

217 1146 398 1221 {lediceo
413 1212 422 1229 ‚
453 1183 703 1233 Neapolitano
717 1211 728 1228 ‚
754 1181 925 1219 Urbinati
948 1210 959 1226 ‚
997 1181 1036 1218 &
1059 1179 1200 1218 duobus
1228 1191 1267 1217 a-

217 1234 282 1272 liis.
309 1235 358 1272 est
381 1244 506 1273 autem
539 1246 603 1283 per
624 1232 895 1283 appositionem
928 1231 1094 1277 dicium,
1122 1231 1264 1276 coelam,

212 1285 325 1336 stupri
345 1300 478 1324 merces.
496 1286 607 1324 Pont.
626 1285 684 1322 lib.
711 1296 777 1321 111.
799 1283 901 1332 Eleg.
923 1295 987 1320 111.

273 1343 340 1374 Pro
361 1337 484 1388 quibus
503 1336 648 1374 exilium
670 1335 787 1384 misero
809 1334 899 1371 mihi
919 1334 1057 1371 reddita
1077 1346 1211 1371 merces.

216 1386 400 1426 Plurimus
424 1388 473 1426 est
492 1387 531 1425 in
551 1388 626 1425 hoc
646 1384 825 1436 loquendi
836 1384 955 1422 modo
979 1384 1123 1423 Noster.
1136 1385 1267 1434 Diastys

221 1438 407 1476 Cretensis
453 1437 547 1476 libro
591 1449 638 1475 11.
674 1437 731 1475 18.
779 1447 856 1473 tum
889 1435 1078 1485 Polydorus
1130 1436 1268 1473 Priami

211 1489 312 1538 filius
327 1518 337 1535 ‚
362 1503 464 1541 quem
486 1503 547 1526 rex
568 1503 677 1526 recens
700 1498 826 1526 natum
856 1486 949 1525 clam
980 1501 1094 1524 omnes
1115 1486 1269 1524 homines

221 1540 388 1578 alendum
410 1540 654 1588 transmiserat
668 1569 677 1585 ‚
705 1553 826 1577 merces
841 1538 935 1589 pacis
966 1538 1010 1576 ab
1041 1553 1074 1575 eo
1096 1539 1267 1576 traditur.

221 1591 271 1628 ita
293 1591 452 1629 vetustus
485 1590 604 1629 codex
629 1619 640 1636 ,
666 1591 730 1641 qui
761 1602 872 1640 penes
904 1600 967 1627 me
1000 1589 1121 1627 exstat.
1143 1602 1161 1626 3
1187 1589 1268 1627 vul-

221 1642 312 1690 gatis
344 1642 438 1680 abest
470 1642 560 1679 clam
583 1656 729 1685 omnes3
768 1641 872 1692 quod
892 1652 1070 1690 perquam
1105 1640 1260 1689 elegans.

221 1692 283 1730 lib.
307 1705 333 1730 1.
357 1706 418 1730 22.
445 1693 567 1744 quibus
584 1693 728 1743 peraffis
743 1693 868 1742 fidam
892 1692 986 1736 lues,
1010 1691 1183 1743 instarque
1205 1706 1262 1729 ae-

215 1743 305 1792 stiva·
335 1745 492 1795 temporis
521 1743 709 1792 reseratum
752 1744 857 1793 (lege
888 1755 933 1782 ex
963 1743 1013 1780 V.
1058 1743 1102 1781 C.
1123 1743 1265 1791 fimena-

217 1794 353 1844 ,3u7n,)
381 1795 425 1844 est
445 1795 589 1832 caelum.
623 1805 794 1833 caeteram
817 1795 988 1843 virginem
1020 1793 1176 1831 Achilles
1207 1805 1264 1831 at-

224 1860 289 1896 que
311 1846 348 1882 hi
393 1848 428 1882 ui
442 1846 611 1894 sacrificio
639 1846 705 1893 (V.
728 1846 771 1882 C.
786 1846 990 1894 sacerdotio;
1014 1845 1261 1890 re&ius‚nam

223 1861 477 1946 praecesiZerat)
499 1898 675 1946 praefuere
696 1895 787 1933 clam
807 1910 920 1932 omnes
942 1896 1020 1944 Regi
1042 1896 1266 1945 Scytharum,

224 1947 287 1998 qui
318 1962 350 1984 eo
380 1957 524 1998 tempore
552 1946 674 1984 aberat
696 1975 707 1992 ,
745 1947 1034 1984 commendavere.
1073 1946 1134 1984 ubi
1164 1947 1267 1986 idem

223 1998 385 2037 vetustus
418 1998 538 2036 codex
563 2026 573 2043 ‚
611 1999 700 2035 clam
723 2011 836 2035 omnes
859 2026 870 2042 ,
901 2009 987 2035 cum
1021 1999 1071 2033 Tb
1103 1998 1195 2034 clam
1229 2000 1269 2036 &

222 2048 368 2086 sextum
391 2050 430 2087 &
451 2057 623 2099 quartum
647 2049 768 2086 casum
789 2058 900 2097 regat.
927 2049 1000 2086 vid.
1017 2048 1179 2092 inf.701.
1203 2062 1268 2088 111.

224 2101 308 2149 625.
338 2101 376 2137 &
397 2101 448 2138 ita
468 2100 572 2148 saepe
594 2100 705 2137 etiam
746 2100 910 2148 Vellejus
943 2099 1163 2136 Paterculus.
1186 2099 1272 2137 vide

224 2159 334 2188 notas
355 2151 401 2189 ad
432 2151 541 2200 Epist.
562 2163 616 2188 VI.
643 2151 722 2198 146.
750 2150 954 2188 Heinsius.
983 2156 1025 2187 In
1056 2150 1138 2187 coelo
1160 2150 1271 2190 10010.

224 2201 275 2239 ita
299 2201 408 2251 Epist.
436 2214 489 2239 vi.
517 2214 579 2240 20.

279 2274 322 2304 In
344 2265 433 2305 mihi
448 2263 602 2317 promiffi
614 2275 715 2315 parte
738 2274 866 2315 recepta
892 2265 969 2303 tori.

227 2329 289 2368 ubi
310 2328 409 2372 vide.

280 2392 363 2429 530.
394 2386 447 2417 Ne
461 2377 588 2430 pura]
629 2377 747 2427 Atqui
778 2377 865 2415 huic
895 2379 948 2416 rei
975 2377 1055 2427 jam
1086 2377 1276 2427 ,provisum

228 2440 326 2470 erat:
354 2442 443 2468 nam
466 2430 569 2479 supra
590 2427 644 2472 Jc’ls.
667 2441 748 2475 172.

281 2498 329 2530 Et
351 2493 458 2529 vetito
473 2492 610 2541 frastra
633 2502 819 2530 tentarant
842 2506 984 2544 aequore
1006 2494 1124 2542 mergi.

230 2556 383 2594 sivero
413 2557 492 2605 post
525 2557 764 2595 Phaethontis
798 2556 950 2594 demum
985 2556 1105 2594 casum
1138 2556 1278 2604 septem

232 2606 397 2645 Triones
419 2608 649 2651 exstiterunt,
677 2619 749 2656 qua
779 2607 896 2656 specie
911 2609 992 2657 jam
1015 2616 1123 2644 antea
1145 2618 1276 2644 eorum

230 2658 465 2696 mentionem
491 2659 610 2695 facere
632 2656 780 2707 potuit?
809 2670 855 2695 an
876 2660 1144 2697 immemorem
1166 2657 1218 2694 sui
1239 2659 1278 2695 &

232 2708 423 2757 abreptum
459 2709 612 2746 Poetam
649 2707 852 2747 dicemus?
890 2709 950 2747 sed
983 2708 1069 2746 vide
1103 2719 1197 2758 quae
1228 2708 1278 2744 ibi

225 2758 408 2797 adnotata
427 2757 522 2798 sunt.
575 2758 707 2796 Eum.

286 2819 301 2836 ³
329 2809 506 2858 Corma]
542 2814 678 2846 Corvus
708 2809 858 2846 volucris
879 2809 918 2847 in
949 2809 1049 2845 initio
1081 2809 1276 2854 candidus,

233 2860 357 2898 dehinc
378 2861 480 2908 niger.
506 2860 689 2896 Parmens.

286 2912 303 2938 b
332 2909 465 2960 Initia]
490 2916 532 2946 In
553 2910 653 2946 initio
675 2909 812 2946 Colon.
834 2918 874 2946 ut
894 2909 997 2957 saepe
1029 2909 1129 2947 solet.
1152 2910 1216 2959 qui
1237 2910 1277 2947 80

244 2973 394 3000 naturae
415 2961 564 2998 omittit.
587 2968 626 2997 ut
650 2961 688 2997 &
709 2960 852 3008 Micyll.
872 2960 933 2997 scd
955 2960 1095 2997 dictum
1118 2960 1165 2999 est
1187 2989 1198 3005 ,
1237 2967 1278 2997 ut

225 3013 392 3064 principio
414 3025 529 3048 rerum
550 3010 675 3059 Justin.
699 3023 725 3046 1.
753 3023 782 3047 1.
805 3012 843 3047 &
865 3011 950 3047 aliis.

284 3073 300 3091 0
327 3061 545 3110 Coronida]
574 3063 681 3099 Haec
702 3061 751 3097 ita
777 3089 786 3105 ,
814 3069 854 3098 ut
877 3061 1109 3109 expressimus
1133 3090 1143 3106 ,
1169 3061 1277 3111 liqui-

234 3115 279 3152 de
304 3115 342 3151 ὃς
364 3113 469 3163 plane
492 3120 593 3149 erant
614 3113 651 3149 in
674 3112 718 3147 C.
737 3119 882 3148 tantum
913 3112 1067 3148 verbum
1099 3112 1204 3149 nobis
1235 3124 1274 3149 a-

2272 967 2368 1024 fita

1320 1079 1388 1122 lit,
1414 1078 1518 1128 quod
1539 1077 1559 1116 ὲ
1581 1077 1737 1127 vulgatis
1767 1077 2007 1118 retinuimus:
2036 1081 2121 1130 quia
2143 1081 2256 1131 reipsa
2279 1085 2367 1124 cert-i

1322 1127 1477 1169 effemus
1498 1131 1534 1168 in
1566 1129 1777 1178 hujusmodi
1807 1129 2104 1169 adnotationibus
2133 1141 2302 1172 veterum
2325 1133 2369 1172 li-

1321 1180 1472 1219 brorum
1496 1181 1626 1218 multas
1658 1180 1797 1218 relictas
1820 1179 1891 1218 effe
1911 1180 2058 1220 lacunas
2079 1182 2098 1219 a
2120 1182 2267 1222 librariis
2280 1213 2291 1230 ,
2305 1186 2369 1234 qui

1320 1232 1470 1270 suorum
1503 1232 1817 1281 autographorum
1858 1233 2040 1282 margines
2070 1233 2274 1272 minusculo
2309 1247 2370 1273 ca-

1321 1283 1423 1321 lamo
1446 1291 1630 1326 exaratas,
1657 1284 1697 1321 &
1718 1282 1782 1321 usu
1802 1282 1937 1320 deinde
1967 1284 2212 1330 oblitteratas,
2240 1297 2283 1322 ac
2305 1297 2369 1325 ex-

1321 1335 1420 1372 tritas
1442 1334 1556 1372 oculis
1577 1332 1714 1384 assequi
1733 1334 1994 1384 nequivertmt.
2020 1343 2130 1385 atque
2152 1336 2249 1374 hanc
2270 1337 2372 1375 caus-

1322 1384 1398 1422 sam
1433 1392 1551 1433 puto,
1577 1396 1642 1422 cur
1671 1385 1710 1422 in
1742 1386 1792 1422 V.
1817 1384 1995 1434 irrepserit
2016 1386 2074 1423 illa
2106 1387 2297 1425 incondita
2328 1389 2369 1427 &

1323 1436 1407 1473 falsa
1428 1435 1619 1486 scriptura:
1647 1450 1748 1487 quem
1765 1445 1865 1487 pater
1885 1437 2015 1474 excidit
2047 1437 2087 1474 de
2109 1448 2203 1474 utero
2225 1440 2366 1479 matris.

1323 1499 1367 1527 eff
1388 1501 1467 1525 cum
1486 1502 1525 1525 ea
1553 1501 1626 1537 rogo
1647 1487 1722 1537 esset
1743 1486 1899 1538 impofita
1912 1503 1923 1532 ;
1952 1487 1980 1524 is
2003 1489 2053 1524 ad
2075 1487 2231 1526 Chirona
2256 1489 2281 1526 a
2296 1499 2365 1540 pa-

1322 1549 1374 1576 tre
1395 1539 1434 1575 in
1456 1538 1616 1584 Peliam,
1645 1551 1718 1578 effic.
1762 1539 1824 1576 De
1858 1549 1904 1576 00
1938 1547 2086 1584 autem,
2114 1540 2219 1589 quod
2242 1542 2368 1579 Coro-

1322 1591 1377 1628 nis
1397 1590 1490 1627 haec
1524 1588 1696 1628 Thessala
1720 1590 1889 1628 Coronei
1909 1587 1982 1626 filia
2003 1590 2174 1628 statuatur
2198 1620 2208 1635 ‚
2246 1592 2369 1630 nescio

1322 1653 1368 1680 an
1391 1641 1523 1679 librarii
1543 1640 1585 1679 fit
1607 1649 1767 1679 erratum
1792 1669 1803 1685 ‚
1841 1652 1888 1678 an
1909 1640 2070 1678 Luctatii
2092 1641 2221 1689 opinio
2242 1670 2253 1686 ‚
2281 1655 2367 1681 nam

1319 1692 1504 1741 Phlegyae
1534 1692 1647 1730 filiam
1670 1690 1742 1729 effe
1762 1692 1856 1729 testis
1879 1691 2022 1729 Servius
2042 1691 2089 1729 ad
2109 1692 2197 1729 illud
2218 1692 2372 1734 AEneid.

1319 1745 1355 1781 6.
1381 1743 1609 1795 Phlegyasque
1631 1743 1844 1793 miserrimus
1864 1756 1979 1780 omnes
2000 1755 2070 1783 (Vc.
2093 1743 2133 1780 ὃς
2155 1743 2309 1784 Hesiod.

1703 1807 1785 1854 ἅτ’
1804 1819 1918 1863 Ισχυς
1937 1816 2033 1862 γῆμε
2052 1818 2199 1861 Κορωνῖν

1375 1867 1569 1913 Eamne-isne,-
1589 1867 1758 1916 φλεγύαο
1776 1867 1967 1914 Σιογνῆτὸιο
1988 1868 2164 1914 amaa-px.

1322 1941 1547 1982 Raenerium
1580 1955 1672 1982 vero
1691 1943 1756 1981 suo
1780 1955 1887 1981 more
1910 1943 1931 1981 ὲ
1954 1943 2102 1982 Lexicis
2131 1944 2337 1994 vulgaribus
2360 1947 2374 1991 ζ

1324 2001 1468 2041 practer
1497 1995 1700 2044 Phlegyan]
1723 2024 1734 2040 ‚
1773 1995 1885 2032 etiam
1917 1994 2145 2044 Leufippum
2178 1996 2217 2033 ὃς
2246 1996 2374 2045 Ischya

1325 2043 1399 2081 huc
1430 2045 1642 2084 arceffiviffe
1657 2073 1668 2088 ,
1694 2058 1772 2083 uno
1795 2058 1861 2084 ore
1882 2045 2086 2095 loquuntur
2106 2053 2249 2084 veteres
2270 2047 2376 2093 libri,

1330 2095 1538 2134 &Bn-ckm.
1561 2109 1603 2134 ac
1626 2097 1791 2146 Hervag.
1811 2097 1991 2134 editiones
2013 2109 2092 2135 non
2114 2097 2372 2145 aspernandae.

1331 2145 1560 2186 Gisfitmus.
1586 2148 1797 2185 Coronidam
1816 2148 1977 2185 Veneta.
2001 2160 2072 2185 nec
2090 2147 2298 2196 spreverim.
2321 2149 2378 2186 vi-

1332 2196 1379 2234 de
1398 2199 1500 2247 supra
1519 2199 1579 2236 lib.
1601 2212 1633 2236 -1.
1653 2199 1725 2237 fab.
1751 2211 1807 2236 12.
1834 2198 1958 2236 Etiam
1980 2198 2073 2235 infra
2095 2198 2167 2236 fab.
2191 2211 2219 2236 1.
2241 2199 2300 2236 lib.
2321 2212 2379 2238 v11.

1334 2249 1489 2299 Afhpida
1504 2279 1514 2295 ‚
1542 2251 1677 2287 Deoida
1700 2278 1710 2294 ‚
1733 2249 1875 2299 aliaque
1896 2249 1935 2286 id
1964 2260 2080 2298 genus
2103 2278 2114 2296 ‚
2153 2250 2377 2289 nominandi

1334 2299 1415 2337 casu
1437 2301 1533 2339 dieta
1553 2301 1731 2339 invenies.
1757 2301 1982 2337 MUNCKER.

1385 2349 1403 2377 d
1430 2352 1572 2389 Coronei
1594 2349 1752 2400 filiam]
1794 2350 1934 2388 Falsum
1966 2351 2052 2388 hoc.
2091 2351 2251 2390 Coronis
2282 2352 2341 2391 illa
2365 2358 2380 2398 ,“

1337 2413 1432 2451 quae
1454 2403 1498 2440 ab
1519 2402 1694 2450 Apolline
1715 2401 1883 2439 adamata
1907 2402 1970 2447 est,
1991 2414 2070 2440 non
2101 2403 2290 2448 Coronei,
2316 2404 2376 2442 sed

1335 2453 1520 2503 Phlegyae
1540 2453 1612 2490 filia
1643 2461 1717 2490 erat
1732 2461 1794 2496 ‚ut
1811 2460 1954 2501 praeter
1974 2453 2062 2490 alios
2082 2454 2244 2491 referunt
2266 2453 2378 2493 etiam

1337 2504 1510 2552 Hyginus
1531 2504 1656 2553 Myth.
1679 2515 1756 2553 cap.
1777 2516 1861 2542 202.
1895 2505 1934 2542 &
1966 2503 2180 2541 Antoninus
2202 2504 2379 2544 Liberalis

1333 2567 1414 2603 cap.
1439 2567 1496 2593 20.
1535 2556 1718 2592 Coroneo
1740 2563 1824 2592 nata
1853 2555 1922 2592 fuit
1950 2554 2059 2591 altera
2088 2555 2146 2591 illa
2170 2583 2181 2599 ,
2209 2567 2304 2604 quae
2334 2557 2374 2595 in

1336 2606 1527 2643 cornicem
1562 2606 1669 2643 ceffit.
1708 2606 1930 2643 Muucxffl.
1970 2605 2175 2641 Coronidem
2206 2605 2376 2655 Phlegyae

1327 2657 1462 2704 filiam,
1474 2668 1538 2693 ant
1553 2658 1609 2703 (ut
1629 2657 1694 2692 alii
1714 2655 1855 2701 volant)
1871 2655 2039 2704 Leucippi,
2050 2656 2226 2692 indicavit
2236 2658 2375 2706 Apolli-

1336 2709 1374 2744 ni
1394 2720 1473 2742 cam
1493 2707 1593 2742 Elati
1605 2705 1705 2752 filio,
1734 2707 1788 2742 cui
1818 2720 1940 2743 nomen
1964 2706 2077 2755 Ifthgys
2108 2718 2184 2743 erat
2206 2736 2216 2752 ,
2255 2721 2375 2746 concn-

1332 2756 1432 2805 busffi
1446 2785 1456 2800 ,
1477 2756 1668 2806 flagrantis
1689 2757 1723 2792 d.
1738 2757 1773 2804 s
1793 2770 1819 2792 c.
1842 2756 1886 2803 est
1900 2785 1910 2801 ‚
1935 2757 1996 2806 qui
2009 2757 2079 2806 post
2089 2758 2184 2804 sarii
2199 2759 2374 2808 poenitens

1334 2821 1478 2845 corvum
1508 2808 1655 2845 indicem
1676 2821 1717 2844 ex
1739 2807 1885 2844 candido
1909 2808 2047 2856 nigrum
2070 2808 2169 2855 fecit.
2220 2814 2276 2846 Ex
2308 2809 2374 2848 hac

1334 2872 1406 2908 ergo
1428 2869 1471 2897 φ’
1493 2858 1653 2908 Apolline
1675 2868 1780 2894 natas
1801 2857 1844 2904 est
1875 2858 2051 2908 Asclepius
2072 2887 2081 2902 ,
2109 2860 2170 2910 qui
2189 2871 2233 2899 φ’
2252 2862 2375 2909 AEscu-

1334 2909 1444 2959 lupius
1475 2921 1545 2949 &⁴6-
1584 2910 1741 2947 Raener.
1775 2908 1895 2956 filiam
1922 2910 2003 2958 pari
2043 2909 2108 2958 lege
2150 2910 2373 2949 indicaverat

1322 2963 1382 2998 Ἀ.
1405 2972 1431 2997 1.
1445 2974 1477 2996 a.
1500 2960 1664 2997 moranti.
1687 2961 1781 3009 niger
1801 2974 1842 2996 ex
1861 2961 2007 2997 candido
2016 2962 2139 3007 fassas
2157 2961 2210 3007 cst.
2234 2961 2374 3001 Colon.

1328 3012 1510 3049 ⁴Ceterum
1544 3010 1698 3049 Hesiodi
1731 3011 1842 3049 verba
1874 3023 1894 3049 a
1926 3011 2089 3049 Giselino
2135 3011 2291 3050 adducs'ca
2328 3025 2374 3052 ex

1332 3062 1527 3100 Scholiaste
1546 3063 1690 3100 Pindari
1706 3091 1715 3106 ‚
1728 3063 1822 3100 inter
1844 3063 1920 3111 ejus
1941 3063 2146 3110 fragmenta
2168 3063 2278 3100 etiam
2293 3064 2370 3101 col-

1327 3112 1465 3151 locavit
1499 3113 1683 3156 Clericus;
1714 3125 1759 3150 an
1782 3125 1872 3151 vero
1904 3113 2121 3150 intellexerit
2145 3142 2154 3157 ,
2191 3114 2306 3151 versio
2333 3126 2371 3151 e·-

233 3166 373 3212 lioquin
396 3163 598 3212 suspectum
624 3191 635 3208 ‚
663 3163 817 3207 morari,
846 3161 947 3210 quod
969 3162 1006 3199 in
1031 3163 1073 3199 C.
1095 3162 1273 3200 defidera-
1320 3163 1381 3212 jus
1404 3164 1588 3201 indicabit.
1615 3165 1663 3201 ita
1677 3164 1776 3201 enim
1788 3163 1959 3207 reddidit,
1983 3162 2089 3211 Iclayn
2113 3164 2242 3212 duxisse
2264 3171 2368 3202 Coro-

233 3213 335 3249 batur

229 3275 310 3303 non
333 3243 449 3303 rriulto
471 3266 572 3303 aliter
591 3264 718 3309 scribit.
746 3262 852 3302 Idem
875 3264 999 3302 evcnit
1020 3263 1134 3302 verbo
1156 3264 1272 3313 abstuf

404 3215 618 3252 inseruimus
650 3225 694 3250 ex
726 3213 776 3249 U.
810 3214 874 3261 qui
903 3212 992 3250 liber
1035 3212 1127 3250 haec
1158 3214 1269 3251 etiam
1327 3215 1404 3250 dem
1429 3215 1615 3259 umidam,
1644 3214 1797 3264 Phegyae
1819 3214 1980 3263 Diogneti
1999 3213 2121 3254 filiam.
2153 3215 2365 3263 Diognetum

1326 3274 1424 3304 certe
1446 3266 1513 3304 viri
1542 3266 1732 3315 proprium
1754 3277 1897 3304 nomen
1917 3263 1987 3302 01Γο
2009 3265 2171 3305 credidit..
2198 3265 2368 3352 lchynh&

2279 3323 2308 3354 P
2332 3329 2367 3355 e·
