2483 3616
426 154 1664 215 METAMORPHOSEON
1736 156 2061 218 L1n.XV.

2188 163 2320 214 1061

176 274 486 323 animadvertit
508 273 526 301 ‘¹
548 287 701 321 cornua
723 273 810 336 fibi
833 279 850 300 ⁶
873 276 1123 335 temporibus
1143 287 1284 323 enata.
1319 292 1396 338 quo
1422 277 1613 339 prodigio
1645 270 1661 299 f
1678 276 1934 336 exterritus,
1969 275 2205 337 haruspices
2227 294 2320 325 cum

175 339 463 403 consuluiſjet,
496 336 729 400 responfitm
752 339 835 399 esi,
872 344 889 372 ὅ
913 357 1033 400 eum,
1056 345 1100 402 fi
1119 345 1166 387 in
1187 344 1330 388 urbem
1342 345 1555 400 intraret,
1590 350 1863 401 regnaturum
1890 356 1905 384 .·
1940 339 2316 400 '‘quodille‘aver-

161 404 319 466 stitus,
346 406 543 465 partibus
564 408 800 450 convocatis
822 405 1062 464 indicavit,
1097 422 1146 452 ac
1171 422 1262 452 cum
1280 406 1524 467 perstitiffet
1547 420 1773 466 numquam
1783 404 1833 467 fi>
1857 414 2081 464 tyrannum
2094 406 2317 466 futurum,

174 471 382 517 decretum
414 470 469 531 est
500 471 538 513 ei
560 468 849 531 universorum
872 473 1032 532 confilio
1055 480 1226 517 tantum
1249 474 1372 533 agri,
1407 480 1612 532 quantum
1636 486 1715 516 uno
1737 472 1802 516 die
1826 479 1975 516 aratro
1991 471 2119 529 poſjet
2141 474 2318 518 circum·

173 536 277 582 dare
300 551 315 581 .·
348 533 366 560 ¹<
389 545 621 594 portaque,
658 550 742 595 qua
762 538 1005 581 intraturus
1018 535 1198 596 sufflet,
1236 532 1243 560 ¹
1268 539 1312 582 in
1322 538 1439 598 stgni
1455 537 1649 596 gratiam
1663 533 1865 594 saelum,
1902 545 1948 580 ut
1971 538 2107 582 aeneis
2130 537 2317 584 cardini-

174 600 248 647 bus
270 608 516 660 aptaretur,
548 601 594 646 in
615 615 698 662 qua
720 601 780 646 ad
801 604 1046 647 memoriam
1060 601 1320 663 posterorum
1345 609 1562 648 cornutum
1585 608 1710 659 caput
1731 600 1817 660 ejus
1841 601 2159 663 exsculperetur.

321 813 422 881 565
462 808 666 948 ΑΗΕ
691 810 778 865 sua
805 808 1059 864 fluminea
1087 825 1213 864 cum
1237 807 1374 863 vidit
1402 807 1569 880 Cipus
1595 807 1651 864 in
1678 808 1840 863 unda.

461 949 464 952 .
601 884 848 945 Cornua,
889 881 1048 952 (vidit
1076 882 1244 948 enim)
1270 880 1554 954 falsamque
1580 881 1635 936 in
1657 881 1891 954 imagine
1915 881 2142 938 credens

462 957 584 1011 Effe
607 956 800 1019 fidem,
839 953 1020 1026 digitis
1045 954 1111 1009 ad
1137 954 1376 1009 frontem
1400 954 1552 1027 saepe
1578 955 1781 1019 relatiS,

465 1030 621 1101 Quae
647 1029 813 1091 vidit,
851 1027 1046 1099 tetigit.
1088 1044 1187 1082 nec
1210 1027 1317 1098 jam
1343 1027 1429 1081 sua
1453 1028 1651 1082 lumina
1676 1028 1929 1084 damnans

474 1100 693 1157 Restitit
708 1141 722 1164 ‚
765 1113 825 1156 ut
848 1097 1020 1155 vietor
1043 1100 1256 1155 domito
1279 1100 1548 1155 remeabat
1575 1100 1637 1155 ab
1662 1100 1828 1156 hoste.

321 1190 429 1247 570
462 1175 554 1230 Ad
579 1176 900 1248 coelumque
925 1175 1138 1237 oeulOS‚
1178 1173 1234 1227 &
1259 1173 1456 1227 eodem
1482 1173 1697 1229 brachia
1720 1175 1938 1239 tollenS‚

462 1247 776 1320 Quidquid,
815 1248 913 1311 ait,
951 1247 1170 1319 Superi,
1208 1246 1446 1301 monstro
1471 1245 1816 1319 portenditur
1845 1247 1975 1311 isto,

464 1322 572 1375 Seu
597 1322 795 1375 laetum
821 1320 921 1384 est,
959 1320 1167 1374 Patriae
1192 1321 1418 1384 laetum,
1457 1320 1768 1392 populoque
1794 1320 2047 1392 Quirini;

469 1392 593 1448 Sive
618 1394 796 1448 minax
814 1433 827 1457 ‚
864 1393 996 1448 mihi
1025 1393 1101 1447 fit.
1139 1393 1406 1465 viridique
1433 1393 1462 1447 e
1488 1392 1686 1466 cespite
1710 1392 1866 1447 fatias

467 1466 646 1521 Placat
674 1467 910 1522 odoratis
934 1466 1180 1523 herbosas
1204 1466 1414 1540 ignibus
1436 1483 1575 1521 aras:

175 1681 282 1730 prim.
314 1680 352 1719 ὅτ
383 1687 466 1719 tert.
494 1680 638 1720 Moret.
668 1680 811 1719 Zulich.
834 1680 873 1720 δί
893 1691 988 1719 unus
1007 1679 1157 1718 Bonon.
1178 1686 1220 1719 ut

148 1767 150 1769 .
176 1732 274 1780 apud
294 1732 489 1780 Virgilium
505 1760 515 1777 ,
538 1745 654 1781 11.45.

228 1783 264 1819 si
282 1784 412 1830 patrios
431 1796 590 1834 unquam
612 1778 805 1833 remeaffem
823 1781 935 1820 vibior
953 1782 1002 1819 ad
1021 1786 1145 1831 Argos.

177 1832 240 1878 &,
270 1846 322 1870 xx.
349 1845 432 1883 393.

350 1886 508 1934 patriam
526 1885 680 1923 remeabo
699 1884 864 1935 inglorius
882 1884 1014 1924 urbem.

178 1931 265 1977 Val.
284 1934 432 1972 Flaccus
454 1935 514 1972 lib.
539 1949 591 1973 1v.
620 1937 706 1984 589.

232 1984 400 2020 Proxima
421 1999 523 2034 regna
544 1987 647 2035 Lyci,
678 1996 808 2024 remeat
828 1987 889 2035 qui
909 1987 1021 2025 vietor
1039 1986 1083 2024 ab
1103 1985 1169 2025 oris

232 2032 407 2070 Bebriciis

179 2083 355 2122 Lucanus
374 2084 433 2122 lib.
458 2098 503 2123 11.
527 2097 608 2134 553.

179 2139 277 2225 1ᾟΕι»
296 2136 460 2184 Scythicis
481 2137 592 2174 vietor
611 2138 780 2187 remeasset
800 2140 939 2188 Craffus
959 2138 1003 2176 ab
1024 2139 1104 2177 oris.

194 2198 204 2223 1
234 2212 242 2221 .
267 2197 330 2223 111.
355 2198 372 2232 7
406 2216 414 2224 .

229 2238 330 2274 Testa
348 2198 432 2286 pe3tit
449 2237 595 2288 patriae.
606 2237 690 2287 proh
703 2243 718 2275 !
733 2238 767 2288 fi
782 2238 952 2289 remeasset
974 2239 1010 2275 in
1032 2237 1150 2277 urbem
1164 2266 1176 2285 ,

229 2287 411 2324 Gallorum
430 2298 575 2326 tantum
589 2289 718 2338 populis
743 2293 917 2341 Arctoque
926 2289 1089 2340 sabasta.

180 2337 285 2377 Silius
306 2339 367 2378 lib.
388 2352 453 2378 111.
470 2351 516 2389 43
524 2351 559 2389 3.

538 2391 662 2428 laceros
683 2391 886 2440 Tirynthius
904 2401 1003 2430 artus

233 2446 331 2478 Dum
348 2450 476 2478 remeat
493 2442 605 2479 υἱέῖον
619 2470 628 2486 ,
657 2441 820 2490 lacrymis
836 2444 1002 2491 perfudit.

183 2491 233 2531 fic
248 2494 287 2530 δε
309 2493 366 2530 alii
389 2493 528 2541 paffim.
556 2493 715 2531 latrones
737 2493 786 2531 illi
810 2494 905 2542 apud
920 2493 1121 2542 Apulejum
1135 2494 1230 2532 Met.

181 2555 237 2580 lv.
273 2549 414 2580 Praeter
442 2553 585 2580 tantam
599 2545 773 2589 fitrtunae
802 2544 951 2592 copiam,
989 2558 1096 2593 quam
1117 2545 1231 2592 nostra

182 2594 317 2631 virtute
338 2593 433 2630 nafft'i
454 2595 599 2641 sumus,
628 2606 670 2633 (φ
691 2594 856 2631 incolumi
878 2609 1019 2632 numero
1039 2595 1147 2641 castra
1170 2609 1230 2632 no-

178 2645 252 2692 stra
278 2645 504 2694 repetivimus
531 2645 660 2693 (vulgo
687 2646 889 2694 petivimus&
917 2645 1008 2695 (9⁴st
1025 2646 1111 2694 quid
1128 2646 1165 2683 id
1183 2647 1231 2682 ad

185 2708 278 2739 rem,
304 2697 374 2733 ouo
399 2695 540 2743 pedibus
558 2696 724 2732 auffiiores
739 2697 984 2732 remeavimffl.
1015 2697 1126 2744 vulgo
1142 2725 1151 2741 ‚
1188 2709 1232 2736 <J

179 2743 213 2793 si
230 2746 315 2795 quid
335 2746 382 2782 ad
399 2759 469 2783 rem
490 2747 595 2792 facit.
626 2747 668 2783 ‘to
681 2746 776 2792 facit
794 2746 889 2783 abest
911 2747 1006 2784 recste
1027 2760 1046 2784 a
1070 2749 1231 2785 nonnul—

185 2796 227 2834 lis
251 2795 493 2837 membranis,
528 2796 571 2833 τὸ
596 2796 633 2832 id
653 2808 839 2845 perperam
862 2798 1057 2835 exciderat.
1088 2798 1232 2835 Hssms.

186 2845 306 2883 Rette
344 2844 526 2882 Heinfius.
562 2849 708 2895 proprie
745 2848 843 2885 enim
883 2848 928 2885 de
968 2848 1164 2885 vietoribus
1195 2850 1232 2886 Sc

188 2896 420 2945 triumphum
456 2896 652 2949 agentibus.
680 2898 741 2936 sed
774 2910 837 2935 cur
860 2910 947 2947 ergo
967 2899 1027 2936 lib.
1049 2911 1108 2936 ιη.
1139 2899 1229 2937 Fast.

190 2950 274 2995 466.
302 2947 422 2984 noluit
441 2945 632 2982 admittere
651 2948 737 2983 redit
751 2976 762 2992 ,
788 2950 824 2986 in
851 2950 917 2987 illis
938 2949 983 2988 de
1005 2950 1162 2988 Baccho.

238 3003 286 3035 Et
306 3002 370 3034 Eoo
393 2997 491 3033 dives
508 2993 551 3029 ab
572 2994 647 3031 orbe
664 2997 762 3031 redit.
790 3000 869 3037 Bon
879 3014 919 3039 M.

244 3061 328 3096 570.
357 3052 402 3084 Et
430 3047 698 3101 eodem-cornua
728 3045 885 3096 tollens.]
927 3051 1076 3089 Brachia
1102 3053 1232 3092 Οχοῃ,

189 3100 297 3139 Polit.
319 3100 356 3137 &
376 3099 434 3136 sex
458 3104 519 3134 aut
542 3099 678 3143 leptem
701 3096 770 3133 alii.
790 3095 910 3140 reete,
937 3111 1091 3148 utputo.
1106 3117 1233 3139 mmm

189 3151 250 3189 hie
272 3151 484 3199 importune
506 3145 548 3184 ab
570 3156 699 3195 arguto
720 3147 844 3196 aliquo
865 3155 1232 3196 nugatoreinculcam

192 3202 285 3240 sunt.
305 3203 328 3238 1,
347 3213 399 3237 xx.
424 3211 505 3248 132.

245 3252 309 3288 Ad
329 3251 527 3300 caelumque
547 3261 671 3287 manas
690 3258 733 3288 ω’
745 3248 929 3300 splendida
948 3247 1090 3288 brachia
1102 3253 1235 3294 tollens.

190 3304 240 3343 ita
252 3302 376 3351 paffim
399 3302 543 3341 Noster.
571 3301 717 3340 Heras.
1120 3302 1124 3304 “

2026 1556 2125 1609 575
2164 1540 2334 1598 Vina-

1330 1683 1416 1729 572.
1452 1685 1516 1719 Seu
1561 1680 1695 1718 laetum
1728 1679 1773 1725 est
1811 1678 1951 1731 aliquid
1984 1679 2121 1728 patriae
2151 1678 2339 1728 populoque

1279 1730 1468 1782 Quirini]
1522 1732 1635 1770 Liber
1666 1743 1769 1768 meus
1798 1732 1836 1768 ὅ(
1866 1730 2018 1768 Caelest.
2046 1737 2108 1767 Seu
2137 1730 2269 1766 laetum
2292 1730 2336 1776 est

1274 1783 1434 1832 patriae,
1463 1783 1595 1820 laetum
1610 1782 1776 1832 populove
1797 1781 1957 1830 Qirini.
1986 1781 2136 1819 Refflus
2159 1781 2333 1818 omnino:

1278 1845 1322 1872 ac
1342 1847 1427 1873 vera
1450 1835 1488 1873 &
1515 1845 1689 1883 germana
1723 1834 1814 1870 mihi
1847 1832 1993 1870 videtur
2010 1831 2147 1876 leffio,
2178 1830 2335 1879 Capram.

1271 1885 1332 1934 jeu
1363 1885 1387 1923 l.
1408 1885 1451 1933 est
1467 1895 1499 1935 p.
1519 1887 1543 1923 l.
1556 1884 1741 1935 populoque
1763 1897 1802 1928 Q
1828 1883 1998 1921 CroFAN.
2026 1881 2154 1931 Scripti
2172 1883 2337 1921 maxima

1287 1945 1554 2027 GXSEZttlggtum
1565 1985 1609 2033 est
1623 2013 1633 2030 ,
1654 1984 1793 2034 patriae
1805 1983 1936 2021 laetum
1950 2011 1960 2028 ,
1984 1983 2166 2034 populoque
2176 1982 2336 2030 Quirini.

1286 2049 1334 2075 ne
1367 2037 1515 2080 dubita,
1544 2037 1635 2086 quin
1668 2047 1764 2075 vere.
1798 2034 1915 2082 populo
1944 2033 2082 2083 Qiriti
2112 2035 2222 2071 etiam
2242 2044 2336 2071 unus

1288 2099 1333 2125 ex
1353 2089 1456 2125 meis.
1485 2089 1631 2124 Hamus.
1658 2084 1926 2122 Celeberrimus
1952 2084 2103 2133 Bentlej.
2133 2084 2178 2121 ad
2203 2084 2336 2121 Horat.

1210 2174 1212 2177 ,
1288 2151 1351 2175 111.
1375 2138 1450 2174 Od.
1473 2138 1506 2174 6.
1535 2148 1601 2185 pro
1615 2135 1767 2184 patriae,
1784 2135 2149 2184 patribuslegendum
2165 2132 2234 2172 esse
2245 2146 2336 2172 con-

1285 2187 1416 2225 tendit.
1445 2196 1486 2225 ut
1513 2189 1551 2224 &
1577 2194 1705 2224 contra
1731 2198 1863 2224 omnes
1888 2186 2033 2224 codices
2057 2186 2258 2223 Horatium
2283 2185 2334 2222 ibi

1286 2238 1473 2276 emendat.
1491 2249 1559 2276 nos
1579 2236 1730 2287 quidem
1746 2237 1985 2275 concedimus
1997 2236 2103 2274 facile
2119 2265 2128 2281 ,
2154 2245 2266 2286 patres
2278 2244 2337 2284 poe

1280 2290 1471 2340 palamque
1510 2289 1614 2336 saepe
1636 2315 1647 2333 ,
1687 2289 1798 2326 etiam
1819 2288 1857 2325 in
1884 2288 2118 2326 sollemnibus
2146 2287 2338 2330 formulis,

1287 2340 1530 2387 conjumstos:
1554 2339 1614 2378 secl
1634 2340 1714 2389 quis
1734 2339 1846 2377 nescit
1866 2340 1974 2377 toties
1995 2337 2143 2376 variasse
2166 2336 2336 2375 veteres?

1289 2400 1386 2429 certe
1416 2403 1494 2429 non
1526 2392 1646 2429 minus
1673 2389 1817 2428 videtur
1848 2402 1893 2427 ex
1923 2390 2072 2438 antiqua
2094 2389 2254 2426 formula
2272 2397 2340 2438 pa-

1288 2444 1377 2479 triae
1399 2442 1583 2494 populoque
1601 2441 1766 2485 did³mm3
1796 2453 1890 2491 quae
1917 2442 1955 2478 &
1981 2441 2139 2478 occurrit
2157 2440 2195 2477 in
2215 2440 2338 2477 Accio

1286 2494 1324 2531 in
1348 2493 1513 2531 Aenead.
1536 2505 1619 2542 pag.
1640 2505 1700 2541 90.
1724 2493 1810 2530 edit.
1831 2491 2022 2530 Scriverii:

1340 2549 1385 2581 Te
1396 2545 1542 2592 fauste,
1570 2556 1741 2580 venerans
1753 2542 1906 2593 precibus
1920 2571 1930 2588 ,
1957 2542 2090 2579 invibie
2103 2570 2113 2586 ,
2140 2541 2262 2578 invoco
2275 2568 2287 2587 ,

1339 2601 1505 2632 Portenta
1524 2605 1563 2632 ut
1580 2594 1722 2644 populo,
1745 2594 1883 2643 patriae
1902 2603 2111 2631 verruncent
2131 2592 2221 2630 bene.

1288 2645 1348 2684 ubi
1373 2657 1416 2685 &³
1438 2646 1633 2684 omittitur.
1656 2647 1775 2694 patria
1799 2656 1890 2682 vero
1909 2652 2014 2683 notat
2033 2643 2152 2680 urbem
2172 2644 2341 2681 venem-¹

1288 2696 1488 2746 publicam,
1514 2705 1553 2734 ut
1572 2696 1677 2745 saepe
1690 2697 1727 2733 in
1749 2696 1932 2739 formulis,
1957 2694 2340 2745 quodfelixfaustam-

1288 2760 1352 2796 que
1373 2747 1497 2795 reip‘ab.
1514 2746 1708 2796 populoque.
1736 2746 1821 2784 vide
1842 2745 1994 2784 Briffon.
2014 2744 2060 2783 de
2084 2746 2207 2782 Form.
2227 2744 2287 2780 lib.
2309 2755 2338 2780 1.

1288 2809 1368 2846 pag.
1391 2798 1450 2843 67.
1478 2797 1526 2835 fic
1551 2800 1589 2835 ¹&
1614 2798 1750 2835 Liv.v.
1771 2809 1830 2844 41.
1859 2803 1947 2834 Sunt
1973 2796 2033 2846 qui
2052 2801 2102 2831 M.
2124 2792 2224 2828 Fabio
2246 2799 2337 2828 Pon-

1289 2848 1377 2894 tifice
1396 2848 1553 2885 maximo
1568 2850 1751 2897 praefante
1772 2860 1934 2889 carmen,
1972 2842 2141 2891 devovisse
2161 2856 2211 2878 eos
2224 2842 2262 2890 ſse
2277 2851 2337 2891 pro

1284 2899 1404 2949 patria
1418 2927 1428 2943 ,
1458 2899 1725 2948 {Quiritibusque
1747 2896 1909 2934 Romanis
1929 2893 2090 2929 tradunt.
2119 2892 2250 2929 Euam.

1342 2961 1423 2999 574·
1453 2950 1577 2986 Placat
1596 2948 1716 2994 arae]
1746 2946 1881 2981 Durius
1899 2943 2037 2980 dietum
2061 2942 2177 2980 videri
2198 2942 2336 2990 poffer,

1289 3012 1356 3050 pro
1379 3001 1483 3038 Deos
1514 3001 1629 3045 placat
1658 2994 1759 3032 sacris
1791 2995 1827 3031 in
1857 3006 1916 3031 ara
1943 2994 2055 3031 fabiis.
2081 2994 2129 3031 ita
2148 3002 2274 3030 tamen
2296 2995 2336 3031 δε

1290 3061 1449 3088 exaratas
1466 3060 1549 3084 aras
1580 3045 1669 3083 dixit
1691 3044 1751 3082 lib.
1775 3056 1849 3082 v11.
1871 3057 1953 3095 591.
1973 3046 2010 3082 &
2032 3044 2159 3081 SeneC.
2180 3043 2336 3094 Thyest.

1293 3101 1401 3148 1058.

1767 3146 1866 3184 caede
1882 3146 2008 3184 votiva
2019 3147 2113 3192 focos

1344 3197 1510 3236 Placavi.
2112 3218 2114 3221 v

1291 3250 1329 3287 ὃ(
1346 3250 1537 3287 Claudian.
1559 3262 1588 3287 1.
1610 3250 1648 3287 in
1668 3249 1771 3288 Eutr.
1792 3261 1851 3286 20.
1879 3250 1958 3296 {Quo
1978 3247 2073 3284 diras
2086 3246 2204 3296 jugulo
2219 3247 2339 3296 placas

1292 3300 1404 3351 bimus
1452 3313 1534 3337 aras
1555 3309 1570 3337 ,²
1607 3300 1727 3339 immo
1772 3300 1845 3350 ipse
1882 3299 2016 3338 Cicero
2055 3298 2241 3339 similiter,
2270 3310 2339 3345 pro

1476 3350 1622 3390 Ssssss
1654 3361 1672 3400 3
2206 3348 2345 3393 Fonte-2
