2483 3616
245 179 347 243 916

708 173 767 231 P.
839 165 1246 229 OVIDII
1325 167 1856 227 Nasonis

540 287 651 344 Ibat
676 308 686 344 :
727 290 781 344 ἃ
810 286 977 342 elusos
997 284 1256 355 juvenum
1278 282 1520 337 narrabat
1541 300 1766 343 amores,

541 361 750 434 Quam,
786 360 916 413 dum
942 354 1234 430 pesiendos
1258 352 1478 426 praebet
1505 354 1727 412 Galatea
1750 356 1996 430 capi1103,

542 435 765 489 Talibus
788 430 1126 502 adloquitur,
1163 439 1412 500 repetens
1436 426 1672 498 suspiria,
1710 429 1892 484 dietis:

394 524 499 578 740
533 506 625 562 Te
652 520 857 569 tamen,
895 504 930 557 ὀ
954 501 1138 574 virgo,
1176 516 1343 573 genus
1371 497 1516 553 haud
1541 498 1751 554 immite
1775 502 2015 558 virorum

541 578 765 652 Expetit
791 595 803 632 :
842 589 1014 649 utque
1036 575 1192 637 faciS,
1230 584 1384 645 potes
1412 571 1492 626 his
1517 570 1740 644 impune
1761 588 1972 642 negare.

540 653 619 707 At
644 650 810 713 mihi,
844 649 932 705 cui
957 660 1107 722 pater
1131 645 1206 703 est
1226 646 1463 708 Nereus,
1501 661 1663 718 quam
1686 646 1897 700 caerula
1919 643 2080 702 Doris

542 724 716 781 Enixa
740 723 845 786 est3
886 739 1023 796 quae
1047 720 1161 775 sum
1185 717 1342 774 turba
1367 734 1587 791 quoque
1611 730 1726 773 tuta
1748 717 2023 782 sororum,

543 797 675 854 Non
699 795 794 853 nifi
815 813 911 869 per
934 792 1127 849 flu6³cus
1149 792 1299 848 licuit
1325 790 1580 864 Cyclopis
1604 807 1847 846 amorem

399 890 497 944 745
536 867 835 942 Effugere:
878 867 934 922 &
959 867 1206 922 lacrimae
1231 881 1426 920 vocem
1447 863 1744 935 impediere
1771 863 2054 938 loquentis,

327 935 332 940 ⁴
542 944 690 1015 Quas
713 942 805 998 ubi
830 956 1137 996 marmoreo
1164 936 1381 994 detersit
1408 937 1602 1010 pollice
1625 937 1813 1009 virgo;

543 1015 617 1072 Et
642 1016 800 1070 solata
825 1013 1001 1069 Deam
1027 1011 1132 1075 est;
1174 1011 1374 1075 Refer,
1411 1011 1446 1064 ὀ
1473 1008 1759 1074 carissima,
1794 1008 1959 1067 dixit:

543 1090 699 1144 Neve
723 1089 803 1144 tui
827 1085 1053 1143 caussam
1078 1097 1203 1158 tege
1233 1085 1370 1156 (sum
1397 1082 1494 1138 tibi
1518 1083 1647 1150 fida)
1673 1083 1892 1140 doloris,

540 1162 736 1218 Nere'i's
760 1162 840 1217 his
863 1171 1052 1215 contra
1076 1161 1316 1214 resecuta
1338 1155 1625 1211 Crataeide
1653 1169 1859 1219 natam:

397 1253 499 1306 750
537 1235 668 1291 Acis
693 1247 835 1300 erat,
872 1233 1057 1288 Fauno
1082 1231 1443 1307 Nymphaque
1468 1229 1817 1302 Symaethide
1839 1241 2047 1295 cretus,

300 1459 383 1499 734.
411 1446 546 1498 Pina]
577 1452 676 1485 Vana
699 1445 874 1485 Gronov.
885 1444 986 1496 falfi:
1005 1454 1099 1485 unus
1117 1441 1309 1483 Basilalio‘

249 1514 379 1551 quoque
399 1500 538 1538 Medic.
554 1500 593 1537 &
611 1505 772 1548 quatuor
792 1497 864 1536 alii.

302 1562 386 1601 737.
412 1549 571 1600 Elusos.]
603 1549 721 1598 Illufhs
746 1547 845 1587 Cod.
861 1547 1048 1586 Menardi.

302 1614 320 1649 7
334 1602 389 1645 38.
415 1601 509 1646 Cui,
528 1600 614 1638 dum
627 1599 805 1650 pectendos
814 1597 956 1649 praebet
975 1598 1128 1636 Galatea
1140 1595 1298 1648 capillos,

252 1652 393 1691 Talibus
411 1652 618 1701 alloquitur,
638 1652 784 1698 referens
797 1649 963 1699 suspiria,
974 1648 1113 1698 diesin]
1144 1649 1187 1687 In
1199 1657 1301 1687 utro-

249 1716 323 1752 que
352 1716 441 1742 meo
469 1704 507 1741 ὃ(
528 1703 649 1741 Vatic.
676 1704 824 1749 Quam,
851 1700 938 1737 dum
962 1699 1139 1750 pectendos
1164 1698 1301 1749 praebes

253 1755 404 1792 Galatea
425 1752 582 1803 capillos,
605 1752 746 1790 Talibus
757 1750 961 1802 alloquitur.
971 1750 1298 1801 sequor.C101-·AN.

249 1805 420 1854 Plerique
450 1804 685 1848 vetustiores,
722 1810 881 1851 excepto
903 1801 1119 1840 Florentino
1143 1801 1177 1839 S.
1197 1803 1297 1839 Mar-

252 1857 309 1900 ci,
339 1857 461 1904 Qam
481 1855 579 1891 dum.
604 1855 643 1892 ὃς
662 1865 755 1891 mox
769 1880 780 1897 ,
806 1861 952 1902 repetens
958 1852 1127 1902 suspiria.
1155 1863 1234 1890 non
1246 1865 1299 1890 re-

241 1908 374 1955 ferens.
392 1905 587 1956 spectandos
600 1905 743 1942 Barber.
755 1915 849 1941 unus
859 1903 961 1941 ssafii.
972 1905 1010 1940 &
1025 1903 1168 1952 Fragm.
1181 1903 1300 1942 Boxh.

250 1959 291 1995 δε
310 1968 424 2006 marg.
445 1956 588 2006 Gryph.
608 1956 704 1994 forte
727 1954 914 2004 pexandos.
932 1953 1008 1993 vid.
1020 1954 1066 1993 ad
1076 1954 1137 1993 lib.
1150 1966 1301 2006 1v.453.

251 2009 400 2046 Hiems.

301 2058 386 2107 738.
415 2056 559 2096 Praebet
581 2055 731 2094 Galatea
754 2053 930 2106 capillos]
959 2055 1088 2094 Mollis
1110 2056 1301 2105 nymphae

249 2109 367 2147 vitam
392 2108 570 2157 expressit.
592 2106 734 2158 praebet
755 2114 906 2153 autem,
934 2107 976 2145 iis
986 2106 1178 2157 intelligo,
1205 2119 1301 2158 quae

251 2162 286 2198 ei
308 2160 587 2198 famulabantur.
615 2158 825 2196 GLAREAN.
916 2191 919 2200 ,

302 2221 320 2257 7
328 2223 384 2255 41.
411 2216 510 2247 Potes
529 2209 582 2246 his
601 2208 740 2259 impzme
762 2205 922 2257 nogara]
949 2207 1080 2256 Negari
1091 2209 1127 2246 in
1138 2208 1301 2247 nonnul-

247 2261 302 2300 lis.
330 2262 476 2300 Herus.
505 2259 608 2298 Nihil
638 2268 753 2298 muta.
787 2258 921 2296 Noster
950 2260 1052 2296 enim
1081 2259 1156 2297 hoe
1186 2260 1301 2298 verbo

247 2312 353 2361 saepe
373 2311 536 2351 absolute
555 2311 668 2350 utitur
680 2339 691 2356 ,
719 2321 786 2360 pro
799 2321 921 2359 negare
938 2311 1070 2348 noctem
1083 2337 1095 2357 ,
1124 2310 1304 2350 concubi-

250 2371 346 2402 tum.
381 2377 412 2403 1.
433 2364 514 2401 Art.
533 2373 616 2412 345.

302 2427 403 2474 Quo
420 2425 509 2462 dant
522 2452 532 2470 ,
560 2437 715 2475 quaeque
736 2433 877 2473 negant.

251 2483 291 2521 &
311 2485 418 2531 alibi,
446 2488 484 2524 &
502 2487 577 2524 hoc
596 2486 747 2536 requirit
768 2486 812 2523 τὸ
821 2485 929 2532 facis.
949 2494 1042 2534 potes
1062 2498 1107 2524 en
1128 2486 1302 2525 Sixi.mo-

251 2535 327 2571 rari
350 2547 455 2575 unus,
474 2537 535 2575 sed
556 2546 645 2576 tunc
666 2538 725 2574 hos
746 2536 946 2586 legendum
967 2536 1067 2576 effet.
1094 2537 1224 2576 Bunm.

304 2596 386 2630 744.
414 2593 495 2624 Non
514 2586 581 2637 nisi
595 2597 650 2636 per
673 2587 823 2637 lunum]
854 2587 977 2626 Scribe
990 2616 1001 2633 ,
1036 2587 1173 2636 flublus.
1190 2597 1301 2639 atque

253 2642 301 2670 ita
325 2647 389 2682 pio
411 2638 549 2675 diversa
569 2638 730 2676 lectione
750 2637 973 2686 prim.Bas11.
1000 2639 1148 2677 Herus.

315 2698 390 2732 545-
421 2693 534 2723 Vocem
559 2687 776 2738 impediere]
809 2689 994 2737 implevere
1007 2689 1304 2729 tert.Medic.lo·

256 2746 419 2784 quentem
445 2736 546 2774 Basil.
560 2739 730 2776 Heinsius
751 2738 935 2783 malebat,
963 2740 1128 2790 loquenti.

288 2786 638 2874 .747·&C‘²'¹ffi'ff²·]
669 2786 870 2836 Gratiffima
892 2790 1010 2828 multi.
1038 2790 1220 2839 clariffima
1239 2792 1305 2839 Ju-

255 2847 357 2874 man.
439 2846 509 2874 tres
529 2849 547 2875 a
566 2850 602 2874 u.

261 2917 263 2919 .
307 2886 390 2933 748.
419 2893 520 2924 Neve
549 2887 604 2924 tui
631 2885 809 2937 causam]
848 2887 1011 2927 Florem.
1041 2889 1079 2929 S.
1105 2890 1227 2930 Marci
1263 2892 1304 2931 ὃς

253 2944 337 2975 tert.
357 2937 601 2976 Bononiensis
614 2964 626 2982 ‚

259 3027 265 3031 -
306 3008 407 3040 Neve
428 3013 509 3040 tuae
526 3003 667 3049 causam
689 3011 779 3051 tege,
799 3000 927 3051 fisum
945 3001 1021 3051 fida
1038 3030 1047 3048 ,
1068 3001 1189 3051 fhrori.

254 3062 402 3160 Har&
417 3113 611 3164 crateide]
635 3114 791 3164 Scyllam
805 3114 984 3151 Phorci&
997 3113 1176 3153 Crateidis
1188 3119 1303 3165 nymi

252 3165 345 3211 phac
359 3166 483 3204 filiam.
498 3166 640 3204 Crathis
654 3174 778 3204 autern
792 3164 924 3203 fluvius
937 3165 985 3202 est
997 3166 1186 3203 Calabriae
1200 3194 1210 3210 ‚
1241 3178 1304 3204 cu-

249 3217 308 3262 jus
331 3216 401 3253 filia
425 3226 541 3254 mater
561 3217 702 3265 Scyllae
723 3216 868 3254 videtur
890 3214 1003 3254 fuiffe.
1024 3217 1196 3254 Remus.
1220 3223 1305 3254 Cre-

252 3266 338 3301 taeis
356 3266 427 3303 hoc
438 3268 556 3305 modo
567 3267 749 3305 scribenda
764 3266 812 3304 est
825 3294 835 3310 ,
864 3278 951 3304 nam
966 3268 1108 3305 Graece
1122 3269 1300 3312 Κρῆταίίς.

2201 1305 2398 1381 Magna
2459 1395 2462 1398 ἡ

1352 1442 1410 1482 los
1428 1441 1623 1488 Hecaten,
1649 1440 1739 1481 alios
1752 1441 1925 1482 Lamiam
1941 1470 1952 1488 ‚
1978 1442 2068 1482 alios
2078 1443 2248 1484 Cretaein
2263 1445 2397 1495 Scyllae

1355 1493 1462 1533 fuiffe
1492 1501 1673 1539 matrem,
1699 1495 1906 1533 memoriae
1924 1493 2129 1541 tradidisse,
2155 1498 2400 1546 quemadmo-

1355 1545 1443 1584 dum
1466 1543 1646 1594 quosdam
1668 1544 1897 1595 Phorcynis,
1923 1546 2104 1596 quosdam
2126 1547 2340 1588 Phorbantis
2358 1549 2400 1588 fi-

1351 1597 1441 1635 liam
1473 1595 1631 1634 eandem
1663 1595 1821 1645 Scyllam
1853 1597 2044 1644 factitant,
2077 1609 2188 1647 quam
2212 1598 2399 1640 Homerus

1355 1645 1524 1686 describit
1540 1659 1612 1685 x11.
1642 1645 1758 1696 Odys.
1787 1647 1940 1686 Cousr.
1966 1647 2061 1688 Fau.
2089 1650 2148 1687 De
2169 1658 2285 1688 matre
2303 1651 2401 1700 Scyl-

1355 1699 1412 1737 lae
1434 1696 1536 1736 varie
1555 1697 1708 1736 traditur
1723 1698 1768 1736 ab
1784 1698 2006 1739 auctoribus.
2030 1700 2220 1739 Homerus
2233 1700 2401 1752 simplici-

1352 1758 1408 1789 ter
1431 1749 1616 1787 Crataeim
1639 1756 1750 1787 vocat
1771 1749 1888 1800 Odys.
1903 1752 1958 1789 M.
1982 1763 2062 1796 124.
2088 1752 2142 1790 his
2162 1751 2299 1791 verbis:

1396 1811 1526 1849 'Ama
1546 1812 1655 1857 μάλα
1673 1810 1830 1859 σφοδρῶς
1844 1810 1963 1849 ἐλάαιν
1975 1840 1986 1857 ,
2009 1811 2155 1859 βωςρεῖν
2172 1812 2213 1850 δὲ
2229 1793 2415 1858 Kpoc‘toe‘i'w.

1404 1863 1556 1908 Μητέρα
1577 1864 1642 1907 ’τῆς
1661 1863 1834 1907 Σκύλλης
1846 1891 1858 1909 ,
1886 1862 1906 1907 ἤ
1926 1876 1985 1908 μιν
2000 1865 2085 1901 Ιτέκε
2099 1865 2202 1911 πῆμα
2213 1863 2378 1910 βροτοῖσι.

1354 1927 1439 1973 alii,
1476 1934 1516 1967 ut
1542 1926 1731 1977 Didymus
1758 1929 1797 1967 &
1814 1928 2062 1978 Apollonius,
2091 1930 2263 1969 Hecaten
2282 1930 2402 1981 appel-

1355 1978 1743 2079 Ἂῖἑόῃέἳὲιοωεηῐο
1762 1979 1935 2019 Crataein
1954 1978 2105 2020 dietam.
2127 1988 2167 2020 ut
2178 1981 2241 2020 lib.
2255 1995 2309 2022 xv.
2320 1981 2401 2022 828.

1409 2093 1583 2135 Σκύλλης
1605 2091 1775 2135 Αὐσονίης
1793 2091 2017 2140 ὀλοόφρονος,
2039 2090 2077 2135 ἤν
2101 2092 2187 2130 τέκε
2206 2094 2336 2140 Φᾶρκυν

1407 2143 1648 2187 Νυκτίπολὸς
1662 2144 1686 2178 θ’
1704 2142 1850 2183 Ε’κιὶτη
1860 2171 1871 2188 ,
1902 2142 2012 2184 virius-s
2024 2142 2181 2180 κλείουσι
2193 2145 2378 2190 Κράταιιῖν.

1357 2201 1583 2243 Stesichorus
1596 2212 1719 2244 autem
1734 2206 1907 2243 Lamiam
1918 2214 2041 2245 vocat.
2058 2205 2104 2244 ad
2123 2218 2235 2257 quam
2255 2206 2405 2246 diverfi-

1357 2261 1473 2293 tatem
1494 2255 1658 2295 alludens
1679 2256 1856 2305 Virgilius
1878 2257 1917 2294 in
1938 2257 2036 2302 Ciri,
2065 2257 2110 2295 de
2132 2257 2263 2296 eadem
2286 2257 2404 2308 Scylla

1357 2304 1475 2352 dixit,
1506 2305 1640 2357 Ipsiseu
1664 2308 1783 2345 Lamie
1804 2317 1918 2345 mater
1928 2306 2013 2358 sit,l
2037 2307 2108 2356 live
2125 2308 2298 2347 Crataeis.
2329 2321 2406 2348 rur-

1357 2356 1437 2395 sum
1449 2358 1600 2408 quidam
1615 2358 1786 2396 Crataein
1799 2360 1950 2408 proprio
1972 2359 2127 2398 nomine
2139 2367 2293 2398 matrem
2306 2359 2406 2411 Scyl-

1356 2407 1414 2445 lae
1425 2408 1562 2447 diftam
1575 2409 1708 2448 volunt
1721 2437 1733 2455 ,
1760 2419 2017 2459 cognomento
2030 2418 2154 2449 autem
2167 2411 2336 2449 Hecaten
2347 2439 2358 2456 ,
2383 2422 2405 2450 a
2480 2414 2483 2456 j

1357 2459 1474 2508 magis
1503 2460 1745 2509 appellatam,
1773 2459 1822 2498 eo
1853 2459 1957 2510 quod
1985 2462 2077 2500 haec
2101 2461 2168 2500 dea
2190 2461 2411 2511 magicissa--
2482 2458 2483 2473 ¹

1357 2510 1424 2547 cris
1433 2521 1518 2559 prae
1528 2508 1628 2549 effet.
1656 2511 2031 2551 Micurcratheide
2042 2512 2270 2551 vetustiores.
2281 2512 2402 2564 Lege,
2480 2515 2483 2547 ι’

1357 2560 1553 2599 Crataeide.
1581 2562 1758 2613 Virgilius
1777 2563 1817 2601 in
1834 2562 1925 2613 Cyri
1946 2562 1993 2601 de
2012 2563 2153 2613 Scylla,
2180 2564 2240 2603 66.

1882 2624 1962 2676 five
1982 2626 2165 2672 Crataeis,

1408 2675 1490 2714 Sive
1507 2675 1608 2715 illam
1627 2677 1772 2726 monstro
1788 2679 1910 2728 genuit
1930 2679 2073 2728 Persaea
2095 2677 2246 2725 biformi.

1358 2743 1552 2783 Homerus
1576 2755 1732 2793 quoque
1753 2743 1884 2794 Odyff.
1902 2745 1959 2783 M.
1986 2744 2160 2789 Kpaiwicie
2180 2744 2322 2791 μητέρα
2343 2742 2407 2788 τῆς

1358 2794 1533 2837 Σκύλλης
1559 2794 1661 2833 dixit.
1687 2795 1748 2832 alii
1769 2794 1940 2833 Hecaten
1971 2795 2047 2843 ejus
2078 2802 2237 2833 matrem
2268 2795 2407 2835 volunt.

1358 2857 1472 2894 quam
1494 2856 1580 2883 cum
1605 2844 1799 2884 Crataeide
1820 2843 2016 2883 confundit
2033 2841 2257 2895 Apollonius
2275 2847 2335 2886 lib.
2353 2857 2408 2895 w.

1358 2896 1504 2945 Argon.
1522 2895 1570 2934 de
1588 2895 1707 2946 Scylla
1723 2923 1734 2940 ,

1871 2945 1926 2989 τῆν
1945 2946 2016 2987 τέκε
2034 2947 2170 2997 Φόρκυν-
2250 2991 2252 2993 ,

1414 3000 1663 3048 Νυκτίπολῶῡ,
1685 2999 1723 3039 θ’
1743 2997 1876 3044 Η’και’τη
1889 3032 1899 3052 ,
1929 3001 1981 3044 τὴν
2005 3020 2040 3042 τε
2057 3004 2183 3042 κλείων
2201 2998 2374 3052 Kpa‘rmi'r.

1360 3064 1577 3113 Hesychio,
1602 3067 1799 3110 Κράταιϊς,
1827 3068 1938 3113 κύριον
1964 3067 2073 3112 ὄνομα
2101 3068 2166 3108 τῆς
2190 3067 2318 3109 μητρὸς
2341 3063 2408 3108 τῆς

1359 3118 1544 3158 Σκύλλης.
1572 3115 1693 3155 Plinio
1722 3117 1782 3154 lib.
1802 3129 1863 3155 111.
1891 3128 1971 3166 cap.
1994 3131 2027 3165 ς.
2062 3114 2220 3155 Crataeis
2246 3113 2404 3162 fluvius,

1360 3176 1473 3202 mater
1495 3170 1551 3214 (ut
1567 3166 1699 3213 dixere)
1718 3167 1860 3216 Scyllae.
1886 3179 1982 3217 quae
2001 3178 2095 3217 pene
2112 3164 2270 3204 totidem
2290 3166 2406 3204 verbis

1359 3216 1456 3265 apud
1477 3217 1647 3256 Solinum
1667 3220 1706 3257 ὅ(
1727 3219 1955 3256 Martianum
1979 3216 2165 3266 Capellam
2187 3215 2249 3254 lib.
2262 3228 2409 3266 v1.pag.,

1360 3279 1445 3315 205.
1471 3268 1603 3314 habes,
1630 3269 1698 3307 nifi
1717 3269 1822 3317 quod
1840 3268 1936 3318 apud
1947 3269 2148 3318 huncpater
2159 3266 2290 3316 Scyllae
2301 3279 2407 3305 men·

251 3314 310 3355 sed
330 3315 521 3357 sciendum
539 3319 593 3369 (ut
615 3318 811 3368 Apollonii
821 3317 927 3359 tradit
937 3319 1128 3370 interpres)
1141 3319 1303 3369 nonnul-⁴
1356 3318 1445 3372 dole
1468 3319 1624 3371 legitur,
1650 3319 1749 3371 apud
1769 3319 1875 3361 illurn
1894 3319 2014 3371 male,
2040 3317 2188 3369 Crassis,
2214 3317 2312 3368 apud
2323 3318 2407 3367 Hy-

2349 3368 2406 3420 gi:

2465 3449 2468 3484 Ι
