2483 3616
205 179 278 234 η’
463 190 468 195 ’
650 159 1226 222 .P.0V1D11
1296 158 1830 217 NASONIS

201 282 365 344 gravit,
400 280 419 302 ¹¹
442 271 489 322 T
478 289 557 322 unc
569 273 761 336 primum
784 272 839 326 &³
863 270 997 333 aestus
1019 270 1238 316 ardentior
1259 267 1356 314 coeli
1368 299 1383 326 ,
1417 267 1472 319 {9³
1491 269 1701 330 graviora
1711 267 1886 331 frigora
1908 267 2127 316 incubuere
2148 271 2340 317 mortali-

205 349 292 392 bus.
328 350 346 368 ⁰
368 352 467 388 tunc
500 340 707 387 meditata
739 340 954 385 domorum
983 337 1144 380 tutiora
1166 332 1348 396 ficreta.
1414 334 1559 378 Antea
1591 332 1701 378 enim
1731 344 1809 379 aut
1833 336 1878 379 in
1900 333 2345 395 antris=habitabant‚

205 420 282 455 aut
306 407 535 454 incolebant
556 409 574 437 Ρ
590 403 785 466 frutecta
806 402 1040 462 sylvarum.
1108 397 1433 446 Semina‘etiam
1457 407 1550 444 tum
1573 397 1761 457 primum
1772 397 1906 460 sulcis
1935 412 2090 459 coepere
2114 401 2344 446 committe-

204 490 249 518 re
275 490 289 518 .·
337 487 429 519 cum
449 470 550 531 jam
583 479 700 515 terra
723 459 858 529 solita
892 465 1125 512 hominibus
1147 469 1165 496 ‘³
1201 473 1370 527 negaret
1411 463 1629 509 alimenta.
1695 465 1709 483 ³
1741 461 1930 509 Tertiam
1949 462 2137 524 seculum
2159 464 2348 525 succeſjit

205 554 401 596 aereum,
434 539 447 560 ⁸
471 543 639 597 argento
651 534 751 593 jam
771 532 933 578 durius.
1004 531 1178 590 Coepere
1201 529 1382 576 homines
1403 527 1719 574 inverecundius
1740 530 1904 574 vivere.
1972 531 2098 575 IVam
2121 529 2351 588 cupiditate

207 602 386 649 habendi
419 602 617 646 avaritia
647 600 660 621 t
695 614 787 646 cum
815 597 999 659 perfidia
1033 605 1180 642 exorta
1202 595 1273 657 est.
1341 593 1443 640 Inde
1465 609 1581 640 mare
1597 596 1797 654 pervium
1811 593 2012 655 factum,
2045 595 2145 639 dum
2168 593 2352 640 divitiae

206 669 494 728 requirantur.
563 667 696 710 Terra
720 656 874 725 quoque
897 668 916 687 V
939 663 1093 710 cunetis
1131 670 1258 707 antea
1292 662 1516 705 communis
1539 693 1555 718 ‚
1591 660 1797 705 limitibus
1819 692 1835 718 ,
1871 657 2138 721 terminiswe
2170 656 2349 720 discreta

208 733 264 793 est
279 749 294 778 .·
342 731 396 784 &³
420 736 440 756 ¹
463 732 508 776 in
542 730 660 774 venis
683 729 770 788 ejas
802 744 881 774 non
892 726 1031 789 solum
1041 724 1269 787 frumenta
1293 727 1479 785 quaestta
1487 722 1623 784 sunt,
1647 724 1729 787 secl
1746 725 1919 771 metalla
1950 726 2127 770 inventa
2148 728 2167 755 5
2186 736 2350 782 crepue-

209 807 325 843 runt.
426 804 597 840 uartum
607 791 795 854 fi’culum
819 792 1040 853 zferreum
1063 793 1092 835 a
1125 793 1260 850 rigore
1282 789 1482 834 duratum
1505 787 1560 849 est
1575 804 1590 834 :
1624 790 1733 851 quod
1751 792 1796 836 in
1819 798 1988 835 tantam
2011 791 2174 835 rabiem
2183 784 2353 846 furoris

211 864 348 922 crttpit
361 894 375 919 ,
412 870 460 905 ut
482 860 620 904 omnia
642 863 656 881 ²
668 856 829 918 scelera
852 856 1097 915 cupiditatis
1119 855 1345 900 excelleret.
1414 854 1541 900 Nam
1561 850 1579 878 b
1599 855 1653 900 ab
1678 854 1814 917 odiosa
1835 855 1933 900 vita
1955 883 1972 913 5
2020 853 2075 906 {9³
2110 850 2356 914 insanientis

210 928 430 973 avaritiae
447 922 800 987 graſjittionibns,
825 920 915 965 caa'
926 919 1168 981 parricidia
1192 918 1316 982 usque
1333 929 1589 980 perventum
1613 918 1684 980 est.
2243 963 2337 1021 Au

213 1056 332 1083 unum
364 1042 575 1093 putabatur,
614 1041 652 1078 in
684 1046 813 1090 quarta
844 1039 931 1077 anni
961 1044 1062 1087 parte
1085 1037 1193 1087 cogi,
1221 1037 1261 1075 &
1317 1050 1362 1076 11.
1403 1038 1461 1076 68.
1498 1039 1538 1075 in
1569 1037 1629 1075 hoc
1660 1048 1780 1075 tamen
1803 1036 1901 1087 fizepe
1932 1035 2066 1085 lacessiti
2093 1037 2256 1090 principis
2302 1039 2368 1077 ira·

214 1096 369 1134 coartari
390 1094 434 1130 ab
456 1092 605 1141 angusto
617 1091 785 1129 trimestri
795 1089 921 1139 spatio.
934 1089 1120 1128 GISELIN.
1135 1089 1263 1139 secun-
1315 1088 1455 1137 excessit.
1484 1089 1661 1138 Quinctil.
1682 1088 1788 1126 Decl.
1811 1100 1862 1125 xm.
1887 1100 1924 1134 4.
1961 1094 2004 1124 In
2025 1100 2199 1139 quantum
2222 1089 2359 1139 exceffie-

217 1147 304 1184 dum
325 1144 422 1182 deest
446 1143 581 1181 Colon.
609 1144 647 1180 &
669 1141 796 1191 Heins.
1317 1140 1392 1177 rint
1413 1139 1543 1190 usitata
1570 1154 1694 1189 genera
1719 1150 1923 1190 poenarum.
1957 1146 1999 1177 ut
2030 1139 2180 1190 quidam
2212 1141 2361 1180 codices

266 1205 293 1224 m
321 1195 381 1232 Ab
402 1193 542 1243 aureo.]
570 1199 626 1230 Ex
651 1207 777 1236 aureo,
808 1191 944 1230 Colon.
1316 1191 1530 1231 ibihabent
1559 1191 1820 1228 BunMANNus.

265 1255 287 1274 ¹¹
315 1251 410 1283 Tunc
424 1244 620 1295 primum]
652 1249 699 1280 Et
723 1254 805 1280 tunc
822 1245 978 1294 primum
993 1271 1002 1287 ,
1041 1241 1148 1290 aestus
1179 1242 1259 1280 ard.
1367 1242 1386 1269 b
1412 1242 1473 1279 Ab
1495 1242 1606 1290 odiosa
1628 1241 1750 1290 vita]
1781 1240 1841 1277 Ab
1862 1241 1967 1291 odiost>
1989 1241 2089 1278 vitio.
2111 1240 2256 1279 Heinfii
2286 1242 2359 1280 Ed.

217 1297 296 1336 coeli
308 1297 386 1345 suit
400 1324 409 1342 ,
437 1307 480 1336 ω’
501 1291 648 1345 Micy‘n.
662 1294 800 1333 Colon.
821 1305 913 1344 quae
926 1306 1018 1331 mox
1031 1294 1168 1343 frigora
1180 1305 1260 1331 non
1319 1306 1471 1351 namque
1482 1292 1526 1329 ab
1538 1290 1652 1341 odiosis
1663 1292 1774 1329 vitiis.
1787 1291 1924 1330 Colon.
1938 1304 2009 1342 ego
2021 1291 2185 1333 mallem,
2199 1291 2243 1328 ab
2256 1293 2360 1343 otiosa

215 1348 337 1387 habet.
1320 1344 1412 1382 vita.
1436 1344 1557 1382 otium
1579 1343 1678 1380 enim
1702 1340 1818 1380 caussa
1838 1343 2107 1381 immensorum
2127 1341 2317 1380 scelerum.

267 1406 286 1425 ⁰
315 1403 410 1435 Tunc
432 1396 643 1447 meditata.]
675 1402 768 1434 Tunc
789 1395 984 1445 aedificata.
1006 1394 1151 1445 Micyll.
1175 1394 1264 1433 &in
1372 1403 1389 1422 c
1419 1395 1483 1432 Ad
1498 1393 1729 1445 parricidia]
1760 1393 1825 1430 Ad
1835 1392 2045 1440 homicidia,
2073 1393 2211 1430 Colon.

220 1460 333 1498 marg.
356 1448 466 1486 Alias.
488 1459 571 1485 tunc
592 1448 791 1497 aedificatae
812 1447 931 1484 domus
946 1476 956 1492 ,
975 1447 1174 1497 secretaque
1206 1456 1265 1482 tu-
1372 1444 1433 1495 89.
1461 1451 1584 1483 Aurea
1597 1445 1714 1495 prima
1724 1444 1809 1494 sata
1827 1443 1870 1492 est
1887 1455 2003 1489 aetas,
2031 1457 2118 1496 quae
2134 1443 2272 1481 vindice
2283 1443 2366 1482 nul-¹

219 1500 322 1538 tiora.
350 1504 444 1536 Tunc
473 1499 656 1547 aedificata
690 1499 723 1536 d.
741 1509 766 1536 t.
790 1513 815 1536 s.
857 1498 985 1537 Heins.
1018 1503 1112 1535 Tunc
1143 1495 1265 1545 aedifi·
1319 1496 1382 1547 lo.]
1412 1497 1461 1535 Et
1480 1496 1630 1545 reliqua.
1649 1494 1695 1533 ad
1715 1495 1814 1533 hunc
1836 1493 1931 1532 forte
1950 1495 2078 1534 locum
2089 1493 2240 1544 respexit
2252 1495 2365 1535 Sene-

221 1561 318 1587 catae
340 1550 483 1595 domus,
502 1550 631 1599 secreta
653 1550 795 1587 tutiora.
825 1549 961 1587 Colon.
1321 1560 1363 1587 ca
1384 1548 1423 1586 in
1443 1547 1653 1597 Hippolyto
1668 1574 1678 1589 ,
1706 1546 1768 1583 ubi
1792 1546 1841 1583 ita
1862 1546 1933 1584 est:

273 1608 291 1635 P
322 1602 481 1637 Frutec‘ia
502 1599 733 1649 sylvarunu]
772 1599 828 1636 Ita
861 1600 900 1636 &
929 1599 1012 1636 MS.
1046 1599 1084 1635 &
1105 1599 1266 1636 Veneta.
1550 1605 1621 1634 Hoc
1638 1597 1795 1646 equidem
1813 1610 1885 1633 reor

222 1649 418 1699 perperam
443 1654 530 1687 tecta
554 1650 742 1688 Giselinus.
767 1650 976 1698 Perperam:
998 1649 1109 1686 eti-am
1124 1651 1267 1696 fruteta
1375 1648 1496 1698 Vixiffe
1514 1648 1608 1685 ritu:
1631 1647 1749 1697 prima
1792 1661 1849 1684 uos
1868 1646 1979 1694 mistos
1997 1648 2080 1685 Deis

224 1700 397 1749 Micyllus
429 1702 467 1738 &
499 1699 710 1738 Raenerius.
745 1700 831 1738 vide
845 1726 854 1743 ,
891 1698 918 1737 fi
948 1699 1040 1737 tanti
1061 1699 1110 1737 est
1132 1726 1144 1744 ‚
1172 1710 1270 1749 quae
1376 1699 1539 1748 Profudit
1555 1709 1650 1735 aetas
1663 1714 1673 1734 :
1701 1703 1762 1734 Nu
1779 1698 1831 1734 lus
1849 1696 1903 1734 his
1921 1699 2090 1746 aurifuit

223 1751 435 1788 notavimus
456 1749 502 1787 ad
521 1750 580 1787 ina
590 1749 772 1798 Fulgentii
793 1748 939 1798 Prolog.
958 1750 1019 1787 lib.
1041 1761 1070 1787 1,
1091 1749 1272 1800 Qicquid
1377 1756 1505 1787 Caecus
1526 1749 1643 1799 cupido
1660 1765 1670 1785 .·
1700 1747 1815 1785 nullus
1835 1748 1873 1784 in
1896 1758 2010 1798 campo
2021 1750 2121 1798 fizcer

216 1809 280 1850 per
312 1800 444 1836 virebia
476 1804 594 1850 Tempe
626 1800 698 1837 &a
731 1800 924 1837 MUNKER.
957 1801 1114 1847 frutebia
1155 1801 1267 1838 etiam
1374 1799 1511 1850 Divisit
1529 1814 1625 1850 agros
1644 1798 1776 1836 arbiter
1788 1799 1918 1849 populis
1937 1799 2043 1849 lapis:

223 1849 408 1888 Parmens.
439 1848 487 1887 fic
509 1850 641 1886 virecta
663 1849 788 1898 paffim
822 1851 990 1900 antiquus
1023 1850 1057 1888 S.
1089 1850 1270 1890 Germani
1376 1853 1545 1890 Nondum
1559 1849 1722 1900 secabant
1745 1850 1901 1888 credulae
1912 1859 2059 1900 pontum
2075 1860 2191 1889 rates:

227 1900 348 1944 codex
381 1899 623 1939 &lumen-ae,
655 1902 694 1938 δε
717 1900 943 1950 [sylvestribus
970 1901 1135 1949 frutectis
1166 1902 1270 1940 idem
1375 1909 1445 1941 Sua
1463 1902 1602 1954 quisque
1622 1912 1725 1939 norat
1743 1902 1859 1939 maria
1873 1919 1883 1939 .·
1911 1915 1980 1938 non
1996 1901 2091 1949 vasto
2111 1915 2226 1953 aggere
2238 1907 2255 1947 ’,’
2320 1917 2328 1927 ¹

227 1951 348 1989 codex
378 1951 438 1989 lib.
471 1963 524 1989 lx.
556 1963 634 2000 cap.
669 1963 723 1995 14.
756 1952 794 1988 &
828 1963 894 1989 111.
926 1964 971 1989 11.
987 1950 1022 2002 st
1032 1953 1194 1999 frutebiis
1215 1952 1271 1990 ob·
1379 1954 1575 2004 Crebraque
1593 1963 1693 1990 turre
1707 1952 1865 1990 cinxerat
1884 1952 1980 1989 urbes
1998 1953 2114 1989 lacus.-

221 2002 324 2051 seffus
344 2001 398 2049 est.
427 2003 466 2040 δε
486 2001 580 2039 alibi.
602 2001 721 2039 Sedul.
743 2013 855 2040 carm.
876 2002 972 2040 Pasc.
994 2015 1022 2040 1.
1048 2014 1105 2052 37.
1129 2015 1273 2041 amoena
1381 2011 1463 2043 Non
1482 2018 1585 2041 arma
1597 2002 1714 2055 fhe‘qai
1733 2003 1829 2041 miles
1843 2003 1990 2054 aptabat
2008 2017 2141 2041 manu.-

230 2054 374 2090 virecta.
384 2053 447 2090 ubi
467 2053 542 2101 vid.
556 2052 865 2091 Cenariu1n.teaa
878 2052 1069 2102 sylvarum
1089 2053 1150 2095 hic
1162 2054 1273 2092 etiam
1384 2061 1455 2093 Nec
1475 2065 1568 2092 torta
1589 2052 1720 2104 clausas
1732 2055 1887 2103 fregerat
1899 2055 1989 2103 saxo
2008 2055 2116 2102 gravi

230 2102 368 2140 Colon.
385 2104 423 2140 &
437 2102 685 2140 HeinfiiEdit.
708 2103 973 2141 BURMANNUS.
1382 2106 1526 2153 Ballista
1543 2115 1661 2155 portas
1674 2122 1684 2142 .-
1704 2105 1796 2154 juffa
1817 2119 1875 2142 nec
1892 2105 2073 2141 dominum
2087 2104 2169 2156 pati

280 2161 299 2188 q
327 2153 559 2204 Denegaret.]
591 2160 763 2203 Negaret,
792 2154 928 2192 Colon.
950 2155 989 2192 δε
1011 2154 1138 2193 Heins.
1382 2157 1518 2203 Juncio
1531 2156 1668 2204 serebat
1688 2167 1781 2192 terra
1794 2156 1985 2204 ſservitium
2004 2155 2112 2192 bove.-

282 2210 297 2229 ἵ
324 2203 520 2254 Tertium.]
571 2205 725 2242 Tertium
748 2204 903 2253 ficulum
945 2218 1089 2243 aeneum
1120 2215 1275 2254 argenteo
1382 2208 1446 2244 Sed
1468 2220 1561 2244 arva
1577 2217 1637 2256 per
1649 2206 1687 2255 fi’
1700 2208 1780 2253 feta
1795 2206 1961 2256 poscentes
1982 2205 2073 2242 nihil

233 2253 355 2292 durius
368 2282 378 2297 ,
415 2268 481 2305 quo
501 2264 674 2305 coeperunt
698 2254 736 2292 h.
758 2255 780 2291 i.
796 2255 876 2304 jam
898 2256 1029 2293 vivere.
1052 2255 1190 2293 Colon.
1385 2264 1518 2295 Pavere
1535 2268 1673 2305 gentes:
1694 2255 1810 2306 filvae
1828 2257 1974 2293 nativas
1994 2265 2064 2305 opes
2076 2271 2087 2298 ;

283 2312 297 2332 ⁵
324 2310 478 2354 Argento
492 2305 573 2355 jam
606 2304 770 2350 darien]
802 2305 859 2343 Sic
891 2317 977 2344 cum
1010 2306 1097 2347 MS.
1128 2306 1277 2343 Veneta
1383 2313 1431 2344 Et
1452 2318 1552 2358 opaca
1573 2308 1740 2344 dederant
1760 2316 1867 2344 antra
1888 2307 2034 2343 nativas
2053 2304 2185 2346 domos(

237 2353 275 2391 &
295 2355 520 2404 Micylliana.
548 2355 618 2394 Sed
641 2351 841 2395 Raenerius
863 2357 901 2395 ὃς
924 2355 1126 2402 Giselinus,
1155 2370 1278 2406 argen-
1332 2359 1394 2397 De
1425 2358 1599 2396 aetatibus
1638 2357 1755 2394 scribit
1795 2357 1906 2394 etiam
1949 2356 2064 2394 multa
2106 2357 2377 2405 Germanicus;

234 2414 285 2441 teo
308 2405 379 2442 &c.
401 2405 589 2444 Munium.
823 2448 826 2453 ,
1333 2409 1449 2447 multa
1470 2409 1581 2446 etiam
1606 2407 1787 2445 Hesiodus
1807 2407 1845 2444 in
1867 2419 2003 2456 opere,
2039 2407 2143 2458 quod
2173 2407 2374 2447 inscribitur

293 2461 306 2481 t
336 2460 427 2491 Cum
442 2456 628 2505 perfidia]
658 2464 750 2494 Cum
771 2457 912 2495 invidia
927 2485 936 2501 ‚
967 2456 1241 2496 Colon.Heins.
1320 2453 1441 2506 ’Ἔργα
1461 2461 1524 2496 καὶ
1541 2460 1675 2504 ἡμέραι.
1714 2458 1932 2496 ConANus.

269 2511 309 2560 j(
335 2509 455 2541 Antea
477 2506 644 2557 cimelia]
673 2513 778 2545 Ante
800 2508 826 2544 ὰ
857 2509 1010 2554 cunctis,
1043 2508 1169 2547 Heins.
1191 2508 1278 2546 edit.
1384 2522 1444 2558 91.
1469 2517 1582 2548 Poena
1603 2508 1814 2559 metustlue]
1843 2515 1956 2545 Poena
1983 2508 2184 2558 minaeque,
2222 2508 2376 2548 Grono-

240 2554 367 2592 Vltlose
389 2567 455 2604 pro
478 2566 595 2594 antea.
1234 2579 1235 2582 =
1338 2561 1489 2604 vianus;
1522 2570 1630 2609 poena
1661 2571 1771 2596 metus
1801 2558 1946 2602 aberat,
1974 2558 2173 2597 Leidenfis.
2208 2561 2376 2609 quod,s1

293 2612 314 2632 x
343 2611 384 2641 In
405 2606 501 2642 venis
523 2606 620 2656 ejus]
652 2613 694 2644 In
717 2608 814 2655 venis
834 2609 973 2659 quidem
984 2608 1067 2646 MS.
1087 2609 1284 2645 Munna.
1338 2610 1486 2646 aberant
1505 2610 1666 2657 legatur,
1679 2607 1795 2655 posset
1815 2606 1971 2645 admitti.
1994 2615 2034 2645 ut
2046 2609 2155 2658 Epist.
2179 2621 2226 2648 11.
2241 2622 2299 2661 31.
2314 2614 2387 2662 ju·—

293 2663 312 2690 y
339 2656 587 2705 Crepuerunt]
626 2658 735 2693 Forte
760 2685 768 2700 ‚
794 2669 975 2707 eruperunt
1000 2686 1008 2701 ,
1046 2658 1106 2694 vel
1128 2686 1137 2702 ‚
1175 2658 1284 2694 imre-
1339 2672 1382 2695 ra
1399 2660 1488 2705 fides
1507 2659 1566 2694 ubi
1586 2666 1705 2694 nunc?

245 2705 406 2743 buerunt.
429 2705 524 2743 deest
545 2706 619 2743 1100
640 2706 794 2743 verbum
818 2706 1044 2744 (010111011ίί.
1392 2720 1452 2754 91.
1481 2706 1588 2744 Verba
1609 2707 1787 2744 minantia
1801 2707 1877 2755 fixo
1897 2721 1972 2746 aere
1990 2709 2223 2760 legebantur.'l·
2243 2711 2298 2750 Ita
2308 2723 2378 2762 pu-

297 2763 312 2782 2
340 2762 500 2793 Ferreum
522 2755 546 2792 a
568 2756 712 2805 rigore]
744 2757 801 2794 Sic
824 2768 910 2794 cum
932 2757 1120 2794 Venet&
1142 2757 1287 2806 Micyll.
1339 2767 1459 2796 tamus
1481 2757 1739 2807 corrigendum
1765 2787 1775 2803 ‚
1811 2759 1874 2797 etsi
1901 2760 2103 2809 ligabantur
2132 2763 2177 2800 ab
2203 2752 2284 2800 “aljis
2319 2774 2378 2802 re·

244 2805 404 2844 disertim
436 2806 520 2843 MS.
550 2806 726 2844 Giselinus
757 2806 880 2849 dedit,
907 2807 999 2854 ferri
1030 2808 1137 2843 nimio
1169 2809 1286 2855 rigore.
1341 2816 1521 2858 ponatur,
1548 2808 1830 2847 existimantibus
1843 2810 1999 2849 Po'e'tam
2011 2811 2170 2850 alludere
2190 2812 2237 2851 ad
2255 2813 2379 2864 leges,

246 2857 444 2895 Raenerius
460 2886 467 2895 ,
485 2858 640 2903 ferreum
663 2856 687 2892 a
709 2858 813 2906 rigore
843 2858 976 2894 dictum
1006 2857 1060 2904 est.
1092 2858 1287 2895 Mimxfflz.
1341 2871 1435 2908 quae
1454 2857 1585 2896 incisae
1603 2859 1642 2896 in
1663 2860 1751 2897 areis
1771 2860 1898 2899 tabulis
1916 2863 2108 2911 parietibus
2119 2863 2381 2913 affigebantur,

251 2912 290 2944 A
313 2908 416 2956 rigore
439 2908 571 2944 dicium
592 2907 635 2954 est
657 2907 930 2957 Lugd.Micyll.
942 2909 1034 2955 ferri
1055 2907 1161 2944 nimio
1183 2909 1287 2956 rigore
1340 2918 1381 2946 ut
1401 2910 1450 2947 ait
1472 2910 1613 2947 Servius
1627 2937 1636 2952 ‚
1661 2909 1749 2948 illud
1769 2911 1912 2961 Virgilii
1940 2924 2129 2963 exponens
2151 2942 2162 2959 ,
2181 2914 2272 2963 fixit
2300 2914 2382 2964 leges

250 2957 419 2995 duratum
440 2957 507 3005 est,
536 2958 673 2994 Colon.
695 2958 821 2994 Heius.
1334 2961 1445 3010 pretio
1479 2971 1583 3010 atque
1613 2960 1740 3008 refixit.
1775 2961 1834 2999 hic
1866 2971 1990 3000 autem
2021 2963 2124 3002 locus
2154 2973 2249 3013 pene
2279 2972 2389 3003 totus>

302 3016 317 3035 ³
343 3008 470 3045 scelera
501 3008 698 3057 cupiditatis
727 3008 938 3057 excelleret]
977 3009 1082 3045 Haec
1124 3007 1172 3045 est
1203 3008 1288 3046 MS.
1343 3010 1486 3047 videtur
1517 3019 1705 3059 excerptus
1737 3022 1782 3048 ex
1814 3016 2068 3052 monumentis
2099 3015 2198 3052 Fabii
2219 3014 2383 3055 Pictoris.

252 3052 359 3095 lectio
373 3086 384 3102 ‚
404 3069 533 3108 >quam
567 3058 711 3095 adstruit
744 3059 901 3095 Veneta.
937 3058 1115 3096 Giselinus
1139 3086 1150 3102 ‚
1195 3073 1290 3095 exce-
1343 3061 1443 3108 cujus
1465 3061 1576 3098 verba
1594 3061 1685 3098 haec
1704 3061 1805 3099 sunt:
1836 3067 1958 3101 Aurea
1977 3074 2073 3101 aetas
2085 3065 2199 3114 primo
2229 3075 2309 3102 ortu
2325 3079 2388 3115 ge-

259 3104 358 3158 deret.
376 3110 536 3150 Raener.
566 3119 739 3146 exerceret.
761 3109 933 3158 Micyllus
948 3137 956 3152 ‚
973 3109 1092 3158 scelere
1121 3109 1289 3158 cupidita·
1345 3111 1435 3147 neris
1459 3110 1609 3148 humani
1626 3112 1702 3159 fuit
1726 3141 1736 3157 ‚
1756 3111 1806 3162 fic
1828 3114 1920 3150 dicia
1935 3143 1945 3159 ‚
1968 3112 2059 3165 quod
2079 3114 2312 3164 posterioribus
2324 3117 2387 3165 se-

257 3163 302 3189 tis
346 3159 524 3196 excelleret.
586 3160 824 3197 Mummius.
887 3160 1072 3196 Excederet
1098 3185 1109 3201 ‚
1162 3159 1289 3197 Heins.
1347 3161 1431 3197 culis
1461 3172 1682 3209 comparata,
1704 3177 1807 3212 aeque
1828 3174 1932 3214 atque
1952 3178 2081 3202 aurum
2112 3165 2203 3201 inter
2235 3166 2386 3203 metalla

258 3208 303 3239 Ut
324 3207 468 3261 ‘omnia‘
475 3208 594 3256 scelere
627 3223 655 3247 c.
683 3211 852 3247 excederet
885 3228 899 3255 ,-
950 3210 1084 3248 Colon.
1106 3209 1261 3247 Mallem
1278 3234 1296 3254 ,v
1346 3209 1480 3260 effulstt.
1533 3212 1680 3250 Deinde
1710 3213 1960 3264 subsequitur:
1989 3214 2160 3265 Principes
2190 3216 2273 3266 quia
2296 3216 2383 3265 justi

254 3262 297 3291 M
317 3266 355 3291 m
376 3267 491 3291 omma
505 3261 629 3305 scelera
650 3261 817 3312 cupiditas
847 3261 1042 3310 excederet,
1075 3260 1126 3298 ita
1157 3260 1290 3310 Vellej.
1343 3273 1445 3301 erant
1471 3291 1482 3308 ,
1525 3275 1569 3304 ω’
1599 3263 1811 3313 religionibus
1841 3264 1974 3311 dediti,
2003 3266 2083 3315 jure
2113 3265 2228 3305 habiti
2257 3266 2310 3303 dii
2337 3262 2397 3305 1³9¹*

2275 3315 2383 3362 dieti,
