2483 3616
301 125 1934 203 METAMORPHOSEONL1B.V11.
2085 164 2184 216 525

760 325 1025 375 XXVII.

530 328 692 374 ΕΑΒ.
1094 329 1682 378 ARGUMENTUM.

655 445 887 510 Cephalus
921 447 976 495 ab
1012 448 1192 497 Aurora
1223 450 1507 496 immutatur.

101 589 117 609 ²
140 577 344 640 Cephalus
368 577 415 623 de
438 576 554 622 donis
575 575 707 638 refert
728 579 909 625 invicem
933 582 1072 626 Aeaco
1105 582 1155 627 de
1188 582 1391 628 Procride
1428 581 1620 642 conjuge,
1657 579 1712 632 ὅ
1737 597 1840 640 cur,
1876 591 1953 628 aut
1976 586 2080 629 unde
2103 596 2164 632 ie-

4 666 6 696 ι
37 651 119 697 lum
133 653 304 709 gereret.
381 639 398 666 ¹³
419 643 527 687 Cum
548 643 593 687 in
615 652 750 687 monte
770 643 973 701 IJyneetto
999 648 1173 693 Atticae
1195 649 1369 709 regionis
1387 655 1642 702 venaretur,
1677 651 1692 670 Ε
1713 646 1767 690 ab
1799 649 1973 693 Aurora
2006 650 2053 693 ob
2064 649 2165 709 spe·-

4 734 7 757 τ
37 716 132 761 ciem
153 718 298 770 raptus
323 706 393 768 est.
437 721 554 767 quem
588 702 605 730 ‘¹
632 717 679 751 ut
712 711 907 767 comperit
938 710 1157 757 Procridis
1182 714 1341 771 prioris
1363 712 1543 774 conjugis
1575 724 1715 755 amore
1743 713 2004 770 implicatum
2037 719 2054 737 ⁶
2077 717 2105 759 ἐι
2116 716 2168 774 ste

39 779 138 824 velle
169 772 185 799 f
203 774 386 830 diverti,
419 777 436 804 Β
450 771 560 832 fecit
585 781 632 816 ut
655 782 824 818 mutata
834 772 970 833 specie
1005 773 1023 799 ¹²
1047 777 1234 836 remiffus
1261 776 1468 837 Cephalus
1491 774 1688 821 Athenas
1709 777 1992 836 contenderet,
2006 778 2059 829 ἐφ’
2073 795 2167 823 eam

5 853 7 883 ῑ
31 834 224 904 pollicitis‘
243 835 555 896 muneribusque
578 846 789 895 tentaret,
825 852 881 882 an
892 839 1146 897 pudicitiam
1164 853 1321 899 puram
1340 843 1465 902 postet
1474 840 1670 901 ftrvare.
1721 840 1922 887 Pluribus
1945 844 2086 902 itaque
2099 859 2166 889 re-

5 928 7 956 ι
39 907 109 954 bus
129 904 187 952 ad
218 901 335 963 ufiim
356 901 621 963 feminarum
645 903 925 962 comparatis,
962 904 1214 963 quibuscapi
1231 908 1389 966 poffet‚
1415 905 1603 966 fallacia
1637 902 1842 950 *mentem
1857 907 2078 952 Procridis
2090 911 2164 954 eli-

4 963 7 1014 ἶ
35 971 129 1018 cuit.
196 966 329 1032 ⁴Quod
356 976 404 1011 ut
438 967 514 1012 illa
539 968 760 1024 comperit3
798 967 824 1010 a
860 969 1015 1012 marito
1037 967 1086 1026 se
1119 969 1193 1027 effe
1217 970 1457 1029 deceptam,
1484 970 1642 1029 pudore
1665 971 1897 1029 exterrita,
1932 981 1980 1016 ut
2004 971 2163 1033 conspe-

5 1027 7 1029 ¹
38 1040 141 1082 bium
163 1033 248 1094 ejus
273 1033 436 1077 vitaret
450 1064 465 1089 ,
501 1029 662 1091 altisse
683 1030 910 1076 recondidit
912 1029 1113 1092 saltibus.
1181 1034 1200 1062 ¹<
1236 1032 1490 1104 Cephalus
1502 1046 1671 1086 autem
1685 1035 1875 1086 amoris
1889 1036 2162 1106 impatien-

33 1112 137 1172 tia,
177 1125 287 1161 cuin
311 1105 423 1178 ejus
448 1105 727 1174 abstentiam
740 1103 896 1174 ferre
921 1121 1016 1157 non
1042 1108 1230 1176 postet,
1265 1106 1508 1175 precihus
1548 1106 1888 1177 impetravit,
1926 1120 1986 1160 ut
2009 1109 2082 1160 ad
2100 1113 2163 1178 ste

32 1193 254 1250 rediret:
292 1194 609 1263 reversaque
633 1207 807 1244 canem
829 1190 876 1242 ei
898 1189 1043 1244 dedit
1068 1191 1455 1262 velociſjimum,
1483 1191 1789 1264 &jaculum
1824 1194 2162 1259 inevitabile,

5 1318 7 1351 Ξ
34 1275 163 1349 quod
178 1292 450 1347 numquam
460 1273 673 1346 frustra
682 1274 980 1346 jaceretur.

32 1493 250 1533 chutus.
303 1492 391 1531 Vid.
415 1492 515 1531 Serv.
548 1491 593 1530 ad
612 1492 715 1542 Virg.
734 1505 779 1530 ῃ.
802 1491 1003 1540 Aeneid.7.
1028 1492 1068 1531 δε

5 1564 7 1585 ³
33 1556 86 1583 lv.
104 1557 193 1594 401„
218 1544 337 1582 Schol.
362 1544 448 1581 Stat.
467 1544 511 1581 ad
530 1543 590 1580 lib.
609 1556 680 1581 vn.
704 1556 784 1593 310.
821 1543 930 1586 dicit,
958 1544 1069 1581 Aeaci

5 1637 7 1643 ,
27 1595 130 1645 ficies
148 1592 198 1632 escv
203 1594 362 1642 formicis
384 1604 538 1630 armatos
558 1594 722 1643 exstitisse.
747 1595 928 1631 Arnobius
940 1594 999 1631 lib.
1014 1606 1066 1631 1v.

5 1645 7 1694 ξ
33 1645 170 1693 Jovem
196 1646 234 1682 in
253 1643 487 1682 formiculam
510 1645 694 1692 parvulam
709 1645 852 1682 versum
870 1673 879 1688 ‚
893 1657 937 1682 ex
952 1645 1071 1682 Clito-

34 1695 80 1733 ris
107 1695 178 1733 filia
199 1693 478 1744 Myrmidonem
503 1693 735 1737 >Thessalum
764 1694 925 1744 genuiffe
954 1703 1072 1734 notat.

32 1744 202 1784 Fabulam
221 1745 377 1794 explicat
397 1745 699 1784 Tzetz.Chiliad.
721 1758 793 1784 v11.
824 1758 902 1796 pag.
925 1746 1004 1784 126.
1032 1747 1071 1784 &

36 1795 79 1834 ad
102 1796 288 1846 Lycophr.
306 1795 394 1833 vers.
418 1800 499 1841 176.
527 1796 656 1834 Bunm.

79 1847 166 1895 654.
195 1847 348 1884 Nomina
356 1846 529 1896 frauda]
569 1846 666 1883 Fallo
695 1847 828 1897 Sprotii
849 1847 887 1885 &
907 1847 1072 1886 Voffian.

25 1897 150 1946 frango
172 1897 322 1936 Thuan.

48 1954 50 1956 ’
85 1948 168 1996 655.
196 1946 351 1997 Vidisti.]
390 1947 525 1996 Vidistis
545 1947 613 1986 sec.
634 1948 745 1986 Palat.
766 1949 804 1986 ὅτ
826 1947 901 1986 duo
920 1948 994 1986 alii.
1022 1948 1071 1986 fic

35 1996 127 2046 supr.
153 2010 235 2046 519.
255 2000 291 2036 ὅ(
317 2010 402 2046 520.
426 2011 513 2037 cum
549 1997 690 2037 dixiffet
720 2013 803 2044 vos,
831 1999 965 2037 deinde
986 2010 1071 2048 521.

37 2048 181 2098 requiris
198 2049 236 2085 in
253 2047 419 2096 singulari
438 2049 549 2087 addit.

87 2098 171 2146 655.
199 2097 408 2148 Gerebant.]
436 2097 605 2147 Regebant
615 2099 775 2138 Florem.
797 2099 831 2137 S.
851 2100 982 2137 Marci.

90 2147 172 2194 656.
200 2153 347 2183 parcum
358 2161 462 2195 genus
481 2148 560 2198 est.]
589 2150 723 2187 Melius
745 2151 803 2189 sex
826 2150 964 2198 scripti,
987 2159 1071 2200 par·

39 2210 184 2246 cumque
197 2209 312 2245 genus.
337 2208 403 2244 pro
423 2199 512 2246 quod
529 2201 676 2247 reservet
695 2200 855 2238 Florent.
875 2200 910 2237 S.
931 2201 1073 2248 Marci,

6 2272 8 2295 :
39 2247 100 2298 qui
118 2249 301 2295 reservent.
329 2247 529 2286 HEINsms.
555 2249 641 2288 Vid.
665 2250 710 2287 ad
729 2251 790 2289 lib.
816 2263 846 2289 1.
873 2253 950 2288 162.

89 2298 174 2334 660.
200 2297 393 2346 Austros.]
447 2299 617 2344 Austrum
646 2301 816 2339 Gronov.
846 2302 884 2339 δί
919 2301 978 2340 sex
1002 2302 1072 2341 alii.

38 2347 166 2394 'Austro
188 2347 341 2384 Cantab.
364 2349 401 2384 ὃς
420 2348 584 2386 Voffian.

89 2405 105 2424 ³
131 2397 302 2447 Cephalus
318 2397 359 2434 de
380 2397 515 2447 donis.]
544 2399 651 2437 Haec
669 2399 716 2437 est
732 2399 845 2438 leffio
865 2402 949 2439 MS.
969 2411 1010 2439 ut
1033 2403 1071 2440 &

7 2463 9 2479 ÷
41 2447 208 2486 Venetae
221 2459 262 2485 ac
281 2448 529 2497 Micyllianae.
555 2448 615 2486 sed
636 2460 716 2486 earn
738 2462 822 2488 cum
839 2463 918 2488 non
938 2452 1071 2489 intelli-

8 2511 9 2530 ἢ
40 2506 137 2547 geret
159 2499 358 2536 Raenerius
371 2526 382 2543 ,
407 2499 513 2536 satius
530 2498 633 2536 duxit
653 2500 702 2536 ita
719 2500 906 2537 rescribere
920 2501 1072 2548 ,Cepha-

42 2549 93 2586 lus
110 2550 211 2595 refert
238 2549 391 2586 invicem
413 2554 527 2586 Aeaco
547 2549 586 2586 de
606 2549 703 2585 donis
723 2548 748 2585 a
761 2550 918 2587 Procride
936 2551 1071 2599 conjuge

8 2617 9 2623 1
42 2599 188 2649 acceptis.
214 2599 293 2648 lege
311 2607 350 2637 tu
365 2626 376 2644 ,
402 2599 572 2649 Cephalus
588 2599 748 2642 Deionis,
776 2601 831 2637 Sc.
854 2600 961 2638 filius.
1005 2601 1070 2638 *Est

8 2670 9 2673 =
43 2649 181 2698 elegans
198 2650 429 2687 hellenismus
443 2678 454 2694 ,
480 2661 593 2699 quem
614 2661 678 2697 per
695 2651 915 2698 imperitiam
930 2651 1070 2688 auetori

8 2715 9 2720 ¹
42 2699 125 2737 huic
156 2708 316 2748 ereptam
347 2700 539 2751 aliquoties
563 2700 744 2737 restituere
775 2700 915 2738 necesse
945 2701 1072 2746 habui-

44 2759 133 2787 mus.
185 2750 282 2788 Vide
318 2762 410 2799 quae
441 2750 616 2788 annotavi
652 2749 697 2787 ad
717 2750 802 2787 Fab.
838 2762 892 2798 13.
919 2750 979 2788 lib.
1010 2763 1069 2789 vr.

43 2799 260 2838 Mosen-R.
294 2800 462 2850 Cephalus
481 2810 617 2849 rogatus
638 2799 663 2837 a
691 2799 798 2837 Phoco
810 2800 886 2848 filio
907 2801 1016 2838 Aeaci
1034 2802 1075 2838 de

45 2849 131 2891 telo,
160 2850 248 2898 quod
268 2863 375 2887 manu
406 2851 562 2896 tenebat,
590 2851 681 2888 unde
706 2852 888 2901 acceperit,
926 2863 1074 2896 narrat,

7 2925 9 2928 .
45 2899 133 2949 quod
152 2912 228 2935 cum
247 2899 434 2948 aliquando
445 2901 484 2938 in
502 2911 616 2939 monte
644 2902 780 2939 Colon.

45 2948 116 3035 Hb.
135 2956 226 3036 (iiam
250 2950 333 2999 in.]
389 2956 479 2987 Cum
516 2953 607 2989 enim
645 2951 815 3002 Cephalus
849 2952 888 2990 in
917 2953 1073 2990 Raener.

87 3010 142 3036 eln
161 3028 168 3036 .

6 3046 9 3054 ⁴
91 3055 107 3075 c
134 3047 193 3085 Ab
212 3049 377 3098 aurora]
408 3049 500 3097 Visus
521 3051 564 3087 ab
583 3065 709 3088 aurora
723 3080 732 3097 ,
761 3052 798 3089 oh
811 3052 952 3101 speciem
966 3053 1072 3103 fitam

7 3107 10 3128 t
46 3106 159 3182 capyis
170 3099 245 3184 'gil
258 3127 267 3142 ‚
289 3113 389 3149 quem
411 3099 473 3136 dea
501 3110 541 3137 ut
570 3104 724 3151 comperit
751 3104 896 3151 conjugis
910 3105 968 3152 sui
991 3110 1073 3140 Pro-

47 3160 93 3184 cri
120 3161 147 3183 ts
209 3160 231 3184 o
248 3160 310 3186 on.

94 3195 113 3222 d
139 3202 181 3231 Ut
194 3198 392 3251 'cqmpcritff
417 3206 463 3238 Ut
483 3199 639 3249 comperit
656 3205 733 3237 Dea
756 3213 885 3241 omnes
911 3203 1012 3242 editi.
1034 3211 1076 3242 ut

48 3246 85 3282 δί
106 3244 320 3295 implicitum.

1945 1350 2166 1407 Talibus

1173 1500 1192 1521 θ
1218 1496 1256 1530 Α
1266 1492 1304 1542 ft
1322 1492 1448 1544 velle]
1479 1497 1526 1531 Et
1547 1492 1652 1531 vellet
1674 1495 1812 1534 Colon-

1173 1556 1189 1584 f
1212 1556 1385 1607 Diverti.]
1410 1558 1593 1595 Divertere
1612 1558 1748 1597 Colon.
1770 1560 1928 1597 Raener.
1949 1559 2076 1599 Heins.

1175 1626 1192 1654 g
1222 1619 1326 1656 Fecit.
1346 1619 1361 1668 ]
1394 1619 1600 1664 Divertere,
1646 1620 1675 1657 ei
1704 1620 1729 1656 a
1743 1621 1780 1668 se
1797 1621 1927 1670 dimiffii
1941 1623 2165 1671 suspicionem

1125 1668 1367 1719 ingeffit,quod
1380 1670 1511 1707 Procris
1523 1670 1631 1718 fidem
1651 1671 1796 1720 conjugii
1816 1685 1884 1709 non
1903 1672 1982 1709 bene
1993 1674 2165 1722 servarit,

1118 1719 1235 1768 figura
1266 1734 1338 1769 ergo
1350 1719 1416 1769 fibi
1436 1720 1461 1757 a
1483 1721 1546 1757 dea
1566 1722 1759 1758 immutata
1781 1722 1941 1759 Athenas
1960 1737 2028 1760 non
2051 1738 2169 1774 cogno-

1120 1772 1267 1819 scendus
1285 1771 1421 1816 tendit,
1459 1781 1498 1808 ut
1526 1772 1674 1821 conjugis
1702 1771 1909 1820 pudicitiam
1931 1783 2166 1822 pertentaret,

1127 1835 1233 1870 quam
1254 1835 1332 1858 cum
1361 1822 1554 1860 innumeris
1572 1820 1837 1871 promiffionibus
1857 1824 1999 1860 tandem
2026 1828 2170 1876 coegiffit

1127 1872 1301 1916 dubitare,
1319 1873 1455 1910 malam
1471 1873 1686 1917 exclamans,
1704 1872 1849 1910 vultum
1871 1874 2012 1912 detexit.
2034 1876 2097 1912 Illa
2111 1879 2171 1915 de-

1129 1933 1257 1971 ceptam
1271 1925 1308 1971 se
1318 1923 1484 1972 sentiens,
1495 1935 1539 1964 φ’
1542 1933 1626 1973 prae
1638 1923 1766 1972 pudore
1784 1924 1953 1961 maritum
1973 1926 2169 1974 deserensitz

1119 1973 1266 2022 sylvam
1283 1975 1433 2023 profugit
1445 2002 1454 2018 ‚
1464 1986 1508 2014 (9²
1531 1975 1670 2010 Dianae
1685 1974 1811 2021 studiis
1822 1977 1952 2012 arelius
1959 1976 2104 2025 inhaefit
2117 2008 2127 2023 ‚
2140 1980 2165 2016 ιὶ

1126 2038 1197 2074 qua
1218 2035 1348 2061 certum
1367 2038 1495 2062 munus
1511 2025 1656 2073 accepit,
1695 2037 1812 2060 canem
1822 2025 2057 2074 scilicetcursu
2069 2029 2166 2065 invi-

1127 2077 1291 2120 einim&
1296 2076 1455 2124 jaculum
1466 2074 1541 2123 stne
1561 2075 1629 2112 ullo
1652 2088 1760 2112 errore
1780 2075 1975 2126 consequens
1995 2078 2168 2129 quidquid

1126 2139 1161 2162 eo
1172 2135 1342 2175 peteretur
1369 2127 1507 2164 Colon-

1176 2186 1196 2215 h
1223 2187 1426 2238 Remiffus.]
1455 2186 1615 2236 Remiffus
1635 2185 1809 2237 Cephalus
1825 2197 1955 2224 omnes
1975 2186 2077 2225 editi.

1177 2247 1186 2276 ῑ
1214 2249 1409 2299 ΛΙεηῑενη.]
1436 2255 1592 2286 Mentem
1617 2248 1785 2286 Procridis
1807 2250 1961 2286 Raener.

1177 2299 1195 2327 k
1222 2300 1392 2349 Cephalus
1410 2299 1569 2349 autem.]
1601 2301 1704 2337 Haec
1724 2300 1770 2336 de
1790 2299 1853 2336 suo
1870 2297 2007 2337 addidit
2021 2300 2167 2339 Raene⁴

1126 2351 1210 2388 rius.
1237 2352 1348 2389 Certe
1371 2363 1440 2388 nec
1467 2352 1506 2387 in
1534 2351 1615 2388 MS.
1647 2362 1717 2387 nec
1744 2350 1782 2386 in
1810 2349 2008 2397 antiquitus
2028 2352 2165 2390 excufis
2196 2395 2199 2397 ‚

1129 2409 1355 2447 comparent.
1382 2402 1603 2438 Muncxna.
1631 2400 1728 2436 Editi
1751 2399 1841 2436 olim
1864 2399 1926 2436 hic
1947 2402 2166 2440 continuant

1128 2460 1386 2497 argumentum
1407 2451 1548 2487 fabulae
1579 2462 1683 2487 xxix.
1711 2448 1766 2484 hic
1789 2461 1866 2485 cum
1879 2447 2013 2497 affidue.
2043 2452 2163 2489 Colo-

1123 2500 1255 2537 nienfis
1274 2500 1397 2537 Editio
1428 2501 1475 2537 ita
1508 2500 1654 2536 exhibet
1671 2499 1857 2548 sequentia
1883 2509 2098 2548 argumenta
2116 2501 2163 2540 ad

1125 2548 1236 2586 finem
1256 2548 1334 2586 libri
1357 2563 1365 2586 z
1405 2549 1560 2586 Tandem
1588 2562 1666 2586 cum
1688 2549 1826 2598 amiffae
1843 2550 1990 2599 conjugis
2014 2564 2165 2590 amorem

1127 2599 1296 2648 Cephalus
1307 2602 1402 2646 ferre
1422 2613 1489 2636 non
1512 2600 1632 2649 poſjet,
1659 2613 1755 2636 orare
1782 2600 1948 2644 veniam,
1976 2613 2020 2641 (φ
2037 2605 2076 2650 se
2089 2612 2167 2652 pec-

1125 2649 1205 2697 casse
1222 2650 1259 2686 in
1278 2650 1444 2687 tentando
1456 2649 1564 2698 fidem
1576 2650 1703 2700 salvae
1717 2650 1863 2699 conjugis
1880 2652 1991 2697 fateri
2019 2666 2086 2689 non
2106 2654 2165 2690 de·

1118 2698 1205 2748 siit,
1231 2700 1313 2736 adeo
1342 2711 1382 2737 ut
1411 2702 1562 2750 cupitam
1591 2701 1734 2737 eandem
1763 2700 1957 2746 reduceret,
1985 2715 2063 2740 cum
2094 2716 2166 2754 qua

1122 2749 1232 2799 postea
1257 2750 1318 2787 diu
1343 2750 1489 2788 dulciter
1513 2751 1703 2789 admodum
1732 2751 1840 2789 vixit.
1891 2757 1997 2789 Dona
2024 2764 2165 2799 autem,

1129 2814 1216 2850 quae
1246 2801 1271 2837 a
1298 2802 1419 2838 Diana
1442 2810 1630 2851 acceperat,
1638 2801 1798 2852 jaculum
1808 2801 1942 2851 scilicet
1960 2815 2003 2843 ξφ
2023 2817 2140 2841 canem
2154 2833 2166 2849 ,

1130 2851 1257 2888 marito
1269 2852 1333 2899 suo
1357 2851 1456 2888 velut
1475 2861 1531 2902 pro
1554 2853 1838 2902 redintegratione
1856 2854 1983 2890 amoris
2008 2856 2166 2892 contulit.

1129 2906 1184 2936 Ee
1204 2902 1326 2951 quihus
1348 2902 1441 2939 canis
1457 2902 1595 2953 quidem
1617 2917 1694 2940 cum
1710 2904 1905 2953 postferam
1924 2904 2038 2953 miffies
2051 2933 2060 2948 ,
2074 2905 2165 2939 mim

1129 2965 1206 2988 earn
1237 2953 1416 2989 velocitate
1440 2958 1693 3004 prosequeretur
1712 2983 1722 2997 ‚
1753 2969 1811 2991 nec
1847 2956 1926 3000 fera
1954 2955 2087 2991 tardior
2106 2967 2166 2989 ur-

1123 3012 1258 3050 gentem
1281 3002 1458 3052 effugeret‚
1486 3005 1679 3042 volentibus
1699 3005 1763 3042 diis
1801 3007 1899 3049 cursu
1926 3003 2041 3040 ambos
2068 3003 2166 3038 invi-

1128 3055 1195 3090 etos
1206 3054 1286 3102 esse,
1314 3054 1350 3090 in
1374 3056 1558 3093 marmoris
1586 3055 1723 3104 effigiem
1755 3054 2040 3099 transformavit,
2051 3052 2166 3099 jaculi

1129 3114 1250 3140 autem
1269 3104 1378 3141 multo
1403 3106 1546 3153 gravior
1569 3107 1645 3152 fuit
1674 3116 1829 3142 eventus.
1887 3110 1982 3139 Nam
2004 3115 2079 3137 cum
2094 3102 2165 3150 post

1130 3163 1297 3201 receptam
1317 3155 1488 3202 conjugem
1506 3155 1677 3204 Cephalus
1684 3155 1785 3204 sclito
1804 3152 1957 3190 venandi
1976 3151 2089 3197 stadio
2109 3152 2166 3188 in-

1124 3202 1251 3250 sisteret
1263 3231 1272 3246 ,
1301 3215 1344 3242 <9⁴
1360 3217 1400 3239 ex
1414 3205 1651 3251 consuetudine
1666 3233 1673 3247 ‚
1696 3206 1870 3253 postquam
1882 3204 1977 3248 feras
1989 3202 2168 3251 insequen-

1131 3253 1172 3288 do
1181 3252 1284 3300 feffm
1310 3252 1404 3302 esset,
1434 3254 1588 3292 vallium
1607 3254 1746 3291 umbras
1765 3252 1929 3300 &frigus
1941 3261 2068 3301 peteret
2083 3280 2091 3295 ‚
2119 3253 2170 3289 ie‘i

2029 3306 2173 3341 Auram
