2483 3616
284 174 1954 260 METAMORPHOSEONmem.

2065 200 2165 254 921

313 299 431 354 Nec
458 297 551 351 tibi
576 294 796 347 deliciae
822 290 1029 357 faciles,
1069 293 1388 366 vulgataque
1413 291 1619 347 tantum

310 370 541 424 Munera
567 366 911 436 contingent,
951 367 1165 430 damae,
1202 367 1545 438 leporesque,
1586 381 1910 439 capraeque,

313 442 480 495 Parve
503 438 901 503 columbarum,
939 440 1221 494 demtusve
1245 441 1521 493 cacumine
1545 437 1729 493 nidus:

312 513 492 567 Inveni
516 512 759 584 geminos
776 557 787 575 ‚
828 512 922 584 qui
947 525 1129 566 tecum
1159 510 1346 565 ludere
1373 510 1569 582 poffint
1588 549 1603 573 ,

172 585 270 653 835
308 584 450 639 Inter
473 585 524 639 se
551 585 738 640 similes
756 624 772 649 ,
808 586 900 640 vix
921 599 980 639 ut
1007 584 1322 657 dignoscere
1345 581 1533 654 poffiS,

309 657 538 712 Villosae
563 659 766 713 catulos
788 657 843 711 in
869 658 1081 712 summis
1106 655 1376 711 montibus
1404 654 1567 709 ursae.

306 729 488 784 Inveni
515 749 526 784 :
569 732 624 784 &
650 730 945 794 Dominae,
971 731 1107 793 dixi,
1141 728 1459 783 servabimus
1487 726 1623 780 istos

301 802 420 873 Jam
446 803 614 857 modo
639 803 892 858 coeruleo
916 803 1147 857 nitidum
1173 813 1334 871 caput
1360 799 1541 854 exsere
1564 811 1766 871 ponto:

300 876 448 947 jam,
487 875 740 940 Galatea,
779 876 901 929 veni
933 893 943 927 :
986 892 1086 929 nec
1116 891 1335 929 munera
1360 872 1572 943 despice
1596 872 1787 927 nostra.

168 944 270 1015 840
310 948 477 1003 Certe
501 966 605 1020 ego
632 965 717 1003 me
745 947 900 1009 novi,
937 946 1278 1019 liquidaeque
1305 946 1361 999 in
1385 946 1615 1017 imagine
1643 944 1753 1000 vidi

310 1022 497 1092 Nuper
521 1038 685 1094 aquae
712 1039 724 1074 ε
765 1019 1071 1092 placuitque
1100 1018 1229 1072 mihi
1255 1036 1371 1072 mea
1396 1018 1567 1072 forma
1598 1017 1822 1075 videnti.

308 1093 573 1163 Adspice,
608 1093 701 1146 sim
725 1105 968 1165 quantus.
1009 1108 1120 1145 non
1146 1090 1220 1144 est
1244 1091 1347 1144 hoc
1375 1107 1604 1162 corpore
1631 1089 1799 1160 major

301 1165 547 1237 Juppiter
571 1166 624 1219 in
649 1167 806 1219 coelo
834 1182 844 1217 :
886 1181 1008 1219 nam
1035 1181 1130 1217 vos
1157 1180 1368 1217 narrare
1395 1162 1568 1217 soletis

310 1238 504 1292 Nescio
532 1254 694 1310 quem
724 1255 948 1308 regnare
968 1235 1177 1306 Jovem.
1218 1253 1371 1289 coma
1396 1235 1618 1306 plurima
1646 1249 1835 1290 torvos

167 1307 262 1382 845
305 1309 582 1364 Prominet
609 1310 665 1364 in
694 1312 893 1373 vultUS,
932 1309 1321 1381 humerosque,
1359 1319 1418 1360 ut
1446 1309 1620 1371 luCUS,
1657 1306 1958 1364 obumbrat.

309 1383 426 1436 Nec
455 1383 584 1437 mihi
611 1382 760 1454 quod
786 1382 970 1454 rigidis
997 1382 1216 1437 horrent
1245 1378 1539 1434 denfiffima
1564 1381 1682 1436 setis

308 1455 583 1527 Corpora,
621 1468 776 1527 turpe
804 1468 945 1526 puta.
986 1455 1151 1527 turpis
1180 1454 1286 1508 sine
1311 1453 1589 1507 frondibus
1617 1453 1794 1508 arbos:

310 1526 511 1599 Turpis
536 1545 731 1600 eunS,
770 1527 863 1582 nisi
888 1528 1020 1582 colla
1040 1528 1195 1599 jubae
1221 1526 1469 1580 flaventia
1495 1527 1688 1581 velent.

310 1599 498 1654 Pluma
521 1602 654 1672 tegit
683 1601 926 1655 volucres
953 1619 964 1654 :
1007 1600 1193 1655 ovibus
1220 1599 1306 1653 sua
1330 1599 1444 1653 lana
1469 1599 1654 1654 decori
1677 1598 1780 1654 est:

174 1669 277 1738 850
316 1671 485 1726 Barba
507 1674 648 1727 viros
666 1713 680 1737 ,
717 1674 992 1744 hirtaeque
1018 1673 1208 1727 decent
1236 1672 1290 1726 in
1319 1688 1549 1743 corpore
1574 1671 1730 1725 setae.

311 1742 496 1798 Unum
521 1745 595 1799 est
619 1746 675 1799 in
700 1745 878 1799 media
902 1747 1082 1799 lumen
1110 1745 1239 1799 milii
1267 1744 1475 1806 fronte,
1513 1742 1603 1796 sed
1636 1742 1793 1796 instar

310 1815 543 1888 Ingentis
567 1818 755 1890 clypei.
791 1818 923 1891 quid
950 1818 966 1869 ?
1007 1835 1118 1873 non
1141 1818 1271 1872 haec
1296 1816 1473 1870 omnia
1499 1832 1721 1887 magnus

31 2009 93 2047 hic
111 2009 262 2066 Noster,
285 2012 372 2050 licet
389 2011 560 2053 nonnihil
578 2012 775 2063 discrepet,
804 2013 948 2053 videtur
959 2014 1074 2053 multa

34 2059 215 2109 accepisse.
245 2062 412 2111 Ciorau.

84 2111 167 2159 835.
198 2117 287 2157 Inter
307 2113 343 2160 fis
362 2111 528 2164 fimiles.]
563 2115 745 2160 Videtur,
772 2114 848 2160 ita,
876 2115 950 2153 five
968 2116 1072 2159 adeo,

33 2160 335 2199 subaudiendum.
370 2163 493 2211 Atque
511 2166 597 2203 huic
618 2165 741 2204 similis
762 2167 836 2204 fere
860 2167 1001 2204 locutio
1024 2166 1073 2203 est

35 2211 94 2248 illa
116 2212 282 2250 Plautina
305 2213 340 2249 in
363 2213 522 2262 Prologo
538 2216 734 2255 Maenech.
762 2217 804 2254 Ei
822 2218 905 2264 sunt
917 2216 1074 2264 natifilii

33 2261 100 2297 duo
113 2263 266 2310 gemini,
299 2269 352 2298 Ita
367 2261 724 2313 fimiliformapueri,
744 2278 783 2304 ut
794 2268 979 2311 matersua
993 2274 1074 2305 Non

31 2312 227 2362 internoſjet
241 2342 250 2357 ,
279 2326 366 2363 quae
385 2327 579 2351 mammam
599 2316 718 2355 dabat.
747 2319 864 2356 IDEM.

83 2363 167 2411 835.
199 2365 262 2400 Vix
282 2374 320 2399 ut
341 2364 526 2413 dignoscere
540 2365 668 2416 poffis.j
699 2367 820 2414 Poffint
831 2367 1075 2416 praecesserat.

33 2423 74 2449 ut
92 2414 157 2449 vix
180 2416 355 2463 quinque.
386 2415 516 2458 Forte,
539 2427 581 2455 00⁴
593 2416 657 2452 vix
668 2416 941 2466 dignoscerequos
956 2417 1014 2466 fit.
1028 2420 1074 2456 de

33 2474 111 2512 quo
133 2465 348 2501 Graecismo
366 2467 402 2503 in
421 2466 554 2513 scriptis
576 2466 790 2504 Nasonianis
812 2467 969 2514 pluribus
989 2468 1074 2505 alibi

34 2513 169 2551 aftum.
201 2516 336 2553 Heius.
367 2516 542 2562 Dinoscere
565 2516 733 2554 Leidens.
754 2525 793 2554 ut
815 2517 914 2554 scribi
925 2517 1072 2555 solitum

35 2564 194 2602 vidimus
210 2593 218 2607 ‚
251 2565 295 2603 ad
319 2566 499 2614 Quinctil.
520 2579 572 2604 xx.
593 2566 638 2604 de
658 2567 738 2603 Inst.
755 2568 857 2604 Orat.
874 2568 954 2615 3.&
968 2563 1074 2606 Deci.

36 2625 106 2652 v11.
134 2629 164 2663 ς.
192 2616 372 2663 discernere
392 2618 562 2654 Gronov.
585 2618 622 2654 &
647 2617 842 2654 Leidenses
859 2618 946 2654 duo.

86 2664 170 2714 837.
200 2667 343 2711 Inveni,
372 2679 415 2706 ω’
435 2666 549 2718 dixi]
580 2671 625 2704 Et
638 2668 820 2713 Dominae,
835 2667 911 2705 dixi
927 2667 1081 2707 Bam&

43 2712 188 2754 Bonon.
210 2718 351 2754 reciius.

89 2766 174 2814 838.
210 2768 372 2805 Caeruleo
415 2777 514 2816 caput
550 2782 643 2805 exere
686 2767 823 2818 ponto.]
881 2769 1006 2805 Exime
1044 2768 1081 2806 S.

37 2815 166 2854 Marci.
195 2818 338 2855 Heius.
366 2818 585 2855 Admodum
610 2820 747 2857 variant
768 2819 1078 2857 codices.niveum

40 2876 137 2914 eaput
169 2868 379 2912 Mediceis,
408 2868 556 2904 rutilum
588 2869 688 2906 Balil.
717 2871 830 2918 qualis
864 2872 1013 2907 varietas
1039 2872 1078 2907 δε

39 2916 98 2954 lib.
120 2929 152 2954 v.
171 2929 257 2963 440.
287 2918 345 2954 sed
368 2919 455 2955 alter
474 2919 573 2956 Basil.
597 2933 755 2957 raucum.
774 2921 868 2957 forte
881 2933 963 2968 pro,
977 2920 1080 2968 glau-

42 2979 142 3010 cum;
174 2977 212 3005 ut
245 2968 332 3005 olim
356 2969 526 3006 Heinsius
547 2971 766 3019 conjecerat.
802 2971 905 3018 quod
934 2972 1079 3019 proprie

41 3018 200 3054 marinae
224 3018 327 3054 Deae
349 3019 535 3056 convenit.
563 3021 720 3057 Extrahe
739 3021 978 3071 Junian.jam
991 3021 1082 3059 mihi

42 3069 152 3105 etiam
178 3070 356 3118 quinque.
377 3069 456 3116 jam
473 3081 564 3106 nune
585 3081 689 3106 unus.

93 3117 175 3164 840.
206 3125 245 3154 In
268 3118 455 3167 imagine]
488 3125 527 3155 In
548 3120 703 3167 margine
729 3121 904 3159 tredecim
929 3122 1021 3160 libri.

91 3167 175 3216 843.
206 3175 302 3204 Nam
326 3169 458 3218 vobis.]
488 3171 603 3216 {Quem
623 3182 684 3205 vos
705 3169 845 3207 Medic.
862 3171 1024 3212 Florent.
1046 3175 1085 3212 &

41 3217 141 3254 aliUS.
169 3219 312 3256 mallem
328 3248 338 3262 ‚
359 3233 422 3268 quo
441 3232 512 3255 vos.

97 3266 177 3313 844.
207 3274 332 3305 Torvos
346 3269 517 3318 prominet
537 3268 575 3305 in
596 3268 756 3318 vultus.]
786 3269 921 3307 Nescio
943 3282 988 3307 an
1008 3279 1085 3311 tam

46 3315 212 3356 stolidum
233 3319 401 3370 Cyclopa
422 3319 558 3369 fingere
577 3319 708 3368 liceat,
737 3327 777 3358 ut
790 3329 903 3373 torvos
913 3320 994 3373 suos
1005 3323 1087 3363 vul-

2081 1886 2173 1943 Sol

1129 2021 1186 2052 tus
1207 2013 1403 2057 Galateae,
1433 2013 1491 2051 cui
1509 2010 1650 2059 placere
1674 2009 1846 2056 volebat,
1870 2010 2032 2060 jaeiaret.
2052 2011 2175 2058 nostros

1128 2066 1166 2102 in
1190 2076 1267 2101 uno
1293 2066 1412 2113 Regio
1435 2065 1471 2101 &
1496 2063 1625 2100 Oxon.
1652 2062 1710 2099 sed
1732 2063 1766 2098 in
1791 2062 1920 2100 codice
1942 2063 2111 2099 Politiani
2134 2063 2174 2099 &

1129 2115 1239 2153 tribus
1261 2115 1336 2152 aliis
1359 2123 1454 2159 erat,
1474 2116 1606 2161 fortes,
1632 2111 1734 2160 quod
1755 2112 1883 2162 placet.
1911 2111 2175 2160 iicEp.1v.73.

1181 2167 1363 2214 §Quemque
1372 2176 1498 2201 vocant
1510 2163 1573 2199 alii
1583 2163 1726 2198 vultum
1738 2162 1953 2211 rigidumque
1964 2172 2175 2210 trucemque,

1230 2222 1296 2260 Pro
1317 2216 1446 2264 rigido,
1473 2214 1630 2252 Phaedra
1652 2213 1792 2261 judice,
1813 2215 1918 2258 fortis
1938 2222 2023 2249 erat.

1132 2267 1297 2303 Imminet
1318 2268 1430 2304 etiam
1454 2266 1587 2313 Sprotii
1609 2263 1775 2301 Cantabr.
1798 2264 1835 2300 δε
1857 2263 1997 2300 Balliol.
2019 2261 2176 2300 &multi

1131 2317 1201 2355 alii.
1227 2326 1268 2353 ut
1286 2318 1373 2353 vitis
1391 2316 1573 2354 obumbrat
1598 2315 1664 2351 see.
1685 2314 1807 2350 Vatic.
1836 2313 1965 2350 Euam.

1183 2367 1265 2412 846.
1291 2367 1456 2417 Rigidis.]
1496 2367 1603 2402 Duris
1635 2364 1792 2411 plurimi.
1813 2375 1880 2412 pro
1902 2376 1960 2400 nec
1979 2374 2055 2400 mea
2077 2389 2087 2407 ,
2115 2374 2175 2400 nec

1131 2417 1220 2453 mihi
1241 2418 1353 2455 etiam
1377 2418 1513 2455 Medic.
1533 2418 1570 2453 ὅς
1591 2415 1718 2451 Ambr.

1181 2468 1264 2514 847.
1293 2468 1412 2515 Turpis
1413 2466 1488 2516 fine
1496 2465 1683 2514 frondibus
1694 2463 1832 2514 arbor.]
1863 2463 2178 2512 Arbosmelioresg

1130 2526 1228 2566 turpe
1241 2516 1317 2566 fine
1340 2519 1485 2555 Gencv.
1508 2518 1601 2554 Puto
1617 2544 1626 2560 ‚

1357 2578 1452 2617 turpe
1472 2567 1514 2613 est
1523 2566 1598 2616 fine
1610 2565 1796 2614 frondibus
1814 2565 1934 2611 arbos,

1186 2623 1293 2667 Turpe
1311 2629 1354 2658 (φ
1375 2632 1491 2667 equus.

1133 2677 1266 2706 notum
1286 2670 1374 2707 illud
1394 2682 1437 2706 ex
1462 2668 1683 2712 Amoribus‚

1187 2725 1294 2767 Turpe
1308 2723 1414 2768 senex
1437 2720 1533 2756 miles
1547 2746 1555 2760 ‚
1584 2728 1680 2768 turpe
1692 2717 1814 2768 senilis
1837 2731 1947 2756 amor.

1135 2770 1183 2808 ita
1204 2770 1328 2817 paffim
1353 2769 1530 2808 tersiffiini
1552 2770 1752 2818 scriptores.
1780 2769 1930 2806 Hsms.
1959 2767 2027 2806 Sed
2048 2768 2108 2806 hic
2127 2767 2179 2807 sca

1134 2822 1280 2870 quitur,
1309 2821 1417 2870 turpis
1435 2832 1551 2868 equus.

1186 2870 1270 2917 848.
1300 2870 1526 2919 flaventia]
1557 2869 1799 2907 flammantia
1824 2882 1917 2907 unus
1931 2868 2116 2907 Leidenfis
2139 2868 2178 2904 δε

1134 2920 1296 2958 Florent.
1322 2920 1404 2958 vide
1427 2920 1517 2969 supr.
1537 2922 1580 2958 ad
1601 2933 1691 2959 vers.
1709 2933 1791 2967 421.
1821 2920 1942 2957 velant
1966 2920 2179 2966 etianiqua-

1134 2980 1219 3009 tuor
1238 2972 1329 3009 libri.

1187 3022 1269 3069 849.
1301 3021 1456 3071 Decori.]
1498 3027 1666 3059 Decorum
1696 3020 1740 3066 est
1770 3017 1939 3057 Leidens.
1968 3018 2009 3053 τὸ
2039 3015 2082 3063 est
2108 3024 2179 3053 tres

1138 3084 1215 3110 non
1234 3073 1381 3110 habent.

1193 3123 1235 3171 ὃς
1248 3136 1275 3160 1.
1298 3129 1412 3159 Unum
1421 3122 1463 3169 est
1473 3122 1510 3158 in
1522 3121 1635 3158 media
1645 3120 1762 3156 lumen
1772 3115 2061 3166 mihifronte‚sed
2071 3115 2182 3162 instar·

1142 3176 1292 3223 Ingentis
1306 3173 1436 3220 clypea]
1458 3173 1516 3208 De
1530 3184 1606 3220 quo
1618 3171 1664 3207 fic
1675 3171 1846 3218 Virgilius
1856 3170 1945 3205 'libro
1958 3180 2018 3203 ιιι.
2029 3167 2083 3208 >8111
2095 3169 2139 3215 63
2149 3179 2182 3214 ς.

1192 3237 1213 3244 ‘2
1370 3235 1412 3261 <0³
1435 3222 1498 3258 telo
1520 3221 1728 3258 terebramus
1744 3230 1843 3255 acuto

1196 3280 1337 3320 Ingens,
1367 3272 1457 3320 quod
1476 3281 1578 3307 torva
1592 3270 1707 3318 solum
1719 3269 1784 3316 sub
1797 3270 1914 3315 fronte
1932 3266 2085 3310 latebat,

1194 3321 1351 3372 Argolici
1372 3321 1494 3369 clypei,
1523 3331 1585 3358 aut
1608 3318 1774 3369 Rhoeheae
1794 3318 1966 3368 lampadis
1984 3317 2105 3367 instar.

1319 3370 1511 3411 Aaaaaa
1542 3383 1563 3409 ι.
2059 3367 2195 3417 Τὶῑεοῑζ
