2483 3616
633 141 746 201 IN
820 133 1960 195 METAMORPHOSIN.

195 266 462 307 emendatione
490 273 565 305 tam
589 265 757 304 venustus
779 260 873 298 effici
892 259 1032 310 potest,
1060 259 1150 309 quin
1175 271 1243 298 ve·

197 319 336 359 nustior
356 319 398 357 fit
417 318 629 356 consecutio
643 343 653 358 ,
1184 324 1188 330 ‘

635 374 699 411 His
719 372 876 418 lacertis,
906 380 981 413 Hac
1000 371 1140 411 cervice.

303 441 395 479 Ead.
414 442 499 479 Fab.
518 437 607 477 vers.
626 449 710 483 209.

253 497 349 540 Saepe
366 499 595 531 retentantem
615 498 703 524 totas
725 487 910 535 infringere
928 484 1041 532 vestes.

201 552 351 591 Durum
382 557 419 592 ὃς
447 551 654 590 inufitatum
676 550 780 598 vestes
800 548 984 597 infringere
993 562 1003 590 ;
1034 545 1242 593 conftindere

199 603 355 642 dixisset.
374 603 438 651 ,sed
459 604 531 650 jam
551 603 652 650 supra
670 601 816 638 locutus
837 608 911 636 erat
928 599 972 636 de
994 597 1147 634 vestibus
1162 625 1172 641 ‚
1201 598 1240 634 ὃς

201 665 247 692 ex
269 667 339 699 eo,
356 654 457 702 quod
476 654 657 702 sequitur,
676 651 954 700 sternentemque
970 648 1098 693 trabes,
1113 648 1239 696 legen-

196 704 288 744 dum
308 704 513 753 colligimus
528 731 539 747 ,
558 699 878 750 infringerefilvas.

302 766 392 804 Ead.
414 766 497 803 Fab.
516 764 604 802 vers.
624 775 707 809 227.

249 823 356 855 Nunc
376 829 505 867 quoque
525 815 563 852 in
582 814 726 851 Euboico
734 812 891 863 scopulus
905 812 1021 852 brevis
1031 812 1156 851 emin-et
1165 813 1238 851 alte

249 867 401 914 Gurgite.

197 932 233 970 Si
267 932 432 980 scopulus
460 931 580 969 brevis
612 930 660 968 est
684 957 694 973 ,
731 928 929 979 quomodo
965 927 1038 968 alte
1064 929 1204 967 eminet
1222 927 1239 967 Ρ

194 985 346 1031 Nempe
364 995 429 1031 pro
453 982 525 1019 alte
542 980 740 1030 legendum
755 980 827 1019 ille.

299 1044 384 1084 Fab.
404 1056 492 1082 xm.
514 1043 603 1081 veri.
623 1042 710 1089 685.

753 1093 900 1142 jamque
909 1091 1055 1138 ferendo

246 1151 392 1183 Vexerat
411 1144 475 1182 illa
492 1156 637 1193 gravem
656 1152 795 1181 maturo
810 1142 955 1192 pondere
973 1154 1144 1180 ventrem.

192 1208 260 1247 Dii
287 1206 375 1244 boni
400 1209 406 1243 !
445 1204 755 1254 Ingeniofisfimos
779 1206 877 1242 viros
900 1203 995 1241 adeo
1017 1205 1084 1241 alia
1105 1202 1236 1253 egifi'e,

192 1267 235 1296 ut
263 1266 338 1294 tam
359 1258 523 1294 immane
542 1257 672 1293 vitium
689 1283 700 1300 ,
736 1255 839 1304 quod
859 1254 942 1292 cum
967 1255 1151 1292 Ovidium
1173 1256 1237 1293 de-

191 1309 332 1346 format
353 1335 364 1352 ,
398 1316 476 1344 tum
499 1307 736 1344 Latinitatem
761 1307 964 1354 corrumpit
990 1307 1028 1342 &
1050 1305 1155 1343 usum
1174 1306 1238 1343 de-

190 1366 319 1407 pravat
335 1357 512 1406 loquendi
528 1385 538 1401 ‚
574 1369 650 1394 non
673 1355 1033 1394 animadverterent?
1054 1357 1122 1393 Per
1138 1357 1238 1394 hunc

191 1409 294 1446 enim
324 1420 402 1446 non
430 1416 601 1451 vexerat,
628 1407 689 1445 sed
717 1406 836 1445 adhuc
859 1407 1039 1450 vehebat,
1064 1408 1233 1445 nondum

188 1470 387 1508 puerpera,
422 1458 483 1496 sed
512 1459 716 1496 etiamnum
744 1457 904 1506 gravida.
958 1457 1028 1496 Sed
1054 1456 1121 1507 qui
1141 1470 1234 1502 oro,

188 1518 267 1547 tam
289 1508 414 1547 rustica
443 1510 585 1547 locutio
604 1519 763 1546 ventrem
783 1508 927 1553 vehere,
955 1509 991 1546 ὃς
1012 1508 1164 1557 quidem
1176 1510 1234 1556 fe-

191 1560 296 1597 rendo
316 1560 450 1597 vehere
464 1587 473 1603 ,
500 1571 594 1608 quae
615 1561 652 1597 in
676 1561 847 1597 Romana
870 1559 1048 1608 elegantia
1062 1558 1235 1596 intolera-

191 1609 272 1648 bilis
301 1610 372 1654 est,
401 1610 575 1648 credibilis
599 1610 640 1647 sit
659 1609 705 1648 de
728 1610 871 1647 Ovidio
890 1608 906 1646 ?
945 1609 1129 1658 Equidem
1150 1609 1233 1649 cum

188 1660 363 1698 horribile
386 1660 563 1697 mendum
585 1660 748 1697 viderem
765 1688 775 1705 ,
803 1672 873 1698 nec
885 1660 1235 1708 corrigendivolun-

188 1711 255 1749 tati
284 1710 433 1748 facultas
461 1723 551 1748 mox
583 1710 816 1760 suppeteret,
854 1712 1138 1749 contentionem
1160 1711 1234 1759 ipse

188 1771 341 1798 mecum
370 1761 504 1809 suscepi
531 1760 552 1798 a
574 1774 635 1798 me
654 1761 900 1809 impetrandi,
928 1761 1031 1810 quod
1052 1774 1114 1799 me
1132 1773 1235 1810 prae-

189 1810 356 1849 stiturum
389 1823 503 1860 prope
535 1811 772 1859 desperatam.
827 1812 956 1861 Itaque
983 1813 1055 1850 feci
1081 1813 1234 1861 ingenio

189 1862 269 1898 vim
289 1889 298 1904 ,
324 1862 426 1909 quod
439 1891 448 1906 ,
478 1870 518 1899 ut
535 1862 712 1900 Sallustius
732 1864 782 1900 ait
798 1890 808 1906 ,
836 1863 896 1900 ubi
916 1863 1114 1903 intenderis
1125 1863 1234 1902 valet:

193 1912 232 1950 ὃς
250 1911 410 1952 succeffit
431 1912 644 1951 emendatio
665 1914 848 1962 quantivis
868 1914 973 1962 pretii
993 1927 1001 1951 :

733 1982 880 2032 jamque
889 1981 1033 2029 ferendo

242 2031 336 2080 Fessa
357 2040 431 2069 erat
451 2030 513 2068 illa
534 2043 608 2072 wc.

295 2094 385 2131 Ead.
407 2093 493 2130 Fab.
512 2094 600 2131 vers.
619 2103 702 2140 712.

240 2144 447 2193 'Impercepta
467 2143 526 2192 piat
545 2145 725 2181 mendacia
734 2146 866 2192 fraude
880 2146 1050 2186 latebantss

189 2209 310 2247 versus
336 2209 583 2251 Monasticus,
620 2221 698 2246 non
720 2210 952 2254 Ovidianus;
990 2222 1060 2249 nec
1079 2200 1232 2251 tanti'ut

191 2259 411 2298 emendetur
420 2272 432 2302 3
461 2259 521 2296 sed
540 2259 618 2296 talis
635 2267 676 2297 ut
692 2261 921 2309 explodatur.

239 2326 271 2364 F
273 2324 328 2362 ab.
345 2336 425 2363 xxv.
451 2324 541 2362 vers.
558 2334 642 2372 729.
669 2325 705 2361 Si
721 2325 773 2363 dii
789 2327 879 2364 mihi
893 2337 1032 2376 parcere
1047 2327 1202 2373 vellentg

240 2374 385 2413 Perdere
401 2374 603 2412 debuerant.-
615 2374 650 2423 si
668 2389 736 2412 non
756 2389 800 2416 (9-
811 2378 951 2427 perdere
967 2377 1099 2415 vellent
1111 2393 1124 2420 ;

240 2425 417 2463 Naturale
436 2425 572 2463 malum
584 2426 714 2473 saltem
726 2455 736 2470 ‚
765 2439 809 2466 ω’
828 2428 868 2465 de
886 2442 978 2466 more
997 2428 1170 2478 dediffent.

189 2476 315 2525 Lego,
326 2473 361 2524 fi
376 2489 445 2513 non
460 2489 514 2513 me
528 2476 663 2524 perdere
680 2477 825 2515 vellent.

237 2535 330 2574 Ead.
350 2537 434 2574 Fab.
452 2538 542 2575 vers.
564 2549 647 2585 754.
751 2550 810 2574 nec
830 2547 870 2574 ut
891 2539 1009 2576 omnia
1026 2540 1147 2587 fiant,

189 2584 263 2635 Effi’
279 2594 372 2634 potes
379 2587 472 2634 felix
485 2615 495 2631 ‚
522 2598 562 2625 ut
582 2589 712 2638 Diique
731 2587 952 2641 hominesque
973 2590 1140 2631 laborent.

238 2637 348 2686 Lego
363 2665 374 2683 ‚
395 2647 440 2678 (9·
458 2637 599 2689 Diique.

456 2732 951 2780 LIBROXZ

244 2835 332 2875 Fab.
353 2847 390 2874 v.
417 2835 512 2891 vers..
529 2850 610 2884 157.
638 2840 737 2877 nulla
759 2850 878 2878 tamen
895 2841 981 2878 alite
999 2842 1117 2886 verti,

242 2887 423 2944 pignatur
438 2913 448 2930 ‚
475 2883 540 2934 msi
559 2900 644 2942 quae
662 2900 777 2936 portat
792 2892 861 2940 sua
876 2892 1037 2939 fulmina
1055 2904 1178 2932 terrae.

190 2934 388 2976 Verior-em
432 2945 522 2983 puto
551 2937 750 2977 lechonem
781 2942 876 2979 Edit.
906 2942 1008 2980 Bafil.
1040 2944 1138 2992 poffit
1158 2945 1229 2994 sua

179 2988 342 3034 fulmina
352 2989 457 3034 ferre.
484 2988 530 3024 Et
552 2986 653 3036 quod
675 2990 788 3044 magis
803 2992 848 3029 ad
862 2994 1152 3034 Grammaticam
1170 2997 1227 3034 in-

189 3039 295 3077 terest
310 3066 319 3079 .
350 3050 414 3086 pro
436 3050 522 3085 quae
540 3038 737 3086 legendum
757 3046 848 3087 puto
867 3044 950 3089 qud,

295 3089 379 3126 Fab.
400 3101 434 3126 x.
454 3087 542 3125 vers.
565 3100 650 3138 399.

188 3187 192 3195 Ι
242 3145 302 3176 Ira
324 3139 436 3176 Derim
455 3136 528 3186 five
547 3141 611 3186 est,
629 3139 741 3187 fitcris
755 3138 970 3189 placabimus
987 3141 1091 3184 iram.

187 3188 253 3229 An
267 3217 277 3234 ,
305 3189 385 3226 Sive
413 3190 456 3236 est
483 3189 538 3226 ira
568 3189 685 3228 Derim
705 3200 721 3230 ,ε
750 3191 812 3230 An
832 3203 899 3241 pro
909 3191 1021 3241 sacris
1039 3194 1109 3232 fuit
1123 3197 1226 3238 aris?

186 3239 416 3281 Alterutrum
439 3250 569 3279 verum
592 3240 654 3281 est.
1138 3244 1139 3247 ’
1211 3247 1216 3250 ’

285 3295 458 3342 {szlk

2222 159 2357 213 1099

1400 260 1486 298 Fab.
1504 273 1558 301 xr.
1582 259 1671 299 vers.
1691 259 1774 307 426.

1350 311 1537 360 Multaque
1554 321 1593 348 ut
1611 319 1781 348 excuteret
1801 310 1911 354 diros,
1933 310 1966 357 si
1976 312 2094 360 peffet,
2121 326 2275 362 amores,

1303 389 1308 394 .
1348 361 1517 397 Addidit.
1537 372 1575 397 at
1596 363 1691 409 Virgo
1705 361 1821 410 scitse
1841 362 2010 408 nonsalsa
2033 366 2183 402 mmeri:

1348 415 1457 446 cerm
1477 412 1564 447 mori
1582 421 1700 448 tamen
1721 411 1776 458 est.
1803 412 1910 460 Lego
1928 422 1970 449 ω’
1992 412 2096 460 Virgo.

1400 461 1490 497 Ead.
1510 461 1592 497 Fab.
1613 463 1701 499 vers.
1719 474 1804 509 429.

1348 511 1455 555 Vive,
1492 511 1568 554 ait,
1596 510 1699 554 haec;
1732 512 1857 560 potiere
1878 520 1934 547 tuo
1947 526 1959 555 ;
1988 523 2056 548 non
2073 515 2154 561 ausa
2166 519 2331 564 parente,¹

1297 560 1427 598 Dicere.
1455 561 1582 598 malim
1602 570 1780 609 parentem
1798 562 1930 601 Dicere.

1399 611 1488 649 Ead.
1509 611 1594 648 Fab.
1611 612 1700 648 vers.
1724 624 1806 660 507.

1344 668 1416 698 Nec
1437 661 1568 699 Lucina
1582 663 1685 710 potest
1701 663 1868 709 parientis
1888 676 1967 700 voce
1988 664 2119 702 vocari.

1292 713 1368 750 Hic
1398 712 1516 749 versus
1537 711 1665 749 melius
1687 710 1818 750 abelset
1833 741 1841 756 ,
1870 715 1907 750 &
1930 715 2013 762 quia
2034 715 2162 753 melius
2180 714 2335 761 abeffet,

1295 763 1425 800 Ovidii
1455 761 1526 799 effe
1549 774 1626 800 non
1646 770 1751 809 puto.
1805 764 1902 800 Nam
1926 764 2027 812 quod
2047 766 2204 814 sequitur
2224 779 2231 803 ε
2268 768 2335 804 Ni-

1292 813 1382 850 tenti
1411 824 1531 850 tamen
1550 813 1593 859 est
1606 812 1755 862 fimili53
1785 814 1945 851 alienum
1973 815 2257 855 Nominativum
2276 819 2337 854 in·

1291 864 1412 901 terseri
1442 864 1622 911 prohibet.
1673 863 1756 900 Nec
1784 865 1938 912 Myrrha
1969 866 2108 912 pariens
2139 877 2236 912 erat,
2274 867 2335 906 sed

1291 914 1500 963 parturiens.
1553 915 1608 950 Ut
1634 921 1773 951 taceam
1789 942 1799 958 ‚
1838 915 1941 964 quod
1963 926 2054 952 mox
2080 916 2166 954 adlit
2192 919 2336 956 Lucina

1292 977 1371 1002 non
1392 973 1535 1002 vocata.
1563 965 1621 1002 Ac
1640 976 1772 1001 vereor
1790 966 1973 1003 interdum
1990 994 1999 1010 ,
2027 977 2074 1003 ne
2093 968 2306 1015 quibusdam
2321 996 2334 1013 ,

1294 1023 1352 1053 tot
1381 1027 1426 1053 ex
1446 1015 1588 1053 Ovidio
1618 1014 1773 1052 verubus
1794 1016 2075 1062 proscribendis,
2104 1016 2200 1054 male
2222 1018 2266 1055 de
2284 1031 2332 1057 eo

1294 1066 1427 1104 mereri
1446 1066 1592 1111 videar,
1620 1077 1690 1102 nec
1707 1074 1782 1103 tam
1804 1066 1941 1103 Nasoni
1960 1068 2077 1104 facere
2090 1067 2308 1106 medicinam
2325 1097 2340 1115 ,

1292 1116 1408 1166 quam
1438 1118 1545 1154 novis
1574 1129 1659 1154 eum
1686 1117 1984 1165 gravioribusque
2006 1118 2235 1156 consauciare
2254 1120 2335 1157 vul-

1293 1168 1461 1212 neribus,
1499 1169 1561 1211 &‚
1593 1176 1630 1206 ut
1662 1167 1831 1204 Plautino
1862 1175 1940 1204 utar
1966 1168 2105 1213 verbo,
2133 1169 2336 1208 deartuare.

1294 1219 1411 1267 Quod
1434 1227 1560 1256 contra
1580 1220 1615 1256 in
1640 1219 1823 1255 memoria
1844 1218 2052 1255 habendum
2076 1219 2146 1263 est,
2173 1220 2210 1258 id
2230 1220 2335 1268 quod

1292 1271 1362 1307 viri
1393 1269 1589 1307 doctissimi
1612 1270 1690 1318 Jam
1719 1269 1858 1316 pridem
1886 1268 2062 1306 testificati
2083 1270 2185 1314 sunt,
2212 1272 2247 1307 in
2267 1282 2338 1314 ne<

1293 1322 1433 1358 minem
1458 1322 1656 1358 Po‘e'tarum
1686 1319 1762 1366 plus
1786 1319 1847 1357 fibi
1867 1321 2113 1357 temeritatem
2136 1321 2334 1360 sciolorum

1293 1371 1525 1421 quorundam
1554 1368 1750 1420 permiflffe
1788 1369 1902 1420 quam
1938 1372 1977 1408 in
2005 1371 2104 1408 hunc
2126 1399 2136 1415 ‚
2174 1379 2212 1408 ut
2240 1372 2298 1409 cui
2318 1400 2332 1416 .

1293 1434 1359 1470 pro
1392 1423 1551 1460 candore
1576 1434 1618 1460 ac
1649 1422 1820 1465 facilitate
1851 1419 1911 1459 sua
1941 1422 2003 1459 uni
2025 1423 2195 1458 omnium
2217 1424 2335 1460 maxi-

1292 1472 1355 1510 me
1386 1474 1481 1511 inter
1507 1484 1636 1511 manus
1665 1471 1839 1515 versanti,
1874 1470 2047 1510 facillime
2067 1470 2208 1519 possent
2227 1473 2335 1522 inep-

1290 1525 1422 1562 tiarum
1442 1524 1583 1562 suarum
1608 1523 1763 1561 scabiem
1784 1522 1946 1560 affricare
1968 1535 1975 1559 :
2012 1521 2085 1571 qua
2104 1524 2165 1571 qui
2189 1523 2335 1572 elegan-

1290 1575 1467 1613 tiffimum
1497 1575 1653 1613 Poetam
1684 1582 1814 1621 purget
1836 1585 1878 1611 ac
1898 1574 2083 1621 detergat,
2110 1573 2333 1621 pristinoque

1288 1625 1354 1663 suo
1385 1627 1498 1663 nitori
1519 1626 1698 1669 restituat,
1732 1625 1831 1662 hunc
1849 1624 1928 1673 plus
1950 1623 2000 1661 illi
2018 1625 2185 1661 conferre
2213 1624 2334 1662 existi-

1290 1688 1355 1713 mo
1383 1675 1497 1725 quarn
1531 1677 1624 1726 qui,
1666 1673 1833 1724 negleeta
1872 1675 2034 1723 corporis
2063 1673 2146 1712 cura
2167 1702 2176 1718 ,
2225 1676 2332 1713 variis

1291 1728 1504 1775 corruptelis
1541 1736 1652 1775 atque
1682 1725 1997 1764 incrustationibus
2023 1726 2124 1762 velut
2153 1725 2333 1763 ulceribus

1289 1777 1486 1815 scatentem
1509 1777 1876 1815 Commentariorum
1903 1775 1997 1813 veste
2016 1775 2230 1813 circumdet.
2272 1776 2334 1814 Ac

1290 1828 1316 1865 fi
1339 1829 1432 1866 bene
1457 1828 1644 1866 Nasonem
1665 1828 1780 1873 novi,
1809 1839 1857 1864 eo
1875 1827 1922 1864 est
1944 1826 2085 1863 fastidio
2100 1853 2109 1870 ,
2138 1833 2178 1863 ut
2197 1826 2334 1864 facilius

1290 1878 1440 1916 suorum
1469 1879 1639 1917 versuum
1670 1879 1762 1916 duos
1795 1878 1835 1915 fit
1856 1875 2042 1914 amissurus
2069 1875 2181 1925 quam
2213 1889 2329 1914 unum

1289 1928 1505 1968 admissurus
1522 1930 1683 1968 alienum
1701 1941 1709 1966 ε
1741 1928 1823 1966 Nec
1843 1930 1966 1975 iniqua
1985 1938 2067 1964 mea
2087 1928 2154 1964 erit
2177 1928 2333 1973 postula-

1289 1981 1345 2018 tio
1360 2009 1370 2025 ‚
1397 1989 1460 2024 ut,
1486 1982 1550 2030 qui
1572 1980 1706 2023 versus,
1728 1991 1821 2027 quos
1840 1990 1910 2026 ego
1933 1977 2046 2014 obelis
2059 1977 2211 2015 confodi
2226 2006 2234 2021 ‚
2262 1990 2328 2025 pro

1294 2031 1488 2069 ovidianis
1511 2029 1764 2068 defendendos
1789 2029 1922 2072 ducet,
1955 2035 2030 2064 tam
2059 2027 2187 2065 solidas
2205 2029 2329 2067 afferat

1289 2083 1450 2119 rationes
1472 2109 1483 2126 ‚
1519 2093 1583 2120 cur
1615 2080 1746 2117 Ovidii
1772 2079 1839 2116 fint
1859 2107 1870 2121 ‚
1904 2077 2019 2127 quam
2048 2090 2119 2126 ego
2140 2080 2241 2116 attuli
2263 2091 2325 2116 cur

1286 2143 1365 2169 non
1392 2131 1480 2175 sint,
1509 2133 1548 2169 &
1576 2129 1944 2169 demonstrationibus
1965 2140 2136 2174 mecum,
2164 2141 2240 2168 non
2262 2141 2325 2168 au·-

1286 2181 1511 2221 ‹Storitatibus
1531 2189 1683 2232 pugnet.

1538 2284 1574 2322 L
1623 2283 1640 2322 1
1694 2284 1723 2322 B
1777 2284 1812 2322 R
1864 2283 1901 2320 O
1980 2283 2065 2321 XL.

1386 2387 1472 2426 Fab.
1493 2399 1538 2425 11.
1564 2387 1653 2425 vers.
1673 2400 1732 2436 ςς.

1336 2438 1403 2474 Hic
1413 2440 1514 2484 ferus
1531 2437 1718 2486 expofitum
1732 2437 1919 2488 peregrinis
1938 2434 2060 2485 anguis
2079 2434 2192 2472 arenis

1338 2493 1386 2523 Os
1401 2487 1509 2535 petit,
1537 2489 1724 2537 &sparfhs
1736 2488 1891 2534 stillanti
1910 2501 1980 2523 rere
2006 2486 2141 2533 capillos

1341 2538 1506 2584 Lambit,
1535 2551 1578 2578 (ν
1594 2539 1805 2587 hymniferos
1825 2538 1940 2575 inhiat
1961 2537 2124 2573 divellere
2139 2535 2302 2574 vultus.'¹

1284 2589 1472 2627 Ultimum
1502 2590 1644 2628 versum
1665 2602 1743 2627 non
1759 2590 1830 2638 legi
1851 2590 1886 2626 in
1911 2590 1989 2625 MS.
2009 2588 2200 2625 annotavit
2221 2587 2326 2629 Bere}

1285 2652 1466 2685 mannus,
1494 2642 1534 2679 &
1563 2639 1661 2678 certe
1680 2649 1754 2678 tam
1778 2640 1890 2678 verbo
1914 2638 2039 2675 lambit
2065 2636 2178 2687 quarn
2201 2638 2326 2675 nomi-

1285 2703 1334 2729 ne
1361 2690 1572 2739 hymniferos
1590 2692 1734 2740 ineptus
1760 2691 1820 2729 est.
1874 2691 1968 2737 Quis
1986 2690 2086 2726 enim
2107 2687 2228 2725 credat
2249 2688 2326 2724 avi-

1286 2741 1377 2779 dum
1416 2741 1621 2789 serpentem
1659 2741 1781 2789 potius
1808 2741 1969 2778 lambere
2000 2737 2152 2776 voluiffe
2185 2738 2321 2774 crinem

1286 2791 1401 2838 quarn
1427 2803 1574 2829 carnem
1604 2792 1779 2829 mandere
1795 2819 1804 2835 ,
1832 2791 1857 2828 fi
1879 2798 1986 2838 caput
2006 2790 2122 2835 attigit
2144 2787 2283 2833 Orphei
2302 2784 2320 2822 ἓ

1285 2842 1334 2879 Et
1364 2842 1468 2890 quis,
1503 2842 1568 2880 nifi
1600 2843 1812 2879 Monachus
1839 2839 2010 2880 fortassis,
2047 2837 2168 2889 dicat:
2198 2835 2321 2871 vultus

1283 2891 1494 2939 hymniferos
1510 2902 1526 2930 ἒ
1553 2893 1635 2941 Ego
1656 2905 1704 2929 ne
1724 2904 1764 2929 os
1784 2890 1934 2940 quidem
1955 2885 2188 2940 hymmferum
2215 2885 2318 2922 dixe-

1283 2944 1352 2980 rim
1380 2970 1390 2986 ,
1432 2943 1493 2980 sed
1522 2943 1777 2991 hymnifhnum.
1830 2939 1881 2973 At
1908 2946 1955 2972 ne
1982 2935 2139 2982 luperior
2164 2935 2317 2982 quidem

1281 2994 1400 3031 versus
1434 2992 1566 3040 probae
1600 2996 1770 3026 monetae
1798 2986 1846 3023 est
1865 3014 1875 3028 ‚
1914 2984 1994 3023 cum
2028 2984 2145 3032 potius
2171 2985 2320 3024 deberet

1283 3042 1354 3082 esse
1364 3044 1478 3092 sparfh
1489 3041 1660 3085 stillantes
1679 3051 1751 3073 rore
1764 3036 1897 3081 capillos
1906 3051 1917 3080 ;
1947 3037 1984 3073 ὃς
1996 3048 2061 3083 pro
2066 3035 2180 3084 sparso
2192 3062 2202 3079 ‚
2215 3036 2318 3083 falfi).

1282 3087 1352 3131 Sed
1383 3103 1458 3140 quo
1473 3119 1481 3131 ,
1509 3088 1582 3125 five
1594 3087 1789 3134 stillantes,
1817 3087 1889 3125 five
1901 3086 2075 3133 stillanti,
2105 3084 2185 3121 cum
2208 3093 2317 3134 caput

1280 3142 1383 3178 humi
1409 3138 1560 3187 jaceat?
1599 3138 1737 3175 Verum
1773 3147 1811 3175 ut
1831 3138 1875 3174 ad
1896 3136 2192 3174 emendationem
2215 3147 2320 3174 acce-

1281 3191 1364 3228 dam
1379 3218 1390 3236 ,
1416 3189 1520 3233 illud,
1542 3189 1644 3239 quod
1663 3189 1822 3226 nuncest
1833 3188 1963 3237 spat-[bs
1977 3215 1986 3229 ‚
2015 3185 2123 3223 credo
2142 3184 2244 3226 fuiffe
2257 3190 2320 3236 sa·-

1282 3254 1375 3288 cros,
1402 3241 1442 3281 &
1461 3241 1533 3277 hoc
1553 3239 1670 3277 modo
1688 3237 1854 3290 scripfiffe
1877 3237 2084 3276 Ovidium:

1461 3291 1653 3332 Zzzzzz
2279 3291 2331 3335 ρο
