2483 3616
201 174 331 232 1018

681 166 742 224 P.
815 156 1233 221 OVIDII
1306 158 1834 220 NASONIS

489 282 696 340 Sistitur
723 294 843 336 ante
869 293 1009 337 aras;
1047 273 1304 346 auditque
1328 273 1508 344 ignara
1531 292 1869 347 precantem:

486 357 804 430 Imponique
830 350 949 403 suae
975 348 1121 403 videt
1148 347 1288 402 inter
1314 363 1516 401 cornua
1543 348 1738 417 fronti,

496 432 642 503 Quas
668 424 832 482 coluit
857 423 1036 494 fruges
1061 441 1073 476 ε
1117 419 1461 494 perculsaque
1486 420 1737 492 sanguine
1763 428 1957 485 cultros

360 523 454 575 135
493 503 662 558 Inficit
689 502 743 554 in
769 495 969 571 liquida
994 495 1257 568 praevisos
1281 494 1497 549 foriitan
1524 494 1686 552 unda.

490 575 740 631 Protinus
768 583 975 643 ereptas
1001 568 1203 623 viventi
1227 567 1449 640 peciore
1471 566 1627 623 fibras

490 649 772 720 inspiciunt
799 665 809 700 ε
854 659 1169 715 mentesque
1198 641 1378 696 Deum
1403 643 1704 696 scrutantur
1732 643 1786 697 in
1811 642 1925 697 illis.

490 721 653 776 Unde
680 723 844 776 fames
871 716 1076 772 homini
1102 715 1397 770 vetitorum
1423 730 1568 770 tanta
1593 715 1871 771 ciborum?

492 795 723 850 Audetis
751 791 918 853 vesci,
958 807 1126 861 genus
1152 789 1186 842 ὀ
1216 789 1443 843 mortale
1469 791 1486 841 ?
1530 788 1709 861 quod,
1749 807 1848 843 oro
1865 827 1882 853 ,

354 886 454 938 140
492 869 577 923 Ne
603 867 761 921 facite
787 885 797 919 :
840 864 894 918 &
920 864 1138 918 monitis
1163 861 1368 917 animos
1394 862 1659 917 advertite
1685 863 1891 917 nostriS.

492 942 743 1011 Cumque
768 939 931 994 boum
959 936 1149 994 dabitis
1173 935 1450 992 caesorum
1476 935 1718 991 membra
1744 937 1950 1008 palat03

496 1013 762 1067 Mandere
789 1029 883 1067 vos
910 1010 1109 1064 vestros
1135 1009 1261 1064 scite
1292 1009 1347 1062 &
1375 1009 1566 1064 sentite
1590 1011 1829 1064 colonos,

500 1086 570 1141 Et
597 1087 852 1160 quoniam
884 1085 1028 1136 Deus
1056 1100 1148 1136 ora
1177 1095 1392 1143 movet;
1437 1084 1620 1156 sequar
1647 1101 1739 1137 ora
1766 1093 2076 1138 moventem

495 1159 624 1214 Rite
651 1159 859 1220 Deum;
906 1157 1250 1228 Delphosque
1276 1173 1426 1209 meos
1444 1200 1455 1218 ,
1497 1155 1775 1228 ipsumque
1802 1155 2078 1212 recludam

356 1251 448 1308 145
495 1232 757 1295 AEthera3
801 1230 853 1284 &
880 1229 1126 1301 augustae
1151 1228 1397 1282 reserabo
1432 1230 1649 1283 oracula
1674 1229 1883 1284 mentis.

499 1305 730 1377 Magna,
771 1322 869 1359 nec
895 1302 1120 1374 ingeniis
1145 1301 1428 1372 evestigata
1453 1302 1725 1374 priorum,

497 1380 764 1453 Quaeque
797 1377 890 1431 diu
914 1379 1144 1438 latuere,
1183 1391 1383 1430 canam.
1420 1374 1568 1446 juvat
1595 1376 1673 1432 ire
1698 1393 1794 1447 per
1821 1376 1923 1430 alta

498 1454 651 1508 Astra
680 1471 691 1507 z
729 1452 904 1523 juvat,
945 1449 1098 1503 terris
1125 1449 1176 1502 &
1208 1449 1368 1503 inerti
1400 1449 1523 1503 sede
1550 1449 1774 1514 relictis,

496 1527 655 1582 Nube
686 1526 837 1586 vehi3
880 1523 1148 1595 validique
1174 1522 1411 1576 humeris
1439 1522 1671 1578 infistere
1700 1523 1960 1579 Atlantis:

357 1618 456 1676 150
494 1601 847 1672 palantesque
871 1597 1074 1650 animos
1100 1594 1285 1668 passim
1311 1614 1370 1649 ac
1398 1597 1617 1651 rationis
1646 1612 1865 1669 egentes

501 1672 824 1748 Despectare
849 1670 1067 1744 procul,
1106 1668 1488 1743 trepidosque,
1525 1669 1845 1746 obitumque
1873 1669 2126 1728 timentes

266 1899 348 1937 132.
378 1886 548 1936 Ignara]
590 1892 710 1936 Ignota
739 1883 845 1924 Bafil.
874 1883 1046 1932 sternitur
1077 1891 1160 1921 ante
1189 1894 1273 1920 aras

214 1940 325 1978 etiam
347 1939 416 1976 Ms.
439 1937 575 1976 Bersm.

267 2002 348 2040 134.
378 1988 542 2038 Fruges.]
573 1994 696 2036 segetes
717 1989 824 2036 prim.
844 1987 998 2026 Moreti.

271 2051 351 2090 134.
380 2039 541 2090 Cultos.]
571 2038 699 2086 Cistros
729 2039 837 2086 prim.
867 2037 969 2075 Bafil.
999 2049 1067 2086 pro
1095 2038 1192 2076 varia
1216 2036 1269 2076 le-

219 2091 359 2131 (lione.

270 2154 352 2192 135.
383 2140 496 2188 Inficit
521 2139 560 2177 in
592 2137 730 2188 liquida
754 2138 928 2187 praevifhs
948 2136 1099 2186 fhrfitan
1128 2136 1266 2186 undas]

218 2193 398 2242 praevisos
418 2190 586 2240 intelligo
617 2191 653 2227 in
685 2188 760 2227 lecu
787 2188 863 2238 ipso
881 2217 890 2230 ,
919 2196 981 2226 aut
1003 2199 1088 2225 cum
1107 2189 1275 2237 jacerent

217 2245 254 2283 in
277 2245 372 2283 unda
386 2272 396 2289 ‚
426 2241 527 2293 quasi
548 2242 662 2279 boves
682 2240 853 2279 sciverint
870 2239 915 2277 ad
933 2239 1031 2278 suam
1053 2247 1196 2286 paratos
1210 2249 1276 2275 ne-

217 2308 312 2334 cem.
346 2301 625 2333 commentator
657 2292 740 2330 talia
769 2291 921 2340 negligit
949 2302 991 2328 ac
1010 2290 1078 2328 alia
1098 2290 1275 2338 exponit,

216 2348 328 2396 longe
346 2356 471 2385 tamen
494 2345 648 2383 minoris
669 2342 883 2387 momenti,
906 2343 1028 2380 minus
1048 2340 1274 2378 remorantia

215 2398 409 2436 lectorem.
439 2398 648 2436 GLAREAN.
678 2395 768 2432 Hoc
781 2394 850 2438 est,
880 2405 1039 2443 quorum
1056 2392 1274 2440 imaginem,

220 2457 290 2486 aut
313 2450 423 2487 etiam
445 2460 538 2499 quos
561 2447 632 2496 ipsa
653 2448 692 2485 in
711 2457 805 2495 aqua
821 2474 830 2490 ‚
859 2457 954 2496 quae
975 2442 1152 2483 sacrificiis
1172 2442 1273 2482 adhi-

220 2500 296 2537 beri
327 2500 437 2545 solet,
462 2500 646 2549 juxtaque
675 2498 765 2547 poni
796 2496 856 2535 ubi
886 2497 1022 2535 hostiae
1035 2494 1273 2545 jugulantur,

222 2560 304 2588 ante
335 2551 488 2589 fortasfis
516 2550 617 2588 vidit.
647 2550 827 2588 chru..
853 2547 965 2599 Aqua
995 2548 1030 2585 in
1052 2547 1155 2584 sacris
1172 2545 1273 2584 adhi-

223 2599 294 2637 bita
325 2603 361 2639 &
391 2615 454 2650 per
483 2602 608 2651 pelves
640 2599 821 2649 disposita.
859 2604 926 2637 An
944 2598 1029 2649 quia
1042 2597 1217 2647 praevifhs
1234 2597 1275 2637 in

226 2662 320 2697 aqua
356 2652 458 2689 timet
498 2653 604 2700 hostia
642 2652 801 2689 cultros?
839 2662 885 2688 ex
915 2650 976 2688 lib.
1007 2662 1033 2687 1.
1070 2648 1159 2686 Fast.
1191 2659 1274 2698 327.

227 2701 404 2738 FARNAB.
434 2709 474 2739 In
490 2703 605 2750 gelida
628 2715 720 2741 unus
753 2702 790 2739 in
814 2701 969 2751 liquidas
991 2700 1104 2738 undas
1126 2700 1278 2739 Thuan.

226 2763 332 2790 unus.
349 2753 538 2801 praemissos
563 2754 805 2800 du0.fhrtiter
824 2753 997 2792 totidem.
1077 2795 1081 2801 .

282 2804 364 2852 136.
394 2804 572 2852 Emptam]
612 2807 753 2842 Erec‘tas
779 2816 874 2843 unus
905 2803 1037 2843 Heins.
1063 2803 1160 2842 forte
1186 2814 1279 2852 pro,

226 2868 268 2892 ex
285 2856 386 2890 efflas.

266 2853 368 2953 [130.
405 2904 540 2940 penore
578 2901 727 2952 fibras.]
778 2904 889 2942 Liber
938 2915 1043 2943 meus
1066 2931 1076 2948 ,
1126 2909 1281 2953 Corpore.

230 2956 401 2993 Cxoflm.
429 2959 572 3001 Corpore
599 2955 710 2991 etiam
743 2953 916 2991 Francof.
945 2957 982 2991 ὅ(
1010 2955 1155 3001 plurimi
1179 2963 1282 2991 vete—

230 3019 326 3046 rum.
346 3005 507 3053 ferventi
536 3018 552 3041 e
575 3004 747 3052 sanguine
775 3002 881 3042 Voff.
900 3004 1056 3042 viventis
1078 3007 1189 3042 etiam
1214 3005 1249 3041 V
1253 3005 1283 3041 i-

231 3060 343 3097 viani.
366 3055 494 3095 liventi
517 3066 610 3095 unus
630 3055 778 3104 Regius.

284 3128 366 3167 137.
396 3120 607 3153 scrutantur
635 3115 674 3153 in
702 3114 810 3165 illis]
849 3115 1042 3153 Rimantur
1065 3127 1160 3155 unus
1180 3113 1284 3153 Voss.

233 3168 280 3255 {121
307 3165 398 3256 celatis
434 3176 527 3206 unus
558 3167 711 3205 Moreti.
748 3167 894 3205 Heius.
937 3173 1162 3218 Montemque
1192 3178 1285 3205 unus

262 3229 267 3240 ³
284 3231 302 3256 e
331 3231 376 3257 ic.

291 3280 368 3315 139.
398 3273 513 3306 Genus
534 3282 550 3305 0
575 3266 759 3317 mortale]
798 3273 914 3305 Genus
941 3268 1160 3313 immortale,
1188 3268 1288 3306 Bers-

234 3320 362 3358 manni
381 3318 462 3357 ΜΠ.
484 3320 586 3369 quod
607 3319 769 3371 placebat
790 3320 977 3366 Grutero,
1009 3329 1046 3359 ut
1059 3321 1105 3359 ad
1127 3330 1288 3360 metem-

2290 1741 2375 1797 Sic

1324 1881 1518 1932 psychofin
1531 1883 1707 1933 respiciat.
1726 1883 1966 1925 Bersmannus
1988 1884 2097 1924 etiam
2113 1880 2307 1921 accusativi
2322 1894 2380 1921 ca-

1325 1933 1380 1972 sus
1404 1932 1474 1972 effe
1494 1944 1583 1973 tunc
1605 1935 1767 1974 volebat.

1382 1997 1462 2034 143.
1492 1991 1538 2023 Et
1558 1987 1763 2035 quoniam]
1792 1992 1847 2023 At
1867 1985 2007 2024 Medic.

1380 2047 1459 2082 144.
1488 2036 1718 2086 Rechcdam]
1747 2036 1920 2074 Reducam
1941 2037 2089 2073 Genev.

1381 2088 1459 2134 146.
1490 2087 1745 2137 Investigata.]
1775 2088 1975 2136 Evesligata
1999 2085 2382 2135 Bernegger.Thuan.

1324 2137 1432 2186 prim.
1460 2138 1599 2176 Moret.
1629 2140 1667 2176 &
1702 2139 1829 2176 decem
1862 2139 1935 2176 alii.
1966 2138 2108 2186 placet,
2141 2138 2229 2175 licet
2259 2138 2382 2177 minus

1329 2186 1497 2226 obvium.
1529 2189 1577 2226 fic
1596 2189 1742 2226 edurare
1761 2188 1857 2238 apud
1878 2188 1973 2227 Gell.
1992 2200 2070 2226 xiv.
2096 2200 2127 2226 1.
2155 2189 2301 2226 Hzms.

1387 2250 1468 2285 147.
1497 2240 1623 2286 Juvat
1645 2240 1694 2277 ire
1709 2249 1769 2289 per
1789 2240 1866 2277 alta
1888 2239 2021 2289 astra]
2051 2238 2160 2286 Astra
2174 2239 2251 2276 alta
2273 2239 2382 2279 multi

1331 2296 1485 2328 veteres.
1514 2292 1621 2340 prim.
1655 2292 1860 2341 Hamburg.
1889 2290 1956 2341 sub
1983 2290 2099 2328 ardua
2130 2290 2219 2328 alta.
2248 2290 2382 2328 Versus

1329 2339 1488 2379 sublimis
1520 2343 1588 2380 erit
1618 2343 1656 2380 &
1686 2342 1839 2381 sonorus
1861 2371 1872 2387 ‚
1909 2341 1934 2380 fi
1965 2341 2157 2387 rescribas,
2184 2351 2246 2391 per
2266 2342 2383 2379 ardua

1330 2391 1450 2439 Astra.
1480 2401 1518 2431 ut
1549 2392 1678 2432 ultima
1708 2393 1810 2432 litera
1843 2394 1906 2430 τοῦ
1937 2393 2051 2430 ardua
2083 2393 2237 2431 elidatur
2262 2391 2386 2430 obse·

1329 2451 1510 2492 quentem
1534 2445 1717 2483 vocalem.
1747 2444 1926 2494 Exempla
1946 2444 2032 2482 vide
2050 2443 2111 2482 lib.
2131 2456 2201 2482 xxr.
2218 2444 2276 2487 obs.
2300 2455 2384 2493 395.

1329 2494 1365 2531 in
1391 2495 1514 2534 Notis,
1545 2497 1692 2534 Hiems.
1720 2497 1878 2545 Vulgata
1898 2494 2012 2534 leciio
2033 2507 2080 2532 ex
2101 2495 2251 2533 Manilii
2276 2495 2336 2533 lib.
2357 2506 2384 2532 1.

1328 2556 1390 2633 I13.
1411 2546 1536 2635 tpotest
1564 2546 1741 2593 defendi,
1770 2547 1820 2592 fi,
1849 2556 1889 2585 ut
1913 2547 2070 2596 Scaliger
2089 2546 2127 2584 in
2146 2547 2244 2585 notis
2266 2547 2381 2589 citat,

1343 2608 1408 2644 ega
1428 2609 1491 2637 ur:

1691 2649 1816 2694 Juvat
1838 2649 1888 2687 ire
1902 2658 1962 2699 per
1982 2647 2100 2686 altum

1335 2729 1338 2731 .
1391 2699 1561 2737 Aethera.

1336 2749 1408 2788 Sed
1438 2751 1619 2789 editiones
1648 2750 1784 2788 liabent
1806 2760 1866 2800 per
1891 2750 2026 2800 ipsum,
2062 2747 2145 2785 infr.
2178 2745 2262 2797 875.
2284 2748 2383 2799 super
2461 2763 2464 2766 ⁴

1335 2800 1412 2839 alta
1423 2803 1581 2852 perennis
1604 2801 1712 2849 Astra
1722 2806 1834 2847 ferar.
1862 2801 1994 2838 Bmm.

1392 2865 1472 2912 148.
1500 2866 1579 2903 Sede
1599 2865 1754 2913 reliam]
1784 2863 1920 2902 Relic‘tis
1940 2875 2024 2900 cum
2038 2862 2211 2908 juniano,
2239 2863 2385 2902 Ham.

1338 2920 1384 2952 Et
1402 2916 1505 2953 inani
1516 2917 1594 2962 sede
1612 2917 1710 2953 idem
1730 2916 1916 2962 Junianus.
1944 2912 2087 2950 mortali
2107 2913 2194 2951 Sixi.
2216 2922 2255 2952 ut
2268 2914 2310 2951 sit
2322 2926 2386 2963 ap·
2455 2929 2463 2951 .’

1338 2965 1500 3015 posltio,
1528 2967 1651 3010 terris,
1680 2965 1820 3003 mortali
1835 2966 1934 3014 sede,
1962 2963 2100 3001 reliblis.

1394 3029 1475 3055 νο.
1504 3018 1736 3065 Palantesque
1757 3015 1943 3063 homines.]
1976 3016 2028 3052 Ita
2051 3027 2204 3064 quoque
2224 3014 2388 3065 loquum
2453 3004 2469 3052 i*-

1339 3076 1397 3105 tur
1431 3068 1646 3113 Lucretius,
1676 3066 1875 3112 Sallustius,
1906 3066 2102 3115 Virgilius,
2132 3066 2284 3111 Livius,
2314 3065 2387 3105 alii.

1341 3118 1509 3156 C10FAN.

1395 3181 1476 3216 150.
1506 3167 1630 3215 Paffim
1658 3168 1802 3206 rationis
1832 3167 2002 3224 egentem]
2041 3167 2084 3205 In
2112 3167 2321 3212 nonnullis,
2347 3179 2388 3205 aa

1343 3222 1489 3258 rattonis
1511 3231 1650 3268 egentes.
1680 3221 1716 3257 in
1737 3220 1830 3263 aliis,
1851 3232 1891 3256 ac
1911 3229 2044 3256 ratzone
2055 3229 2217 3255 carentes.
2246 3219 2391 3257 mihist
2437 3251 2464 3264 ,,,

2444 3130 2483 3232 212

1343 3271 1490 3309 videtur
1520 3271 1748 3319 superfluere.
1795 3271 1982 3308 Nauem.
2020 3267 2146 3317 Paffim
2175 3282 2216 3306 ac
2245 3269 2390 3307 rationu
2434 3265 2463 3298 Ὗ*

1343 3334 1388 3361 ex
1412 3322 1682 3362 vetustioribus,
1711 3322 1795 3368 alii,
1823 3320 2037 3362 errationis.
2067 3320 2298 3372 palantesque
2310 3319 2392 3368 cmi-—

2317 3382 2386 3409 mos
2435 3407 2437 3409 .
