2483 3616
243 201 346 270 962

709 196 771 254 Ρ.
842 188 1247 252 OVIDII
1324 187 1857 250 NASONIS

549 311 765 367 Dicitur
788 306 1005 379 ancipiti
1031 303 1288 378 peperisse
1313 300 1528 359 Venilia
1545 305 1696 374 jane.

407 402 432 449 3
442 401 506 454 35
542 384 730 448 Haeo,
765 381 857 437 ubi
883 377 1146 434 nubilibus
1169 377 1405 451 primum
1430 377 1684 430 maturuit
1706 377 1851 432 annis
1867 416 1884 440 ‚

546 453 855 527 Praeposito
877 449 1080 506 cune'tis
1105 449 1364 505 Laurenti
1391 447 1584 502 tradita
1611 446 1742 500 Pico
1769 449 1863 502 est:

550 529 693 584 Rara
717 524 941 599 quidem
961 524 1098 578 facie
1116 568 1127 586 ‚
1166 523 1257 577 sed
1286 521 1453 576 rarior
1480 533 1594 573 arte
1620 519 1878 580 canendi;

554 600 716 655 Unde
740 598 952 653 Canens
981 595 1118 651 dieta
1143 595 1232 649 est.
1271 593 1415 649 silvas
1440 592 1494 646 δε
1519 593 1637 647 saxa
1661 606 1911 652 movere,

558 672 630 727 Et
657 673 893 728 mulcere
918 670 1080 733 feraS,
1119 668 1173 721 &
1203 667 1425 722 flumina
1451 666 1609 736 longa
1634 662 1831 718 morari

413 765 513 815 340
551 745 664 800 Ore
690 745 812 808 suo,
850 745 1204 814 volucresque
1226 758 1384 811 vagas
1408 738 1640 818 retinere
1667 734 1881 790 solebat.

552 819 708 891 Quae
734 819 863 872 dum
889 815 1119 869 feminea
1143 814 1448 868 modulatur
1472 827 1705 864 carmina
1729 824 1896 871 voce,

553 892 773 946 Exierat
801 887 944 943 tecfio
972 888 1269 941 Laurentes
1296 886 1452 940 Picus
1481 884 1536 937 in
1565 899 1748 954 agros,

557 963 835 1036 Indigenas
862 961 1061 1016 fixurus
1089 977 1243 1033 apros
1267 978 1278 1013 ε
1321 972 1643 1030 tergumque
1668 950 1946 1028 premebat

267 1179 442 1217 Lucanus
463 1176 523 1214 lib.
547 1187 609 1214 111.
633 1175 693 1213 825.
1174 1202 1177 1203 γ

319 1230 403 1276 Qaea
419 1227 566 1275 sublime
585 1239 725 1269 nemus,
754 1223 930 1274 Scythicae
948 1237 1018 1274 qua
1041 1235 1144 1273 regna
1167 1222 1316 1262 Dianae.

267 1279 443 1317 Martialis
463 1279 523 1316 lib.
545 1290 597 1314 ix.
618 1278 684 1326 Ep.
707 1288 793 1314 txv.

320 1348 406 1394 {Qua
429 1344 570 1381 ‘Triviae
590 1344 763 1391 nemorosa
779 1341 864 1392 petit
885 1342 969 1379 dum
993 1354 1095 1388 regna
1118 1340 1257 1388 viator,

370 1398 547 1431 octavum
567 1394 713 1431 domimi
734 1407 889 1431 marmor
908 1393 951 1429 ab
973 1393 1056 1429 Urbe
1078 1392 1166 1441 legit.

267 1456 394 1507 Atque
415 1459 507 1495 haec
527 1457 783 1496 emendationi
803 1456 944 1493 nostrae
959 1454 1233 1494 confirmandae
1246 1453 1316 1491 suf-

267 1509 422 1546 fecerint
437 1536 446 1551 ,
475 1510 513 1546 ni
537 1508 653 1546 fallor.
681 1508 777 1544 male
798 1508 873 1545 duo
895 1507 975 1545 libri
995 1516 1136 1544 veteres
1151 1535 1160 1551 ‚
1182 1506 1315 1550 fanum

268 1560 463 1603 nemorale,
494 1560 531 1596 ὅ(
553 1571 645 1597 unus
667 1557 909 1596 Bononiensis
925 1587 933 1600 ,
964 1571 1105 1595 numen.
1157 1555 1316 1603 Scythiae

267 1611 380 1647 etiarn
424 1610 565 1646 Dianae
607 1621 674 1658 pro
711 1608 887 1658 Scythicae
926 1609 1071 1646 codices
1113 1607 1316 1651 nonnulli,

270 1673 380 1709 quam
405 1660 580 1698 scribendi
605 1662 786 1698 rationem
815 1660 1025 1708 frequenter
1042 1661 1080 1696 in
1099 1659 1175 1695 aliis
1188 1657 1316 1695 austo-

269 1712 314 1747 ris
344 1711 455 1749 nostri
485 1711 576 1749 locis
606 1711 833 1748 observatam
864 1711 956 1747 mihi
988 1709 1187 1754 recordor,
1227 1708 1315 1746 dum

271 1762 501 1800 membranas
521 1771 662 1799 veteres
682 1762 832 1799 evolvo.
861 1762 1004 1798 Huius.

321 1823 404 1861 333.
437 1812 494 1848 Ille
525 1812 603 1849 colit
637 1811 877 1860 Nympham.]
918 1812 975 1849 Ta
1005 1810 1083 1847 colit
1104 1810 1214 1860 paulo
1233 1817 1318 1847 ante

265 1860 525 1912 praecesserat,
553 1874 665 1910 quare
684 1863 774 1907 fuit,
804 1874 887 1899 cum
909 1862 1106 1911 legendum
1130 1870 1311 1909 putarem,

269 1912 331 1950 Ille
358 1913 445 1950 calet
476 1913 650 1961 Nympha.
680 1925 778 1951 nunc
812 1914 1002 1960 praefero,
1037 1913 1139 1962 quod
1160 1912 1313 1949 Grono-

270 1966 398 2001 vianus
429 1975 521 2000 unus
562 1965 601 2000 Sc
638 1964 756 2001 codex
788 1963 928 2001 Patricii
950 1964 1050 2010 Junii
1074 1964 1111 2001 ὅ(
1135 1962 1226 2001 alius
1250 1974 1313 2000 ex-

271 2014 422 2059 hibent,
454 2013 648 2059 lllefhver;
672 2014 835 2051 utinillo
848 2014 1079 2063 Virgiliano,
1108 2014 1314 2061 Eclog.111.

272 2076 306 2114 3.
336 2067 402 2114 Ipfh
434 2072 602 2100 Neaeram
634 2070 732 2101 Dum
758 2066 870 2110 fovet.
909 2065 1094 2114 Nymphen
1114 2066 1224 2101 etiam
1249 2076 1313 2101 co-

271 2116 342 2153 dex
369 2116 531 2163 optimus
567 2114 822 2158 Florentinus,
851 2115 1161 2164 Berneggerianus
1181 2115 1317 2162 aliique

270 2166 440 2203 nonnulli
463 2165 642 2208 scribunt,
672 2167 783 2214 idque
805 2166 951 2204 Graeco
971 2177 1100 2210 more,
1130 2173 1169 2202 ut
1181 2165 1313 2202 Noster

271 2217 381 2262 alit-12,
414 2228 489 2254 non
512 2229 603 2253 raro.
635 2216 750 2254 IDEM.

324 2279 405 2317 334.
436 2267 594 2316 Ancipiti
620 2268 738 2317 lana]
771 2267 861 2303 Ionio
885 2268 983 2313 Jano
997 2266 1183 2310 S.Marci,
1213 2267 1312 2304 Nea-

268 2319 343 2366 pol.
376 2319 552 2366 Bernegg.
582 2318 732 2355 Thuan.
755 2320 860 2366 prim.
884 2318 1087 2366 Hamburg.
1109 2318 1215 2366 prim.
1238 2317 1314 2355 Va-

269 2371 330 2406 tic.
362 2379 447 2406 terr.
469 2370 605 2406 Medic.
631 2378 789 2417 quatuor
809 2370 878 2406 alii.
901 2369 1014 2417 probe
1035 2369 1194 2406 omnino
1210 2397 1220 2412 ‚
1246 2380 1316 2405 nec

269 2428 394 2456 tamen
418 2418 437 2456 a
457 2419 604 2456 librariis
624 2420 660 2456 id
682 2420 922 2457 intellec-tum.
954 2421 1050 2457 Nam
1064 2419 1316 2456 Perrhoebum

269 2470 402 2515 janum
427 2472 564 2519 faciunt
588 2470 794 2507 Plutarchus
815 2473 850 2507 in
876 2470 1159 2519 Quaestionibus
1175 2471 1314 2507 Roma-

272 2522 325 2556 njs
361 2533 436 2568 cap.
457 2533 514 2557 22.
545 2522 582 2556 ἃ
618 2521 829 2558 Athenaeus
862 2523 953 2559 libro
978 2533 1038 2558 xv.
1068 2533 1147 2569 cap.
1170 2532 1225 2569 13.
1253 2522 1316 2570 qui

271 2570 402 2608 traditis
425 2572 511 2607 mari
537 2571 643 2608 Ionio
665 2572 826 2613 vicinus,
858 2581 895 2609 ut
917 2572 1067 2609 lonium
1089 2572 1229 2618 Janoin
1245 2572 1316 2609 Ita-

271 2620 356 2656 liam
388 2622 625 2659 contendenti
656 2622 895 2669 i‘ugzeiandum
930 2624 1050 2660 fuerit.
1078 2622 1192 2658 Aonio
1209 2624 1316 2670 prim.

274 2671 446 2707 Gronov.
480 2674 515 2707 δί
544 2673 730 2716 junianus.
759 2673 805 2710 sic
837 2675 962 2720 primis
986 2674 1076 2710 curis
1101 2672 1314 2717 censebam,

273 2732 373 2757 nunc
416 2721 575 2758 secundis
610 2724 735 2759 locuni
774 2724 871 2761 hunc
904 2724 1142 2772 perpendenti
1174 2724 1318 2762 videtur

273 2782 350 2809 non
374 2772 596 2808 inconcinne
621 2775 747 2819 reponi
770 2772 866 2819 posse
882 2802 890 2816 ,
924 2782 998 2810 Inoo
1021 2775 1133 2818 Jano.
1181 2774 1317 2820 Janum

274 2823 372 2858 enim
405 2834 470 2869 pro
498 2822 718 2859 Palaemone
746 2823 819 2859 sive
845 2825 1008 2861 Portuno
1031 2825 1195 2862 habitum
1221 2833 1320 2872 patet

278 2884 323 2908 ex
364 2873 478 2909 veteri
518 2872 749 2919 inscriptione
780 2873 966 2920 Spoletina
993 2874 1090 2922 apud
1118 2875 1319 2912 Gruterum

274 2934 353 2972 pag
373 2935 455 2959 xcv.

401 2974 513 3010 Iano,
541 2973 750 3010 Poarruxo.
780 2986 873 3017 ATQ
899 2985 1042 3010 MARTI.
1070 2973 1113 3011 E.
1141 2974 1176 3012 S.

405 3025 437 3060 C
465 3025 676 3061 Vmor-zius.
706 3026 752 3060 A.
784 3037 1027 3060 APRUNNJUS.

403 3075 448 3112 L.
477 3076 697 3112 Aoafitius.
726 3087 971 3111 Facioxoam.
1003 3085 1239 3112 DEDERONT.

277 3127 314 3163 ἕξ
336 3138 379 3163 ez<
400 3127 464 3163 alia
488 3126 582 3174 apud
603 3126 761 3163 eundern
787 3127 985 3180 Gruterum
1010 3125 1160 3162 ibidem.

329 3177 426 3214 laxo
457 3189 649 3213 PORTUNO
677 3190 771 3221 ATQ
796 3189 937 3213 MARTI.
967 3190 993 3214 s.
1023 3188 1044 3211 c
1077 3188 1261 3214 vinomus

326 3228 361 3264 A
395 3241 603 3264 APRUNIUS.
635 3240 670 3267 r.
702 3240 874 3263 ANNMUS
906 3238 1125 3264 neonaou'r

632 3290 969 3322 PROBAVERUNTQ

276 3326 394 3365 {setius
411 3355 419 3372 ‚
437 3328 607 3366 claudere
625 3341 668 3369 <9⁹
689 3328 800 3366 clavis
813 3342 853 3366 ex
872 3333 996 3366 Graeco
1009 3328 1199 3378 descendit,
1226 3330 1321 3380 cujus

2260 1030 2420 1091 Acris

1372 1170 1421 1208 rei
1449 1168 1599 1207 tutelam
1623 1176 1723 1218 penes
1746 1170 1942 1202 Portunum
1971 1164 2027 1214 effe
2040 1165 2238 1215 putabant,
2266 1170 2327 1220 qui
2347 1171 2419 1210 cla·

1372 1223 1451 1258 vim
1482 1233 1593 1258 manu
1619 1230 1729 1256 tenere
1742 1215 1965 1265 fingebatur,
1993 1227 2036 1256 ω’
2053 1217 2133 1254 deus
2152 1219 2208 1267 effe
2222 1221 2422 1269 putabatur

1369 1283 1544 1322 portuum,
1573 1270 1634 1309 ubi
1665 1280 1854 1317 perperam
1875 1295 1886 1312 ‚
1929 1272 2158 1305 Vertumnum
2189 1274 2318 1318 reponi
2340 1274 2420 1314 vult

1375 1324 1492 1361 Lilius
1522 1320 1715 1371 Gyraldus.
1754 1325 1856 1355 Inous
1885 1318 1995 1366 igitur
2017 1319 2141 1364 Janus
2163 1319 2325 1366 Nasoni,
2353 1326 2419 1374 qui

1375 1373 1533 1422 Virgilio
1557 1386 1583 1410 1.
1605 1373 1836 1420 Georg.437.
1866 1375 1967 1406 Inous
1980 1368 2173 1408 Melicerta.
2202 1378 2261 1408 Ino
2272 1370 2369 1412 certe
2383 1376 2422 1414 in

1374 1425 1513 1463 Italiam
1536 1421 1732 1472 profugisse
1753 1433 1798 1459 ex
1815 1419 1940 1458 lib.vr.
1967 1420 2261 1468 Fast.discimus,
2288 1425 2423 1474 &qui-

1373 1475 1458 1514 dem
1482 1475 1618 1513 eodem
1639 1483 1834 1521 ternpore,
1862 1482 1938 1519 quo
1962 1471 2142 1510 Hercules
2159 1473 2245 1511 illuc
2259 1475 2422 1517 advenit.

1372 1527 1418 1565 de
1437 1528 1535 1572 Jano
1559 1532 1710 1563 Portuno
1731 1523 1821 1561 nihil
1837 1524 1951 1560 miror
1970 1521 2178 1568 adnotasse,
2207 1526 2269 1573 qui
2293 1526 2337 1564 de
2353 1528 2423 1567 Dis

1371 1579 1537 1626 gentium
1565 1574 1713 1624 copiose
1724 1574 1947 1622 scripserunt.
1974 1574 2046 1611 huc
2058 1573 2165 1620 adde,
2184 1576 2287 1624 quod
2302 1576 2422 1617 Varro

1371 1629 1465 1666 libro
1478 1641 1531 1666 iv.
1552 1628 1597 1665 de
1619 1628 1666 1664 L.
1680 1627 1722 1663 L.
1746 1625 1921 1663 Salaciam
1934 1624 2054 1662 Deam
2070 1653 2080 1669 ‚
2110 1637 2204 1674 quae
2225 1626 2299 1666 aliis
2320 1629 2424 1678 Nep-

1371 1680 1453 1717 tuni
1475 1690 1568 1717 uxor
1587 1677 1635 1716 est
1649 1706 1659 1722 ‚
1689 1676 1858 1714 Tritonis
1871 1683 1987 1713 mater
2001 1703 2009 1719 ,
2038 1676 2077 1713 ὃς
2090 1676 2291 1722 Veniliam,
2307 1690 2422 1727 quam

1375 1730 1508 1768 Noster
1528 1729 1622 1776 Jano
1643 1728 1704 1766 dat
1726 1727 1924 1775 conjugem
1938 1754 1948 1771 ,
1976 1726 2124 1764 easdem
2145 1727 2241 1766 facit.
2275 1729 2422 1771 Servius

1372 1792 1526 1831 quoque
1549 1780 1646 1817 Petri
1677 1778 1841 1815 Danielis
1862 1776 1907 1814 ad
1930 1789 1964 1814 x.
1993 1778 2089 1815 Aen.
2108 1777 2162 1821 fis.
2184 1789 2242 1823 70.
2271 1778 2420 1821 Venilia

1373 1833 1481 1880 igitur
1511 1831 1647 1869 Salacia
1677 1829 1757 1876 Jani
1777 1828 1932 1865 Portuni
1954 1840 2058 1866 uxor.
2085 1840 2298 1879 quanquam
2323 1832 2422 1872 Sala-

1369 1884 1462 1920 ciam
1495 1893 1561 1931 pro
1593 1880 1820 1929 Amphitrite
1839 1907 1848 1923 ‚
1888 1878 2093 1916 Portunum
2124 1891 2191 1927 pro
2214 1880 2422 1930 Neptuno,

1369 1933 1467 1982 apud
1488 1932 1626 1970 multos
1647 1940 1789 1968 veteres
1808 1930 1900 1967 sumi
1916 1929 1994 1978 jam
2018 1929 2062 1966 ab
2079 1930 2156 1968 aliis
2179 1930 2227 1968 est
2249 1932 2418 1974 observa-

1368 1993 1462 2022 tum.
1489 1994 1615 2022 tamen
1647 1981 1786 2020 constat
1817 1980 1991 2018 Salaciam
2024 1991 2092 2028 pro
2120 1980 2270 2020 Portuni
2302 1995 2420 2026 uxore

1369 2033 1472 2073 fuiffe
1512 2034 1673 2071 habitam
1697 2045 1705 2069 :
1750 2031 1965 2080 quicunque
2004 2031 2155 2068 tandem
2190 2032 2227 2070 hi
2270 2034 2419 2081 fuerint.

1367 2086 1464 2132 Jano
1505 2095 1662 2123 uxorem
1693 2082 1754 2119 dat
1794 2082 1996 2130 Argionam
2031 2081 2241 2121 Marcianus
2269 2085 2420 2135 Capella

1369 2137 1478 2174 initio
1495 2136 1615 2184 operis
1629 2163 1639 2179 ‚
1669 2133 1729 2171 ubi
1751 2132 1796 2170 de
1823 2133 1991 2170 Deorum
2013 2133 2086 2181 agit
2106 2134 2262 2181 nuptiis,

1419 2196 1610 2246 Janusque
1631 2194 1825 2243 Argionam
1844 2192 1997 2229 miratur
2016 2182 2163 2242 utraque
2183 2192 2296 2243 effigie.

1369 2269 1433 2317 qui
1454 2269 1557 2306 locus
1577 2267 1674 2305 haud
1695 2266 1804 2304 dubie
1822 2266 1870 2304 est
1891 2265 2098 2304 mendosus.
2125 2278 2195 2304 nec
2206 2268 2322 2316 placet
2336 2278 2418 2310 An-

1366 2332 1530 2368 geronam
1562 2319 1692 2366 reponi
1723 2329 1808 2355 cum
1841 2319 1920 2354 viro
1943 2328 2091 2366 magno,
2119 2318 2310 2363 Jururnam
2335 2323 2417 2370 Jani

1372 2371 1460 2407 facit
1478 2381 1634 2408 uxorem
1658 2369 1843 2405 Arnobius
1862 2368 1920 2405 lib.
1945 2381 2020 2412 111,
2050 2380 2212 2417 eumque
2234 2382 2279 2408 ex
2300 2373 2419 2413 Caelo

1375 2422 1411 2458 δὲ
1446 2421 1589 2458 Hecate
1629 2429 1848 2467 prognatum
1886 2416 2013 2456 asserit.
2061 2420 2269 2458 Hzmsms
2312 2425 2419 2464 Haec

1371 2472 1500 2509 omnia
1529 2471 1642 2519 magis
1677 2470 1817 2507 erudite
1849 2481 1958 2518 quam
1992 2481 2077 2506 vere
2105 2471 2149 2507 ab
2173 2471 2328 2512 Heinsio
2348 2476 2420 2514 dis-

1372 2523 1489 2570 putari
1514 2530 1616 2570 puto.
1644 2533 1765 2569 neque
1790 2522 1889 2557 enim
1915 2521 1999 2570 quia
2018 2519 2267 2561 ei'errhoebia
2282 2526 2416 2571 Janum

1372 2570 1511 2610 veniffe
1545 2572 1754 2609 Plutarchus
1784 2571 1903 2614 dicit,
1951 2572 1987 2608 ὅ(
2020 2572 2232 2610 Athenaeus
2259 2587 2415 2616 uxorem

1373 2622 1510 2660 duxiffe
1545 2623 1724 2660 Camesen
1761 2622 1923 2659 sororem
1957 2624 2206 2671 (quamquam
2237 2625 2285 2662 ibi
2320 2629 2420 2667 nulla

1371 2673 1613 2711 Perrhoebiae
1634 2673 1778 2709 mentio
1790 2673 1825 2709 in
1840 2673 1986 2710 Graecis
2000 2674 2114 2711 verbis
2127 2673 2202 2716 fiat,
2214 2673 2271 2712 sed
2283 2675 2327 2713 de
2341 2690 2420 2726 quo

1373 2736 1474 2762 nunc
1507 2736 1584 2761 non
1613 2724 1700 2760 libet
1719 2724 1852 2764 tricari)
1876 2724 1962 2760 lunc
1986 2725 2100 2759 Ionius
2130 2727 2254 2762 vocari
2276 2728 2418 2776 pollet,

1375 2787 1460 2812 cum
1489 2774 1705 2811 Perrhoebia
1735 2785 1914 2821 nusquam
1946 2773 2094 2810 lonium
2116 2785 2216 2810 mare
2235 2779 2416 2825 tetigerit,

1377 2827 1416 2862 δε
1439 2827 1591 2873 Aegaeo
1611 2825 1766 2861 vicinior
1796 2825 1924 2866 fuerim
1953 2823 2017 2859 nili
2039 2824 2117 2871 quis
2140 2837 2270 2863 omnes
2295 2829 2415 2869 Thes.

1375 2875 1464 2912 salos
1498 2876 1623 2912 lonios
1652 2875 1777 2911 vocari
1806 2872 1904 2920 poffe
1931 2874 2142 2912 contendat.
2169 2877 2300 2915 rectius
2325 2889 2414 2921 tunc

1376 2927 1564 2960 Haemonio
1583 2926 1772 2972 legeretur.
1809 2930 1928 2959 lnoum
1946 2936 2097 2973 quoque
2120 2925 2193 2963 dici
2213 2927 2312 2975 posse
2334 2942 2411 2970 non
2458 2960 2461 2962 .

1375 2975 1565 3023 persuadet
1585 3003 1594 3018 ,
1634 2986 1717 3011 cum
1753 2973 2002 3022 inscriptiones
2030 2975 2112 3013 illae
2139 2977 2249 3016 tribus
2268 2980 2417 3021 diverfis.
2446 3011 2449 3014 -

1373 3025 1597 3062 Numinibus
1626 3024 1764 3073 politae
1794 3023 1861 3062 fint
1884 3038 1904 3062 :-
1922 3027 1958 3062 &
1992 3027 2040 3063 ita
2069 3026 2232 3065 distinete
2255 3029 2412 3072 debeant

1370 3075 1496 3112 scribi:
1528 3076 1639 3112 ΙΑΝΟ.
1664 3087 1868 3113 ponruim.
1898 3088 2029 3122 ATQJE
2057 3090 2197 3114 MARTr.
2226 3091 2338 3128 quare
2356 3093 2416 3121 tu·
2462 3093 2466 3097 ·

1369 3127 1438 3163 tius
1462 3126 1706 3174 estvulgatam
1720 3125 1858 3163 servare
1869 3127 2069 3165 leeftionem
2086 3157 2096 3172 ,
2124 3129 2288 3178 ancipiti,
2317 3133 2352 3170 id
2363 3134 2410 3172 est

1371 3177 1523 3225 duplicis
1554 3178 1699 3224 capitis,
1729 3186 1769 3214 ut
1796 3177 1891 3214 illam
1924 3190 2058 3216 vocem
2089 3179 2412 3223 Grammaticiex-

1371 3228 1517 3277 plicant.
1547 3228 1630 3265 vide
1653 3228 1809 3265 Festum.
1840 3228 1940 3266 &ita
1960 3230 2019 3266 lib.
2038 3242 2064 3266 x.
2094 3229 2180 3267 Fast.
2201 3243 2260 3279 95.
2407 3227 2410 3231 ⁸

1426 3284 1520 3314 Tunc
1540 3281 1630 3321 [acer
1649 3278 1791 3327 ancipiti
1810 3279 1991 3316 mirandus
2008 3279 2158 3328 imagine
2177 3282 2309 3325 Janus.

1375 3330 1413 3368 δε
1436 3329 1577 3369 Arnob.
1606 3329 1668 3369 lib.
1692 3342 1744 3369 v1.
1771 3335 1895 3368 Fronte
1915 3330 2037 3376 Janus
2056 3330 2222 3381 ancipiti,
2247 3344 2311 3371 aut
2332 3335 2412 3371 den-

2336 3395 2414 3423 tata
2474 3404 2476 3433 ξ
