2483 3616
221 118 327 206 8o4
403 103 409 108 ι

687 131 748 189 Ρ.
820 122 1225 187 OVIDII
1301 123 1835 183 NASONIS

515 247 646 304 Non
668 245 870 320 agreste
894 254 1102 301 tamen,
1135 253 1242 291 nec·
1262 239 1672 311 inexpugnabile
1697 240 1893 297 Amori

508 320 699 377 Pectus
725 317 947 375 habem,
987 310 1132 365 filvas
1155 323 1421 381 captatam
1442 311 1593 384 saepe
1617 333 1712 387 per
1733 330 1924 372 omnes

520 392 766 462 Adspicit
796 385 1099 457 Hesperien
1122 382 1289 454 patria
1313 382 1622 440 Cebrenida
1644 387 1786 460 ripa,

381 487 481 539 770
515 464 736 537 Injechs
759 456 993 515 humeris
1018 456 1304 511 siccantem
1327 454 1437 509 sole
1462 457 1691 526 capillos,

527 537 656 593 Visa
683 534 821 606 fugit
848 530 1125 603 Nymphe:
1165 527 1330 581 veluti
1352 529 1638 599 perterrita
1667 528 1876 586 fulvum

520 610 698 663 Cerva
722 608 907 680 lupum
933 644 947 667 ,
983 603 1254 672 longeque
1281 600 1400 654 lacu
1430 599 1691 672 deprensa
1717 602 1905 656 relicto

520 681 857 752 Accipitrem
881 674 1105 730 fluvialis
1133 690 1269 728 anas,
1310 691 1470 746 quam
1495 672 1705 728 Tro'i'us
1733 672 1894 728 heros

498 753 855 826 xInsequitur:
896 749 1237 818 celeremque
1263 760 1412 800 metu
1436 747 1578 807 celebr
1606 758 1802 818 urguet
1827 761 2026 802 amore.

385 847 481 904 775
522 827 671 884 Ecce
697 827 864 878 latens
889 820 1055 875 herba
1079 818 1302 874 coluber
1328 819 1581 890 fugientis
1605 818 1819 874 adunco

528 901 711 955 Dente
734 895 931 968 pedem
961 892 1197 947 strinxit:
1240 894 1493 966 virusque
1521 892 1575 947 in
1601 909 1835 965 corpore
1863 890 2038 963 liquit.

527 973 673 1026 Cum
701 972 811 1022 vita
838 965 1105 1039 suppressa
1128 964 1254 1038 fuga
1280 965 1368 1020 est.
1409 964 1744 1038 ampleciitur
1772 980 1954 1020 amens

523 1043 872 1099 Exanimem:
916 1040 1245 1110 clamatque,
1284 1039 1471 1111 Piget,
1508 1039 1657 1110 piget
1682 1037 1785 1093 effe
1810 1039 2081 1094 secutum:

526 1117 634 1172 Sed
662 1133 771 1170 non
799 1115 903 1167 hoc
929 1112 1108 1166 timui:
1152 1130 1252 1166 nec
1280 1126 1391 1166 erat
1417 1111 1549 1166 mihi
1574 1115 1787 1166 vincere
1813 1109 1963 1166 tanti.

384 1191 489 1261 780
528 1188 866 1246 Perdidimus
892 1186 1135 1241 miseram
1162 1203 1260 1241 nos
1285 1198 1340 1240 te
1365 1184 1494 1241 du0.
1534 1186 1724 1241 vulnus
1749 1184 1814 1239 ab
1839 1199 2042 1258 angue,

242 1411 434 1457 Emendo,
449 1409 637 1448 Alizothoe
652 1437 662 1453 ,
679 1407 717 1446 id
738 1407 786 1446 est
801 1437 810 1453 ‚
826 1407 1006 1445 velociter
1026 1407 1167 1456 fugiens
1182 1413 1242 1452 ,ut
1254 1406 1296 1445 fit

243 1465 473 1503 conveniens
493 1461 681 1511 nymphae
701 1471 843 1496 nomen
862 1487 872 1503 ,
885 1460 923 1496 δε
944 1458 964 1495 a
988 1458 1154 1495 currendi
1170 1458 1297 1496 celeri-

243 1524 317 1554 tate
338 1513 553 1552 deductum.
571 1511 690 1557 άλίζω
703 1512 802 1547 enim
825 1511 945 1557 fugio,
972 1509 1039 1551 θοὸς
1058 1509 1230 1558 velocem
1254 1508 1298 1546 fi-

240 1565 402 1616 gnificat.
416 1566 538 1603 Cous.
556 1563 764 1600 FANENsxs.
796 1560 896 1598 Libri
917 1570 1056 1597 veteres
1070 1588 1081 1600 .
1095 1559 1295 1597 Alixirho'e'.

241 1617 410 1666 Quidam
432 1644 441 1660 ,
471 1614 674 1652 Alixorhe'e'.
700 1612 796 1649 Mihi
818 1610 925 1659 plane
944 1613 1114 1659 ignotum
1134 1610 1294 1660 est,quo

243 1668 364 1706 modo
395 1666 436 1704 fit
465 1665 679 1715 legendum.
734 1663 911 1700 Ceterum
940 1661 1110 1699 Fanensis
1130 1661 1296 1699 mutabat

248 1717 438 1757 Alixitho'e'
469 1719 507 1755 in
537 1716 741 1754 Alizotho'e'.
777 1714 881 1763 quod
924 1721 1016 1763 puto
1054 1712 1182 1751 falsum
1215 1710 1297 1750 effe.

249 1770 471 1806 Cromnos.
525 1767 691 1805 Ahxiro'e'
717 1765 932 1802 vetustiores
956 1793 966 1809 ,
1003 1764 1065 1801 vel
1098 1762 1299 1803 Alixitbozi.

249 1820 397 1863 Scribe,
434 1818 641 1855 Alexirho‘e'.
678 1817 781 1865 cujus
812 1816 975 1853 nominis
1010 1815 1177 1864 nympha
1205 1826 1302 1864 quo-

247 1883 323 1920 que
339 1870 374 1908 ‘a
402 1869 547 1906 Baccho
579 1875 701 1906 amata
742 1867 902 1904 occurrit
932 1866 1030 1914 apud
1063 1865 1301 1904 Plutarchum

248 1922 329 1965 περὶ
359 1922 530 1964 ποταμῶν
567 1919 605 1957 in
644 1916 798 1955 Pactolo
825 1944 836 1961 ‚
872 1917 940 1954 alia
971 1917 1061 1954 item
1096 1918 1134 1955 in
1168 1918 1304 1965 sagari.

248 1971 368 2022 posset
406 1972 520 2008 etiam
557 1970 720 2019 reponi,
759 1967 987 2013 Alirrhotiiz',
1026 1968 1087 2006 vel
1118 1967 1303 2007 Alexiare.

253 2024 469 2061 Hsmsrus.
627 2054 628 2057 ,

302 2075 388 2123 763.
415 2070 549 2109 Gracili
569 2079 694 2107 conata
719 2069 860 2107 bicorni.
881 2068 1079 2120 ]Raphael
1101 2069 1234 2107 bicorne
1253 2070 1304 2109 ait

252 2122 323 2161 effe
343 2124 626 2161 instrumentum
656 2121 843 2159 rusticum.
871 2121 974 2170 quod
1006 2120 1032 2157 fi
1065 2133 1195 2159 verum
1229 2122 1301 2166 est,

254 2186 326 2224 ego
353 2172 461 2223 plane
492 2173 599 2222 hujus
630 2172 705 2209 loci
736 2172 877 2210 sensum
907 2183 986 2208 non
1016 2173 1193 2220 percipio.
1236 2172 1303 2210 nist

253 2225 358 2275 quod
380 2225 619 2273 parturientes
631 2223 748 2260 solent
762 2251 772 2267 ,
802 2222 826 2260 fi
844 2234 961 2260 nemo
982 2223 1180 2260 nitentibus
1198 2222 1302 2268 adlit,

257 2277 304 2314 ad
330 2275 467 2324 aliquid
501 2274 631 2313 fulciri.
659 2274 870 2314 GLAREAN.
923 2273 997 2311 Pro
1027 2272 1152 2321 gracili
1179 2284 1304 2310 conata

256 2327 409 2372 bicorni,
436 2325 540 2376 quod
562 2325 610 2362 est
629 2325 734 2362 nihili
759 2353 770 2370 ,
804 2333 896 2362 tert..
921 2325 1025 2361 Med.
1040 2324 1185 2372 gratali.
1212 2337 1306 2364 unus

258 2390 386 2422 meus,
410 2376 545 2426 gratili.
572 2377 648 2414 duo
668 2376 730 2413 alii
751 2403 761 2420 ,
783 2374 943 2424 graciali.
996 2375 1143 2419 Scribe,
1172 2377 1302 2413 Grani-

258 2442 292 2465 co
313 2440 398 2465 nata
419 2427 559 2465 bicorni.
587 2439 673 2465 nam
712 2428 750 2464 in
779 2425 966 2464 nonnullis
993 2426 1202 2471 codicibus,
1221 2440 1304 2475 gra·

259 2479 351 2515 cilico
373 2489 471 2516 nata.
502 2479 706 2516 Granicum
737 2477 894 2515 fluvium
924 2475 994 2514 effe
1025 2477 1205 2525 Phrygiae
1224 2479 1306 2527 quis

261 2529 399 2567 nescit?
428 2530 508 2578 quis
526 2530 672 2578 ignorat
694 2529 826 2567 fluvios
847 2529 1016 2566 bicornes
1046 2528 1145 2565 dici?
1174 2528 1308 2578 Appo-

265 2580 329 2616 site
362 2582 412 2627 Q.
446 2581 666 2629 Smyrnaeus
694 2580 786 2617 libro
818 2593 881 2617 111.
912 2581 1236 2623 Παιριιλειπσμένων
1262 2579 1310 2618 de

267 2631 453 2678 Atymnio
470 2658 480 2675 ‚
509 2643 621 2679 quem
646 2631 689 2668 ab
712 2629 839 2679 Uiyffe
860 2630 1023 2668 occisum
1044 2639 1183 2668 narrat:

522 2695 555 2749 ὃῑν
577 2696 668 2731 πότε
687 2695 807 2739 νύμφη

315 2745 484 2789 umato-iq
505 2744 650 2788 ἐρ’κεμις
672 2748 817 2791 σξη-νεαρῷ
835 2745 941 2782 τέκεν
960 2744 1138 2792 Η’μκθιόνι
1155 2776 1168 2794 ,

258 2816 261 2817 ⁷
312 2795 477 2840 I'pnvizcov
498 2799 661 2837 ποταμοῦ
680 2797 777 2839 'iz-cpia
802 2794 881 2838 ῥοόν,

269 2858 330 2896 Sic
363 2858 401 2895 &
428 2854 615 2893 Hesiodus
644 2857 843 2893 Granicum
878 2859 973 2895 inter
1003 2862 1194 2908 praecipua
1216 2860 1313 2899 orbis

266 2909 420 2947 flumina
449 2915 619 2943 numerat
647 2908 683 2943 in
705 2907 944 2953 Theogonia.
981 2909 1196 2947 Hfflnsms.
1251 2912 1311 2948 De

267 2960 432 2997 Granico
462 2969 562 2994 mera
593 2956 642 2994 cst
671 2958 883 3006 conjectura
908 2985 917 2999 ,
956 2959 992 2993 δε
1015 2959 1060 2994 im
1078 2960 1155 3005 jam
1185 2971 1316 2997 emen-

265 3010 416 3049 daverat
448 3007 583 3045 Pierius
620 3007 744 3044 Valer.
775 3007 835 3044 lib.
874 3020 953 3043 ιιι.
977 3008 1145 3063 Hierogl.
1176 3021 1251 3057 cap.
1275 3002 1326 3057 9.'

266 3062 327 3100 sed
349 3062 384 3097 δί
403 3056 518 3108 posset
539 3059 683 3095 meliori
701 3058 784 3107 jure
806 3058 933 3106 aliquis
952 3057 1113 3106 sulpic-ari
1130 3065 1312 3107 Sagarmm

273 3113 333 3149 vel
350 3108 507 3158 Sagarim
529 3108 574 3145 flu
584 3111 682 3146 vium
707 3110 764 3146 hic
784 3108 915 3152 latere,
946 3109 1007 3157 qui
1030 3109 1145 3146 dictus
1166 3109 1185 3146 Ξι
1205 3110 1313 3158 Saga-

272 3164 321 3205 ri,
344 3160 599 3210 Myndonis&
615 3160 831 3197 Alexirho'e‘s
852 3158 928 3196 filio
944 3187 953 3203 ,
984 3160 1023 3196 δε
1046 3162 1107 3208 qui
1131 3162 1250 3208 potuit
1272 3160 1314 3197 fi-

269 3214 356 3250 liam
374 3210 532 3248 habuiil‘e
562 3224 606 3247 ex
636 3211 716 3248 suae
748 3210 869 3247 matris
901 3212 1057 3247 nomine
1082 3212 1315 3249 Alexirhoe'n

271 3263 421 3300 dictam.
447 3261 524 3299 vid.
538 3262 717 3301 Plutarch.
737 3261 781 3300 de
794 3261 914 3300 Flum.
937 3262 973 3299 in
995 3261 1123 3311 Sigan-i.
1144 3262 1203 3300 ille
1225 3274 1315 3301 vero

2229 1256 2394 1312 Arne

1350 1404 1519 1451 bicornis,
1545 1406 1645 1444 forte
1674 1405 1761 1456 quia
1781 1403 1926 1444 duobus
1945 1404 2044 1444 ostiis
2068 1404 2107 1443 in
2134 1413 2235 1441 mare
2261 1401 2397 1444 exibat,

1352 1466 1450 1495 certe
1477 1457 1589 1495 Strab.
1617 1457 1679 1496 lib.
1699 1469 1770 1495 xxx.
1790 1469 1826 1506 p.
1856 1469 1941 1506 543.
1970 1457 2008 1494 &
2031 1456 2112 1504 563.
2136 1454 2296 1500 ἐκβολὰς
2319 1453 2397 1503 eJ'us

1352 1517 1557 1550 memorat.
1577 1509 1616 1546 &
1646 1519 1788 1546 nomen
1816 1509 1892 1546 hoc
1903 1506 2095 1545 Alexirhoe'
2128 1505 2306 1543 familiare
2334 1504 2401 1543 illis

1350 1560 1442 1597 locis
1459 1559 1617 1597 ostendit
1633 1559 1744 1597 altera
1755 1559 1890 1597 Bacchi
1912 1559 2055 1602 amica;
2083 1557 2182 1595 unde
2195 1565 2299 1594 natus
2312 1555 2402 1594 Car·
2424 1568 2438 1590 a

1351 1611 1596 1655 manor‚testc
1615 1610 1751 1648 eodem
1762 1610 1956 1650 Plutarcho
1970 1611 2006 1647 in
2019 1607 2294 1647 Pactolonnde
2306 1607 2403 1645 forte
2428 1626 2429 1630 =

1351 1662 1444 1699 ratio
1464 1661 1538 1699 dari
1559 1659 1675 1710 posset
1688 1689 1698 1706 ,
1717 1673 1829 1711 quare
1850 1662 1887 1699 in
1909 1672 2070 1698 nummo
2085 1658 2271 1699 Antonini
2284 1656 2405 1706 ,apud

1354 1712 1500 1750 Tianos
1512 1712 1599 1757 cufi,
1615 1714 1673 1751 cui
1695 1711 1902 1749 CAFAPIC
1926 1711 2145 1761 insculptum
2166 1709 2404 1753 est‚ssacchus

1354 1763 1422 1801 stet
1440 1765 1535 1801 inter
1560 1763 1652 1801 duos
1675 1763 1807 1801 fluvios
1823 1792 1833 1809 ‚
1860 1763 1957 1812 apud
1971 1761 2122 1799 Morell.
2142 1759 2303 1809 Specim.
2322 1770 2406 1809 pag.
2444 1776 2445 1779 ¹

1361 1824 1442 1863 175.
1464 1815 1503 1852 in
1523 1814 1626 1863 quod
1645 1815 1833 1864 inquirant
1852 1813 2001 1853 studiosi
2031 1814 2160 1851 harum
2175 1810 2405 1849 deliciarum.

1356 1865 1514 1914 Sagarim
1532 1865 1665 1903 Noster
1688 1874 1797 1903 vocat
1817 1866 1877 1904 lib.
1896 1878 1951 1903 lv,
1970 1877 2016 1902 ex
2030 1865 2137 1902 Pont.
2157 1873 2262 1909 x.47.
2290 1861 2328 1899 ὅ(
2343 1866 2407 1898 Sa-

1352 1915 1542 1964 garitidem
1561 1917 1768 1965 nympham
1791 1928 1849 1957 ιν.
1864 1916 1953 1955 Fast.
1972 1928 2059 1965 229.
2079 1923 2120 1954 ut
2138 1913 2319 1952 Morellus
2336 1923 2408 1961 no:

1359 1974 1423 2005 tat.
1450 1967 1612 2016 legerem
1631 1979 1742 2016 ergo:
2419 1971 2422 1974 ⁴

1408 2014 1602 2055 Al'exirho'e'
1618 2018 1740 2067 Sagari
1760 2028 1904 2066 cognata
1921 2016 2063 2055 bicorni.

1359 2069 1460 2106 Nam
1491 2079 1633 2118 cognata
1661 2071 1698 2107 in
1730 2069 1820 2107 olim
1849 2069 2003 2118 vulgatis
2036 2065 2107 2106 effe
2133 2066 2280 2105 testatur
2324 2066 2434 2105 Pie-⁸

1358 2121 1444 2158 rius.
1474 2122 1511 2158 δε
1534 2121 1667 2170 legitur
1686 2122 1725 2159 in
1743 2120 1925 2159 Arondel.
1947 2121 1985 2158 &
2005 2131 2084 2158 uno
2110 2117 2268 2157 Heinfii.
2305 2117 2413 2165 Bon-¹

1360 2184 1536 2209 mannus

1412 2224 1497 2272 769.
1529 2221 1664 2271 Aspicit
1696 2222 1923 2273 Hesperien]
1974 2220 2114 2273 Eperien
2143 2221 2181 2258 in
2212 2218 2411 2264 omnibus‚'

1358 2275 1448 2323 quin
1472 2275 1512 2312 &
1530 2273 1918 2319 Planudes‚H’⁷rspinv.
1945 2275 2206 2311 NAUGERIUS.
2231 2269 2408 2308 Cebrenis

1360 2326 1463 2363 fluvii
1488 2325 1660 2374 ignobilis
1682 2324 1808 2363 filiam.
1838 2325 1934 2364 unde
1955 2334 2067 2363 etiam
2096 2325 2152 2370 (ut
2169 2319 2408 2359 Herodianus

1361 2376 1504 2425 scribit)
1534 2375 1698 2412 Cebrinia
1720 2377 1801 2415 urbs
1821 2377 1859 2414 δε
1877 2377 1973 2426 regia
1995 2373 2155 2413 Troadis
2178 2372 2247 2410 fuit
2263 2382 2409 2419 cogno-

1360 2429 1511 2465 minata.
1540 2427 1711 2464 stius.
1749 2427 1859 2476 Apud
1883 2427 2100 2465 Strabonem
2120 2423 2214 2462 libro
2236 2421 2409 2459 decimo-

1361 2480 1488 2517 tertio.
1516 2478 1690 2523 Κεβρύνε,
1718 2479 1756 2516 &
1776 2478 1951 2523 Κεβρενὶοι
1971 2488 2034 2525 per
2052 2487 2095 2520 n,
2121 2473 2286 2512 scribitur
2299 2500 2309 2518 ,
2322 2483 2410 2510 ean-

1363 2529 1527 2578 demque
1548 2528 1569 2566 a
1591 2529 1813 2578 Cebryone,
1833 2528 1969 2566 Priami
1989 2527 2086 2568 filio,
2116 2523 2278 2562 dietam’:
2307 2523 2410 2573 cujus

1365 2582 1404 2618 &
1424 2581 1616 2618 Homerus
1636 2579 1832 2625 meminit,
1859 2578 1983 2617 dicens
2006 2575 2108 2615 lliad.
2133 2588 2173 2612 π.
2191 2574 2276 2621 728.

1419 2645 1604 2692 Κεβριόνην
1623 2645 1711 2682 νὸθον
1729 2643 1800 2680 mv
1817 2642 2008 2690 ἀγακλῆος
2036 2641 2217 2687 Πριάμοιο.

1365 2708 1478 2758 Apud
1493 2709 1719 2758 Stephanum
1745 2715 1868 2745 autem
1892 2708 1941 2744 ita
1960 2706 2109 2755 legitur:
2140 2700 2314 2748 Κεβρηνὶοι
2335 2701 2411 2740 xia*
2442 2731 2443 2734 η

1368 2773 1410 2805 poc
1431 2762 1495 2802 τῆς
1513 2759 1675 2804 Τρωάδος
1688 2787 1697 2803 ,
1736 2758 1811 2795 ἀπὸ
1843 2758 2024 2804 Κεβριόνην
2042 2756 2106 2792 τοῦ
2125 2755 2296 2798 Πριάμου.
2348 2752 2411 2791 Δι’·

1367 2810 1472 2857 Συμος
1494 2811 1534 2848 δὲ
1565 2811 1720 2854 Κεβρῖνοι
1749 2811 1811 2846 καὶ
1843 2811 1907 2848 τῆν
1938 2806 2043 2843 πόλιν
2073 2805 2191 2853 Quirite.
2219 2803 2412 2851 H‘poEcvac

1368 2861 1409 2897 δὲ
1428 2862 1504 2899 ἀπὸ
1536 2862 1700 2904 Κεβρῖνος
1726 2858 1901 2900 ποταμοῦ.
1955 2856 1996 2894 In
2030 2859 2098 2894 hac
2129 2857 2281 2906 regione
2302 2855 2412 2894 &se-

1369 2913 1563 2960 pulchrum
1585 2910 1719 2949 Paridis
1738 2912 1776 2946 &
1800 2908 1981 2945 Oenones
2001 2907 2103 2946 fuiffe
2127 2907 2254 2946 Strabo
2275 2907 2410 2950 refert,

1371 2961 1416 2997 de
1437 2974 1513 3010 quo
1534 2960 1638 3009 supra
1659 2960 1932 2997 annotavimus.
1955 2960 2134 2997 Micrm..
2155 2957 2306 3007 Eperiem
2324 2957 2413 3005 legit

1372 3011 1489 3058 Raph.
1516 3013 1691 3048 Ceterum
1716 3009 1907 3046 Cebrenida
1935 3023 1997 3057 per
2026 3010 2218 3048 secundam
2240 3008 2414 3045 vocalem.

1366 3060 1566 3109 legendum
1586 3061 1633 3098 est
1648 3089 1658 3105 ‚
1682 3072 1756 3097 non
1789 3060 1991 3100 Cebrinida.
2018 3061 2136 3099 Multa
2156 3059 2200 3096 de
2224 3057 2417 3096 Cebreniis

1370 3111 1497 3160 Styabo
1517 3110 1833 3149 lib.x11r.differit.
1864 3113 2070 3150 GLAREAN.
2100 3109 2240 3158 Eperien
2267 3108 2418 3158 plurimi
2455 3131 2459 3134 >

1370 3171 1523 3199 veteres.
1561 3163 1619 3200 alii
1644 3192 1652 3205 ‚
1682 3164 1840 3211 Effirien,
1869 3165 2031 3212 Epireem
2050 3160 2413 3210 Epiren„Epirihen,

1372 3214 1562 3261 Hyperien‚
1594 3214 1777 3262 Heperim‚
1803 3214 2001 3264 Heperihen.
2027 3211 2172 3262 Aspexit
2191 3211 2311 3249 Perien
2333 3211 2420 3256 Flo}

1372 3273 1466 3302 rent.
1484 3266 1518 3303 S.
1539 3265 1671 3303 Marci.
1700 3265 1845 3304 Hmns.

2250 3323 2334 3361 770.
2361 3317 2420 3359 Ing
