<?xml version="1.0" encoding="UTF-8"?>
<!DOCTYPE html PUBLIC "-//W3C//DTD XHTML 1.0 Transitional//EN"
    "http://www.w3.org/TR/xhtml1/DTD/xhtml1-transitional.dtd">
<html xmlns="http://www.w3.org/1999/xhtml" xml:lang="en" lang="en">
 <head>
  <title>
</title>
<meta http-equiv="Content-Type" content="text/html;charset=utf-8" />
  <meta name='ocr-system' content='tesseract 3.04.00' />
  <meta name='ocr-capabilities' content='ocr_page ocr_carea ocr_par ocr_line ocrx_word'/>
</head>
<body>
  <div class='ocr_page' id='page_1' title='image "./publiiovidiinaso02ovid_0227.png"; bbox 0 0 2483 3616; ppageno 0'>
   <div class='ocr_carea' id='block_1_1' title="bbox 327 178 1920 259">
    <p class='ocr_par' dir='ltr' id='par_1_1' title="bbox 327 178 1920 259">
     <span class='ocr_line' id='line_1_1' title="bbox 327 178 1920 259; baseline -0.003 -16"><span class='ocrx_word' id='word_1_1' title='bbox 327 178 1558 259; x_wconf 85' lang='lat' dir='ltr'>METAMORPHOSEON</span> <span class='ocrx_word' id='word_1_2' title='bbox 1630 181 1768 239; x_wconf 76' lang='lat' dir='ltr'><strong>Lrss.</strong></span> <span class='ocrx_word' id='word_1_3' title='bbox 1839 181 1920 239; x_wconf 83' lang='lat' dir='ltr'><strong>III.</strong></span> 
     </span>
    </p>
   </div>
   <div class='ocr_carea' id='block_1_2' title="bbox 2070 179 2203 250">
    <p class='ocr_par' dir='ltr' id='par_1_2' title="bbox 2070 179 2203 250">
     <span class='ocr_line' id='line_1_2' title="bbox 2070 179 2203 250; baseline 0.008 -16"><span class='ocrx_word' id='word_1_4' title='bbox 2070 179 2203 250; x_wconf 30' lang='lat'>217⁴</span> 
     </span>
    </p>
   </div>
   <div class='ocr_carea' id='block_1_3' title="bbox 188 269 1872 1294">
    <p class='ocr_par' dir='ltr' id='par_1_3' title="bbox 188 269 1872 1294">
     <span class='ocr_line' id='line_1_3' title="bbox 333 269 1705 356; baseline -0.005 -18"><span class='ocrx_word' id='word_1_5' title='bbox 333 286 514 356; x_wconf 86' lang='lat' dir='ltr'><strong>Quem</strong></span> <span class='ocrx_word' id='word_1_6' title='bbox 540 279 635 334; x_wconf 83' lang='lat' dir='ltr'><strong>nisi</strong></span> <span class='ocrx_word' id='word_1_7' title='bbox 660 277 985 348; x_wconf 89' lang='lat' dir='ltr'><strong>templorum</strong></span> <span class='ocrx_word' id='word_1_8' title='bbox 1010 269 1174 330; x_wconf 38' lang='lat' dir='ltr'><strong>fueris*</strong></span> <span class='ocrx_word' id='word_1_9' title='bbox 1198 275 1247 328; x_wconf 89' lang='lat' dir='ltr'><strong>di</strong></span> <span class='ocrx_word' id='word_1_10' title='bbox 1255 288 1442 346; x_wconf 80' lang='lat' dir='ltr'><strong>gnatus</strong></span> <span class='ocrx_word' id='word_1_11' title='bbox 1466 274 1705 338; x_wconf 82' lang='lat' dir='ltr'><strong>honore3</strong></span> 
     </span>
     <span class='ocr_line' id='line_1_4' title="bbox 331 348 1658 422; baseline -0.005 -12"><span class='ocrx_word' id='word_1_12' title='bbox 331 356 488 412; x_wconf 89' lang='lat' dir='ltr'><strong>Mille</strong></span> <span class='ocrx_word' id='word_1_13' title='bbox 512 354 650 406; x_wconf 87' lang='lat' dir='ltr'><strong>lacer</strong></span> <span class='ocrx_word' id='word_1_14' title='bbox 673 350 915 422; x_wconf 72' lang='lat' dir='ltr'><strong>spargere</strong></span> <span class='ocrx_word' id='word_1_15' title='bbox 955 349 1111 402; x_wconf 91' lang='lat' dir='ltr'><strong>locis:</strong></span> <span class='ocrx_word' id='word_1_16' title='bbox 1154 348 1208 402; x_wconf 73' lang='grc' dir='ltr'><strong>ἅτ</strong></span> <span class='ocrx_word' id='word_1_17' title='bbox 1236 348 1487 419; x_wconf 75' lang='lat' dir='ltr'><strong>sanguine</strong></span> <span class='ocrx_word' id='word_1_18' title='bbox 1514 349 1658 403; x_wconf 87' lang='lat' dir='ltr'><strong>filvas</strong></span> 
     </span>
     <span class='ocr_line' id='line_1_5' title="bbox 332 421 1757 494; baseline -0.005 -13"><span class='ocrx_word' id='word_1_19' title='bbox 332 425 623 489; x_wconf 84' lang='lat' dir='ltr'><strong>FoedabiS‚</strong></span> <span class='ocrx_word' id='word_1_20' title='bbox 660 438 994 494; x_wconf 87' lang='lat' dir='ltr'><strong>matremque</strong></span> <span class='ocrx_word' id='word_1_21' title='bbox 1018 434 1190 484; x_wconf 85' lang='lat' dir='ltr'><strong>tuam,</strong></span> <span class='ocrx_word' id='word_1_22' title='bbox 1227 421 1514 493; x_wconf 87' lang='lat' dir='ltr'><strong>matrisque</strong></span> <span class='ocrx_word' id='word_1_23' title='bbox 1536 422 1757 476; x_wconf 81' lang='lat' dir='ltr'><strong>sorores,</strong></span> 
     </span>
     <span class='ocr_line' id='line_1_6' title="bbox 328 494 1790 568; baseline -0.004 -14"><span class='ocrx_word' id='word_1_24' title='bbox 328 498 609 554; x_wconf 79' lang='lat' dir='ltr'><strong>Evenient.</strong></span> <span class='ocrx_word' id='word_1_25' title='bbox 649 513 823 568; x_wconf 90' lang='lat' dir='ltr'><strong>neque</strong></span> <span class='ocrx_word' id='word_1_26' title='bbox 851 496 995 548; x_wconf 90' lang='lat' dir='ltr'><strong>enim</strong></span> <span class='ocrx_word' id='word_1_27' title='bbox 1018 494 1308 564; x_wconf 81' lang='lat' dir='ltr'><strong>dignabere</strong></span> <span class='ocrx_word' id='word_1_28' title='bbox 1332 511 1531 547; x_wconf 90' lang='lat' dir='ltr'><strong>numen</strong></span> <span class='ocrx_word' id='word_1_29' title='bbox 1556 494 1790 548; x_wconf 81' lang='lat' dir='ltr'><strong>honore:</strong></span> 
     </span>
     <span class='ocr_line' id='line_1_7' title="bbox 188 565 1748 644; baseline 0 -23"><span class='ocrx_word' id='word_1_30' title='bbox 188 589 252 639; x_wconf 79' lang='lat'><strong>52</strong></span> <span class='ocrx_word' id='word_1_31' title='bbox 260 590 289 641; x_wconf 83' lang='lat'><em>5</em></span> <span class='ocrx_word' id='word_1_32' title='bbox 326 572 533 644; x_wconf 84' lang='lat' dir='ltr'><strong>Meque</strong></span> <span class='ocrx_word' id='word_1_33' title='bbox 557 569 649 623; x_wconf 91' lang='lat' dir='ltr'><strong>sub</strong></span> <span class='ocrx_word' id='word_1_34' title='bbox 678 568 757 622; x_wconf 87' lang='lat' dir='ltr'><strong>his</strong></span> <span class='ocrx_word' id='word_1_35' title='bbox 784 567 1014 621; x_wconf 90' lang='lat' dir='ltr'><strong>tenebris</strong></span> <span class='ocrx_word' id='word_1_36' title='bbox 1040 567 1265 620; x_wconf 89' lang='lat' dir='ltr'><strong>nimium</strong></span> <span class='ocrx_word' id='word_1_37' title='bbox 1286 565 1469 619; x_wconf 82' lang='lat' dir='ltr'><strong>vidisse</strong></span> <span class='ocrx_word' id='word_1_38' title='bbox 1493 568 1748 638; x_wconf 86' lang='lat' dir='ltr'><strong>quereris.</strong></span> 
     </span>
     <span class='ocr_line' id='line_1_8' title="bbox 327 638 1557 712; baseline -0.004 -13"><span class='ocrx_word' id='word_1_39' title='bbox 327 644 483 699; x_wconf 88' lang='lat' dir='ltr'><strong>Talia</strong></span> <span class='ocrx_word' id='word_1_40' title='bbox 520 642 793 696; x_wconf 77' lang='lat' dir='ltr'><strong>dicentem</strong></span> <span class='ocrx_word' id='word_1_41' title='bbox 816 639 1094 712; x_wconf 71' lang='lat' dir='ltr'>proturbat</span> <span class='ocrx_word' id='word_1_42' title='bbox 1120 638 1364 693; x_wconf 80' lang='lat' dir='ltr'><strong>Echione</strong></span> <span class='ocrx_word' id='word_1_43' title='bbox 1391 651 1557 694; x_wconf 82' lang='lat' dir='ltr'><strong>natus,</strong></span> 
     </span>
     <span class='ocr_line' id='line_1_9' title="bbox 328 711 1752 785; baseline -0.004 -13"><span class='ocrx_word' id='word_1_44' title='bbox 328 716 487 772; x_wconf 55' lang='lat' dir='ltr'><strong>Dicta</strong></span> <span class='ocrx_word' id='word_1_45' title='bbox 512 715 644 770; x_wconf 86' lang='lat' dir='ltr'><strong>fides</strong></span> <span class='ocrx_word' id='word_1_46' title='bbox 671 714 937 785; x_wconf 80' lang='lat' dir='ltr'><strong>sequitur3</strong></span> <span class='ocrx_word' id='word_1_47' title='bbox 978 711 1325 785; x_wconf 85' lang='lat' dir='ltr'><strong>responsaque</strong></span> <span class='ocrx_word' id='word_1_48' title='bbox 1350 712 1482 765; x_wconf 69' lang='lat' dir='ltr'><strong>vatis</strong></span> <span class='ocrx_word' id='word_1_49' title='bbox 1507 714 1752 784; x_wconf 80' lang='lat' dir='ltr'><strong>aguntiir.</strong></span> 
     </span>
     <span class='ocr_line' id='line_1_10' title="bbox 332 784 1709 857; baseline -0.003 -14"><span class='ocrx_word' id='word_1_50' title='bbox 332 788 500 844; x_wconf 88' lang='lat' dir='ltr'><strong>Liber</strong></span> <span class='ocrx_word' id='word_1_51' title='bbox 526 786 693 840; x_wconf 88' lang='lat' dir='ltr'><strong>adest:</strong></span> <span class='ocrx_word' id='word_1_52' title='bbox 736 786 982 857; x_wconf 76' lang='lat' dir='ltr'><strong>festisque</strong></span> <span class='ocrx_word' id='word_1_53' title='bbox 1008 786 1242 839; x_wconf 86' lang='lat' dir='ltr'><strong>fremunt</strong></span> <span class='ocrx_word' id='word_1_54' title='bbox 1267 784 1546 839; x_wconf 89' lang='lat' dir='ltr'><strong>ululatibus</strong></span> <span class='ocrx_word' id='word_1_55' title='bbox 1572 786 1709 857; x_wconf 84' lang='lat' dir='ltr'><strong>agri:</strong></span> 
     </span>
     <span class='ocr_line' id='line_1_11' title="bbox 329 857 1872 929; baseline -0.004 -13"><span class='ocrx_word' id='word_1_56' title='bbox 329 861 519 916; x_wconf 88' lang='lat' dir='ltr'><strong>Turba</strong></span> <span class='ocrx_word' id='word_1_57' title='bbox 545 873 732 915; x_wconf 88' lang='lat' dir='ltr'><strong>ruunt:</strong></span> <span class='ocrx_word' id='word_1_58' title='bbox 772 859 1077 929; x_wconf 79' lang='lat' dir='ltr'><strong>mixtaeque</strong></span> <span class='ocrx_word' id='word_1_59' title='bbox 1101 857 1224 911; x_wconf 81' lang='lat' dir='ltr'><strong>viris</strong></span> <span class='ocrx_word' id='word_1_60' title='bbox 1248 869 1549 929; x_wconf 80' lang='lat' dir='ltr'><strong>matresque</strong></span> <span class='ocrx_word' id='word_1_61' title='bbox 1573 862 1872 929; x_wconf 54' lang='lat' dir='ltr'><strong>nurusqueg</strong></span> 
     </span>
     <span class='ocr_line' id='line_1_12' title="bbox 190 929 1862 1006; baseline -0.004 -16"><span class='ocrx_word' id='word_1_62' title='bbox 190 952 291 1001; x_wconf 84' lang='lat'><strong>530</strong></span> <span class='ocrx_word' id='word_1_63' title='bbox 328 934 676 1006; x_wconf 85' lang='lat' dir='ltr'><strong>Vulgusque‚</strong></span> <span class='ocrx_word' id='word_1_64' title='bbox 713 948 1099 1004; x_wconf 84' lang='lat' dir='ltr'><strong>proceresque,</strong></span> <span class='ocrx_word' id='word_1_65' title='bbox 1136 929 1319 999; x_wconf 86' lang='lat' dir='ltr'><strong>ignota</strong></span> <span class='ocrx_word' id='word_1_66' title='bbox 1346 929 1412 982; x_wconf 88' lang='lat' dir='ltr'><strong>ad</strong></span> <span class='ocrx_word' id='word_1_67' title='bbox 1439 931 1578 983; x_wconf 81' lang='lat' dir='ltr'><strong>sacra</strong></span> <span class='ocrx_word' id='word_1_68' title='bbox 1600 930 1862 984; x_wconf 87' lang='lat' dir='ltr'><strong>feruntur.</strong></span> 
     </span>
     <span class='ocr_line' id='line_1_13' title="bbox 330 1001 1834 1080; baseline -0.003 -19"><span class='ocrx_word' id='word_1_69' title='bbox 330 1007 467 1080; x_wconf 88' lang='lat' dir='ltr'><strong>Quis</strong></span> <span class='ocrx_word' id='word_1_70' title='bbox 492 1006 669 1069; x_wconf 88' lang='lat' dir='ltr'><strong>furor,</strong></span> <span class='ocrx_word' id='word_1_71' title='bbox 706 1004 1064 1075; x_wconf 85' lang='lat' dir='ltr'><strong>anguigenae‚</strong></span> <span class='ocrx_word' id='word_1_72' title='bbox 1101 1002 1274 1072; x_wconf 89' lang='lat' dir='ltr'><strong>proles</strong></span> <span class='ocrx_word' id='word_1_73' title='bbox 1300 1001 1603 1064; x_wconf 88' lang='lat' dir='ltr'><strong>Mavortia,</strong></span> <span class='ocrx_word' id='word_1_74' title='bbox 1639 1003 1834 1057; x_wconf 85' lang='lat' dir='ltr'><strong>vestras</strong></span> 
     </span>
     <span class='ocr_line' id='line_1_14' title="bbox 328 1074 1727 1136; baseline -0.004 -1"><span class='ocrx_word' id='word_1_75' title='bbox 328 1079 587 1136; x_wconf 88' lang='lat' dir='ltr'><strong>Attonuit</strong></span> <span class='ocrx_word' id='word_1_76' title='bbox 611 1078 846 1131; x_wconf 82' lang='lat' dir='ltr'><strong>mentes?</strong></span> <span class='ocrx_word' id='word_1_77' title='bbox 890 1074 1157 1128; x_wconf 77' lang='lat' dir='ltr'><strong>Pentheus</strong></span> <span class='ocrx_word' id='word_1_78' title='bbox 1181 1074 1265 1126; x_wconf 88' lang='lat' dir='ltr'><strong>ait.</strong></span> <span class='ocrx_word' id='word_1_79' title='bbox 1306 1091 1492 1126; x_wconf 87' lang='lat' dir='ltr'><strong>aerane</strong></span> <span class='ocrx_word' id='word_1_80' title='bbox 1518 1088 1727 1130; x_wconf 88' lang='lat' dir='ltr'><strong>tantum</strong></span> 
     </span>
     <span class='ocr_line' id='line_1_15' title="bbox 332 1146 1657 1221; baseline -0.006 -14"><span class='ocrx_word' id='word_1_81' title='bbox 332 1155 480 1207; x_wconf 89' lang='lat' dir='ltr'><strong>Aere</strong></span> <span class='ocrx_word' id='word_1_82' title='bbox 503 1149 702 1221; x_wconf 89' lang='lat' dir='ltr'><strong>repulsa</strong></span> <span class='ocrx_word' id='word_1_83' title='bbox 734 1149 940 1202; x_wconf 82' lang='lat' dir='ltr'><strong>valent?</strong></span> <span class='ocrx_word' id='word_1_84' title='bbox 983 1147 1038 1200; x_wconf 70' lang='grc' dir='ltr'><strong>δε</strong></span> <span class='ocrx_word' id='word_1_85' title='bbox 1064 1146 1276 1199; x_wconf 87' lang='lat' dir='ltr'><strong>adunco</strong></span> <span class='ocrx_word' id='word_1_86' title='bbox 1303 1146 1428 1199; x_wconf 90' lang='lat' dir='ltr'><strong>tibia</strong></span> <span class='ocrx_word' id='word_1_87' title='bbox 1456 1149 1657 1201; x_wconf 83' lang='lat' dir='ltr'><strong>cornu?</strong></span> 
     </span>
     <span class='ocr_line' id='line_1_16' title="bbox 330 1219 1746 1294; baseline -0.005 -14"><span class='ocrx_word' id='word_1_88' title='bbox 330 1224 403 1280; x_wconf 85' lang='lat' dir='ltr'><strong>Et</strong></span> <span class='ocrx_word' id='word_1_89' title='bbox 427 1223 660 1294; x_wconf 79' lang='lat' dir='ltr'><strong>magicae</strong></span> <span class='ocrx_word' id='word_1_90' title='bbox 689 1220 928 1276; x_wconf 80' lang='lat' dir='ltr'><strong>fraudes?</strong></span> <span class='ocrx_word' id='word_1_91' title='bbox 966 1232 1026 1274; x_wconf 90' lang='lat' dir='ltr'><strong>ut</strong></span> <span class='ocrx_word' id='word_1_92' title='bbox 1050 1236 1184 1292; x_wconf 88' lang='lat' dir='ltr'><strong>quos</strong></span> <span class='ocrx_word' id='word_1_93' title='bbox 1210 1236 1321 1273; x_wconf 91' lang='lat' dir='ltr'><strong>non</strong></span> <span class='ocrx_word' id='word_1_94' title='bbox 1349 1219 1569 1290; x_wconf 81' lang='lat' dir='ltr'><strong>belliger</strong></span> <span class='ocrx_word' id='word_1_95' title='bbox 1595 1220 1746 1282; x_wconf 79' lang='lat' dir='ltr'><strong>ens1S‚</strong></span> 
     </span>
    </p>
   </div>
   <div class='ocr_carea' id='block_1_4' title="bbox 37 1424 1080 2533">
    <p class='ocr_par' dir='ltr' id='par_1_4' title="bbox 37 1424 1080 2533">
     <span class='ocr_line' id='line_1_17' title="bbox 45 1424 1071 1475; baseline -0.007 -9"><span class='ocrx_word' id='word_1_96' title='bbox 45 1439 119 1467; x_wconf 74' lang='lat' dir='ltr'><strong>tare</strong></span> <span class='ocrx_word' id='word_1_97' title='bbox 132 1457 143 1475; x_wconf 94' lang='lat'><strong>,</strong></span> <span class='ocrx_word' id='word_1_98' title='bbox 155 1428 193 1467; x_wconf 85' lang='lat'>&amp;</span> <span class='ocrx_word' id='word_1_99' title='bbox 211 1424 339 1465; x_wconf 67' lang='lat' dir='ltr'><strong>ex&#39;uva</strong></span> <span class='ocrx_word' id='word_1_100' title='bbox 350 1425 478 1464; x_wconf 84' lang='lat' dir='ltr'><strong>vinum</strong></span> <span class='ocrx_word' id='word_1_101' title='bbox 499 1425 671 1464; x_wconf 80' lang='lat' dir='ltr'><strong>torculari</strong></span> <span class='ocrx_word' id='word_1_102' title='bbox 684 1424 888 1475; x_wconf 81' lang='lat' dir='ltr'><strong>exprimere</strong></span> <span class='ocrx_word' id='word_1_103' title='bbox 900 1424 1071 1461; x_wconf 78' lang='lat' dir='ltr'><strong>omnium</strong></span> 
     </span>
     <span class='ocr_line' id='line_1_18' title="bbox 42 1474 1071 1528; baseline -0.006 -12"><span class='ocrx_word' id='word_1_104' title='bbox 42 1481 179 1528; x_wconf 84' lang='lat' dir='ltr'><strong>primus</strong></span> <span class='ocrx_word' id='word_1_105' title='bbox 210 1477 381 1515; x_wconf 82' lang='lat' dir='ltr'><strong>mortales</strong></span> <span class='ocrx_word' id='word_1_106' title='bbox 402 1477 529 1515; x_wconf 91' lang='lat' dir='ltr'><strong>docuit</strong></span> <span class='ocrx_word' id='word_1_107' title='bbox 554 1507 564 1522; x_wconf 94' lang='lat'>‚</span> <span class='ocrx_word' id='word_1_108' title='bbox 591 1478 766 1526; x_wconf 78' lang='lat' dir='ltr'><strong>pluraque</strong></span> <span class='ocrx_word' id='word_1_109' title='bbox 798 1476 864 1512; x_wconf 85' lang='lat' dir='ltr'><strong>alia</strong></span> <span class='ocrx_word' id='word_1_110' title='bbox 893 1474 938 1512; x_wconf 86' lang='lat' dir='ltr'><strong>ad</strong></span> <span class='ocrx_word' id='word_1_111' title='bbox 970 1474 1071 1511; x_wconf 82' lang='lat' dir='ltr'><strong>usum</strong></span> 
     </span>
     <span class='ocr_line' id='line_1_19' title="bbox 39 1526 1075 1576; baseline -0.006 -9"><span class='ocrx_word' id='word_1_112' title='bbox 39 1530 238 1567; x_wconf 88' lang='lat' dir='ltr'><strong>hominum</strong></span> <span class='ocrx_word' id='word_1_113' title='bbox 260 1528 464 1576; x_wconf 82' lang='lat' dir='ltr'><strong>excogitata</strong></span> <span class='ocrx_word' id='word_1_114' title='bbox 497 1527 720 1573; x_wconf 85' lang='lat' dir='ltr'><strong>effecerunt,</strong></span> <span class='ocrx_word' id='word_1_115' title='bbox 748 1536 787 1564; x_wconf 88' lang='lat' dir='ltr'><strong>ut</strong></span> <span class='ocrx_word' id='word_1_116' title='bbox 816 1537 883 1574; x_wconf 89' lang='lat' dir='ltr'><strong>pro</strong></span> <span class='ocrx_word' id='word_1_117' title='bbox 907 1526 977 1562; x_wconf 90' lang='lat' dir='ltr'><strong>deo</strong></span> <span class='ocrx_word' id='word_1_118' title='bbox 1011 1536 1075 1561; x_wconf 92' lang='lat' dir='ltr'><strong>co-</strong></span> 
     </span>
     <span class='ocr_line' id='line_1_20' title="bbox 37 1575 1075 1625; baseline -0.006 -8"><span class='ocrx_word' id='word_1_119' title='bbox 37 1580 183 1618; x_wconf 84' lang='lat' dir='ltr'><strong>leretur.</strong></span> <span class='ocrx_word' id='word_1_120' title='bbox 213 1578 412 1616; x_wconf 80' lang='lat' dir='ltr'><strong>secundum</strong></span> <span class='ocrx_word' id='word_1_121' title='bbox 446 1591 490 1616; x_wconf 89' lang='lat' dir='ltr'><strong>ex</strong></span> <span class='ocrx_word' id='word_1_122' title='bbox 524 1582 638 1625; x_wconf 77' lang='lat' dir='ltr'><strong>Jove,</strong></span> <span class='ocrx_word' id='word_1_123' title='bbox 669 1579 706 1615; x_wconf 64' lang='grc' dir='ltr'>ἃ</span> <span class='ocrx_word' id='word_1_124' title='bbox 728 1577 963 1624; x_wconf 79' lang='lat' dir='ltr'><strong>Proserpina,</strong></span> <span class='ocrx_word' id='word_1_125' title='bbox 991 1575 1075 1619; x_wconf 85' lang='lat' dir='ltr'><strong>vel,</strong></span> 
     </span>
     <span class='ocr_line' id='line_1_21' title="bbox 43 1626 1077 1677; baseline -0.005 -10"><span class='ocrx_word' id='word_1_126' title='bbox 43 1638 83 1667; x_wconf 86' lang='lat' dir='ltr'><strong>ut</strong></span> <span class='ocrx_word' id='word_1_127' title='bbox 105 1631 163 1667; x_wconf 84' lang='lat' dir='ltr'><strong>alii</strong></span> <span class='ocrx_word' id='word_1_128' title='bbox 183 1630 360 1673; x_wconf 85' lang='lat' dir='ltr'><strong>sentiunt,</strong></span> <span class='ocrx_word' id='word_1_129' title='bbox 386 1641 430 1666; x_wconf 87' lang='lat' dir='ltr'><strong>ex</strong></span> <span class='ocrx_word' id='word_1_130' title='bbox 461 1630 594 1666; x_wconf 87' lang='lat' dir='ltr'><strong>Cerere</strong></span> <span class='ocrx_word' id='word_1_131' title='bbox 624 1629 791 1677; x_wconf 87' lang='lat' dir='ltr'><strong>genitum</strong></span> <span class='ocrx_word' id='word_1_132' title='bbox 820 1628 940 1664; x_wconf 86' lang='lat' dir='ltr'><strong>ferunt</strong></span> <span class='ocrx_word' id='word_1_133' title='bbox 964 1655 974 1671; x_wconf 92' lang='lat'><strong>,</strong></span> <span class='ocrx_word' id='word_1_134' title='bbox 1013 1626 1077 1675; x_wconf 90' lang='lat' dir='ltr'><strong>qui</strong></span> 
     </span>
     <span class='ocr_line' id='line_1_22' title="bbox 42 1677 1076 1729; baseline -0.005 -12"><span class='ocrx_word' id='word_1_135' title='bbox 42 1680 178 1729; x_wconf 86' lang='lat' dir='ltr'><strong>primus</strong></span> <span class='ocrx_word' id='word_1_136' title='bbox 198 1681 311 1717; x_wconf 91' lang='lat' dir='ltr'><strong>boves</strong></span> <span class='ocrx_word' id='word_1_137' title='bbox 332 1679 377 1716; x_wconf 86' lang='lat' dir='ltr'><strong>ad</strong></span> <span class='ocrx_word' id='word_1_138' title='bbox 388 1678 564 1716; x_wconf 79' lang='lat' dir='ltr'><strong>arandum</strong></span> <span class='ocrx_word' id='word_1_139' title='bbox 580 1677 736 1728; x_wconf 78' lang='lat' dir='ltr'><strong>junxisse</strong></span> <span class='ocrx_word' id='word_1_140' title='bbox 758 1685 934 1722; x_wconf 83' lang='lat' dir='ltr'><strong>narratur,</strong></span> <span class='ocrx_word' id='word_1_141' title='bbox 945 1688 1076 1726; x_wconf 89' lang='lat' dir='ltr'><strong>quam-</strong></span> 
     </span>
     <span class='ocr_line' id='line_1_23' title="bbox 42 1728 1075 1778; baseline -0.004 -11"><span class='ocrx_word' id='word_1_142' title='bbox 42 1731 170 1767; x_wconf 86' lang='lat' dir='ltr'><strong>obrem</strong></span> <span class='ocrx_word' id='word_1_143' title='bbox 198 1730 288 1767; x_wconf 88' lang='lat' dir='ltr'><strong>illius</strong></span> <span class='ocrx_word' id='word_1_144' title='bbox 310 1730 428 1766; x_wconf 83' lang='lat' dir='ltr'><strong>statuis</strong></span> <span class='ocrx_word' id='word_1_145' title='bbox 450 1741 587 1767; x_wconf 82' lang='lat' dir='ltr'><strong>cornua</strong></span> <span class='ocrx_word' id='word_1_146' title='bbox 610 1729 895 1778; x_wconf 80' lang='lat' dir='ltr'><strong>apponebantur.</strong></span> <span class='ocrx_word' id='word_1_147' title='bbox 926 1728 1075 1765; x_wconf 87' lang='lat' dir='ltr'><strong>tertium</strong></span> 
     </span>
     <span class='ocr_line' id='line_1_24' title="bbox 40 1777 1077 1828; baseline -0.004 -10"><span class='ocrx_word' id='word_1_148' title='bbox 40 1792 86 1818; x_wconf 85' lang='lat' dir='ltr'><strong>ex</strong></span> <span class='ocrx_word' id='word_1_149' title='bbox 109 1782 202 1827; x_wconf 87' lang='lat' dir='ltr'><strong>Jove</strong></span> <span class='ocrx_word' id='word_1_150' title='bbox 217 1809 227 1825; x_wconf 91' lang='lat'><strong>,</strong></span> <span class='ocrx_word' id='word_1_151' title='bbox 253 1781 292 1817; x_wconf 70' lang='grc' dir='ltr'><strong>δε</strong></span> <span class='ocrx_word' id='word_1_152' title='bbox 314 1779 457 1817; x_wconf 83' lang='lat' dir='ltr'><strong>Semele</strong></span> <span class='ocrx_word' id='word_1_153' title='bbox 489 1780 623 1818; x_wconf 89' lang='lat' dir='ltr'><strong>Cadmi</strong></span> <span class='ocrx_word' id='word_1_154' title='bbox 644 1779 715 1817; x_wconf 89' lang='lat' dir='ltr'><strong>filia</strong></span> <span class='ocrx_word' id='word_1_155' title='bbox 736 1787 864 1818; x_wconf 88' lang='lat' dir='ltr'><strong>natum</strong></span> <span class='ocrx_word' id='word_1_156' title='bbox 887 1779 1003 1828; x_wconf 81' lang='lat' dir='ltr'><strong>ajunt,</strong></span> <span class='ocrx_word' id='word_1_157' title='bbox 1013 1777 1077 1826; x_wconf 91' lang='lat' dir='ltr'><strong>qui</strong></span> 
     </span>
     <span class='ocr_line' id='line_1_25' title="bbox 41 1830 1075 1880; baseline -0.003 -12"><span class='ocrx_word' id='word_1_158' title='bbox 41 1831 159 1880; x_wconf 86' lang='lat' dir='ltr'><strong>specie</strong></span> <span class='ocrx_word' id='word_1_159' title='bbox 192 1831 345 1869; x_wconf 86' lang='lat' dir='ltr'><strong>decorus</strong></span> <span class='ocrx_word' id='word_1_160' title='bbox 386 1832 480 1868; x_wconf 87' lang='lat' dir='ltr'><strong>inter</strong></span> <span class='ocrx_word' id='word_1_161' title='bbox 512 1831 708 1868; x_wconf 87' lang='lat' dir='ltr'><strong>mulierum</strong></span> <span class='ocrx_word' id='word_1_162' title='bbox 752 1831 901 1867; x_wconf 80' lang='lat' dir='ltr'><strong>choreas</strong></span> <span class='ocrx_word' id='word_1_163' title='bbox 932 1830 1075 1866; x_wconf 84' lang='lat' dir='ltr'><strong>summa</strong></span> 
     </span>
     <span class='ocr_line' id='line_1_26' title="bbox 42 1880 1074 1931; baseline -0.002 -12"><span class='ocrx_word' id='word_1_164' title='bbox 42 1893 129 1919; x_wconf 89' lang='lat' dir='ltr'><strong>cum</strong></span> <span class='ocrx_word' id='word_1_165' title='bbox 147 1882 333 1931; x_wconf 82' lang='lat' dir='ltr'><strong>voluptate</strong></span> <span class='ocrx_word' id='word_1_166' title='bbox 353 1882 507 1919; x_wconf 86' lang='lat' dir='ltr'><strong>nutritus</strong></span> <span class='ocrx_word' id='word_1_167' title='bbox 530 1883 742 1931; x_wconf 84' lang='lat' dir='ltr'><strong>fuit,atque</strong></span> <span class='ocrx_word' id='word_1_168' title='bbox 764 1880 947 1918; x_wconf 76' lang='lat' dir='ltr'><strong>educatus.</strong></span> <span class='ocrx_word' id='word_1_169' title='bbox 977 1881 1074 1917; x_wconf 87' lang='lat' dir='ltr'><strong>Foe-</strong></span> 
     </span>
     <span class='ocr_line' id='line_1_27' title="bbox 41 1931 1075 1981; baseline -0.001 -12"><span class='ocrx_word' id='word_1_170' title='bbox 41 1933 224 1970; x_wconf 81' lang='lat' dir='ltr'><strong>minarum</strong></span> <span class='ocrx_word' id='word_1_171' title='bbox 253 1932 406 1975; x_wconf 87' lang='lat' dir='ltr'><strong>deinde,</strong></span> <span class='ocrx_word' id='word_1_172' title='bbox 435 1944 521 1981; x_wconf 87' lang='lat' dir='ltr'><strong>quas</strong></span> <span class='ocrx_word' id='word_1_173' title='bbox 534 1932 686 1981; x_wconf 87' lang='lat' dir='ltr'><strong>Thyrfis</strong></span> <span class='ocrx_word' id='word_1_174' title='bbox 706 1932 885 1975; x_wconf 85' lang='lat' dir='ltr'><strong>armavit,</strong></span> <span class='ocrx_word' id='word_1_175' title='bbox 912 1931 1075 1968; x_wconf 90' lang='lat' dir='ltr'><strong>exercitu</strong></span> 
     </span>
     <span class='ocr_line' id='line_1_28' title="bbox 41 1982 1074 2032; baseline -0.002 -12"><span class='ocrx_word' id='word_1_176' title='bbox 41 1990 287 2032; x_wconf 76' lang='lat' dir='ltr'><strong>congregato,</strong></span> <span class='ocrx_word' id='word_1_177' title='bbox 316 1984 441 2020; x_wconf 88' lang='lat' dir='ltr'><strong>orbem</strong></span> <span class='ocrx_word' id='word_1_178' title='bbox 464 1990 640 2020; x_wconf 84' lang='lat' dir='ltr'><strong>terrarum</strong></span> <span class='ocrx_word' id='word_1_179' title='bbox 662 1982 866 2032; x_wconf 81' lang='lat' dir='ltr'><strong>peragravit</strong></span> <span class='ocrx_word' id='word_1_180' title='bbox 889 2011 899 2026; x_wconf 95' lang='lat'>,</span> <span class='ocrx_word' id='word_1_181' title='bbox 927 1994 990 2019; x_wconf 87' lang='lat' dir='ltr'><strong>eos</strong></span> <span class='ocrx_word' id='word_1_182' title='bbox 1011 1982 1074 2030; x_wconf 88' lang='lat' dir='ltr'><strong>qui</strong></span> 
     </span>
     <span class='ocr_line' id='line_1_29' title="bbox 43 2032 1077 2082; baseline -0.001 -13"><span class='ocrx_word' id='word_1_183' title='bbox 43 2033 102 2082; x_wconf 89' lang='lat' dir='ltr'><strong>pie</strong></span> <span class='ocrx_word' id='word_1_184' title='bbox 126 2062 136 2078; x_wconf 86' lang='lat'>‚</span> <span class='ocrx_word' id='word_1_185' title='bbox 170 2033 335 2082; x_wconf 79' lang='lat' dir='ltr'><strong>justeque</strong></span> <span class='ocrx_word' id='word_1_186' title='bbox 365 2035 554 2078; x_wconf 80' lang='lat' dir='ltr'><strong>viverent,</strong></span> <span class='ocrx_word' id='word_1_187' title='bbox 579 2033 673 2070; x_wconf 86' lang='lat' dir='ltr'><strong>sacra</strong></span> <span class='ocrx_word' id='word_1_188' title='bbox 696 2061 707 2078; x_wconf 83' lang='lat'>,</span> <span class='ocrx_word' id='word_1_189' title='bbox 735 2032 978 2081; x_wconf 88' lang='lat' dir='ltr'><strong>mysteriaque</strong></span> <span class='ocrx_word' id='word_1_190' title='bbox 1009 2032 1077 2069; x_wconf 89' lang='lat' dir='ltr'><strong>do-</strong></span> 
     </span>
     <span class='ocr_line' id='line_1_30' title="bbox 45 2082 1078 2133; baseline 0 -14"><span class='ocrx_word' id='word_1_191' title='bbox 45 2094 141 2120; x_wconf 88' lang='lat' dir='ltr'><strong>cens.</strong></span> <span class='ocrx_word' id='word_1_192' title='bbox 160 2083 279 2120; x_wconf 77' lang='lat' dir='ltr'><strong>Festos</strong></span> <span class='ocrx_word' id='word_1_193' title='bbox 298 2091 482 2132; x_wconf 88' lang='lat' dir='ltr'><strong>praeterea</strong></span> <span class='ocrx_word' id='word_1_194' title='bbox 500 2084 636 2133; x_wconf 90' lang='lat' dir='ltr'><strong>ubique</strong></span> <span class='ocrx_word' id='word_1_195' title='bbox 659 2084 734 2121; x_wconf 89' lang='lat' dir='ltr'><strong>dies</strong></span> <span class='ocrx_word' id='word_1_196' title='bbox 755 2083 897 2132; x_wconf 89' lang='lat' dir='ltr'><strong>publice</strong></span> <span class='ocrx_word' id='word_1_197' title='bbox 920 2082 1078 2119; x_wconf 83' lang='lat' dir='ltr'><strong>celebra-</strong></span> 
     </span>
     <span class='ocr_line' id='line_1_31' title="bbox 45 2133 1075 2183; baseline 0 -14"><span class='ocrx_word' id='word_1_198' title='bbox 45 2133 100 2176; x_wconf 86' lang='lat' dir='ltr'><strong>ri,</strong></span> <span class='ocrx_word' id='word_1_199' title='bbox 127 2133 345 2182; x_wconf 86' lang='lat' dir='ltr'><strong>choreasque</strong></span> <span class='ocrx_word' id='word_1_200' title='bbox 375 2135 462 2183; x_wconf 81' lang='lat' dir='ltr'><strong>agi,</strong></span> <span class='ocrx_word' id='word_1_201' title='bbox 500 2135 538 2172; x_wconf 68' lang='grc' dir='ltr'><strong>ὃς</strong></span> <span class='ocrx_word' id='word_1_202' title='bbox 562 2133 739 2172; x_wconf 79' lang='lat' dir='ltr'><strong>musicam</strong></span> <span class='ocrx_word' id='word_1_203' title='bbox 771 2134 931 2171; x_wconf 79' lang='lat' dir='ltr'><strong>exerceri</strong></span> <span class='ocrx_word' id='word_1_204' title='bbox 960 2141 1075 2170; x_wconf 87' lang='lat' dir='ltr'><strong>artem</strong></span> 
     </span>
     <span class='ocr_line' id='line_1_32' title="bbox 43 2182 1078 2222; baseline 0.001 -2"><span class='ocrx_word' id='word_1_205' title='bbox 43 2182 204 2220; x_wconf 87' lang='lat' dir='ltr'><strong>instituit.</strong></span> <span class='ocrx_word' id='word_1_206' title='bbox 251 2183 438 2222; x_wconf 89' lang='lat' dir='ltr'><strong>Postremo</strong></span> <span class='ocrx_word' id='word_1_207' title='bbox 469 2184 593 2222; x_wconf 83' lang='lat' dir='ltr'><strong>sedatis</strong></span> <span class='ocrx_word' id='word_1_208' title='bbox 613 2185 718 2222; x_wconf 45' lang='lat' dir='ltr'><strong>iinter</strong></span> <span class='ocrx_word' id='word_1_209' title='bbox 752 2196 884 2221; x_wconf 88' lang='lat' dir='ltr'><strong>omnes</strong></span> <span class='ocrx_word' id='word_1_210' title='bbox 912 2184 1078 2221; x_wconf 85' lang='lat' dir='ltr'><strong>nationes</strong></span> 
     </span>
     <span class='ocr_line' id='line_1_33' title="bbox 45 2232 1079 2285; baseline 0.003 -17"><span class='ocrx_word' id='word_1_211' title='bbox 45 2232 220 2281; x_wconf 79' lang='lat' dir='ltr'><strong>urbesque</strong></span> <span class='ocrx_word' id='word_1_212' title='bbox 242 2232 420 2272; x_wconf 82' lang='lat' dir='ltr'><strong>discordiis</strong></span> <span class='ocrx_word' id='word_1_213' title='bbox 436 2263 446 2280; x_wconf 91' lang='lat'><strong>,</strong></span> <span class='ocrx_word' id='word_1_214' title='bbox 471 2235 639 2285; x_wconf 90' lang='lat' dir='ltr'><strong>bellisque</strong></span> <span class='ocrx_word' id='word_1_215' title='bbox 660 2235 795 2284; x_wconf 83' lang='lat' dir='ltr'><strong>ubique</strong></span> <span class='ocrx_word' id='word_1_216' title='bbox 817 2234 956 2271; x_wconf 85' lang='lat' dir='ltr'><strong>sublatis</strong></span> <span class='ocrx_word' id='word_1_217' title='bbox 978 2263 988 2278; x_wconf 93' lang='lat'>‚</span> <span class='ocrx_word' id='word_1_218' title='bbox 1015 2246 1079 2282; x_wconf 88' lang='lat' dir='ltr'><strong>pa-</strong></span> 
     </span>
     <span class='ocr_line' id='line_1_34' title="bbox 47 2282 1079 2336; baseline 0.002 -16"><span class='ocrx_word' id='word_1_219' title='bbox 47 2294 130 2320; x_wconf 87' lang='lat' dir='ltr'><strong>cem</strong></span> <span class='ocrx_word' id='word_1_220' title='bbox 163 2282 332 2319; x_wconf 87' lang='lat' dir='ltr'><strong>omnibus</strong></span> <span class='ocrx_word' id='word_1_221' title='bbox 349 2284 492 2332; x_wconf 80' lang='lat' dir='ltr'><strong>largitus</strong></span> <span class='ocrx_word' id='word_1_222' title='bbox 514 2286 573 2322; x_wconf 87' lang='lat' dir='ltr'><strong>est.</strong></span> <span class='ocrx_word' id='word_1_223' title='bbox 610 2285 803 2336; x_wconf 85' lang='lat' dir='ltr'><strong>Quosdam</strong></span> <span class='ocrx_word' id='word_1_224' title='bbox 825 2297 916 2322; x_wconf 81' lang='lat' dir='ltr'><strong>vero</strong></span> <span class='ocrx_word' id='word_1_225' title='bbox 946 2285 995 2322; x_wconf 89' lang='lat' dir='ltr'><strong>ob</strong></span> <span class='ocrx_word' id='word_1_226' title='bbox 1022 2285 1079 2322; x_wconf 86' lang='lat' dir='ltr'><strong>su-</strong></span> 
     </span>
     <span class='ocr_line' id='line_1_35' title="bbox 43 2333 1077 2384; baseline 0.004 -15"><span class='ocrx_word' id='word_1_227' title='bbox 43 2333 206 2381; x_wconf 83' lang='lat' dir='ltr'><strong>perbiam</strong></span> <span class='ocrx_word' id='word_1_228' title='bbox 230 2361 239 2375; x_wconf 94' lang='lat'>‚</span> <span class='ocrx_word' id='word_1_229' title='bbox 276 2333 576 2384; x_wconf 85' lang='lat' dir='ltr'><strong>impietatemque</strong></span> <span class='ocrx_word' id='word_1_230' title='bbox 607 2337 722 2384; x_wconf 89' lang='lat' dir='ltr'><strong>ipsum</strong></span> <span class='ocrx_word' id='word_1_231' title='bbox 763 2343 1044 2373; x_wconf 85' lang='lat' dir='ltr'><strong>contemnentes</strong></span> <span class='ocrx_word' id='word_1_232' title='bbox 1067 2364 1077 2380; x_wconf 94' lang='lat'>,</span> 
     </span>
     <span class='ocr_line' id='line_1_36' title="bbox 37 2383 1077 2434; baseline 0.004 -15"><span class='ocrx_word' id='word_1_233' title='bbox 37 2383 288 2433; x_wconf 64' lang='lat' dir='ltr'><strong>jactantesque</strong></span> <span class='ocrx_word' id='word_1_234' title='bbox 308 2383 464 2421; x_wconf 79' lang='lat' dir='ltr'><strong>Bacchas</strong></span> <span class='ocrx_word' id='word_1_235' title='bbox 484 2394 631 2434; x_wconf 87' lang='lat' dir='ltr'><strong>propter</strong></span> <span class='ocrx_word' id='word_1_236' title='bbox 659 2387 966 2424; x_wconf 83' lang='lat' dir='ltr'><strong>incontinentiam</strong></span> <span class='ocrx_word' id='word_1_237' title='bbox 991 2414 1002 2430; x_wconf 95' lang='lat'>,</span> <span class='ocrx_word' id='word_1_238' title='bbox 1039 2388 1077 2423; x_wconf 86' lang='lat'>&amp;</span> 
     </span>
     <span class='ocr_line' id='line_1_37' title="bbox 41 2433 1076 2482; baseline 0.003 -12"><span class='ocrx_word' id='word_1_239' title='bbox 41 2433 230 2471; x_wconf 86' lang='lat' dir='ltr'><strong>libidinem</strong></span> <span class='ocrx_word' id='word_1_240' title='bbox 254 2434 296 2470; x_wconf 85' lang='lat' dir='ltr'><strong>ab</strong></span> <span class='ocrx_word' id='word_1_241' title='bbox 317 2434 393 2482; x_wconf 87' lang='lat' dir='ltr'><strong>ipso</strong></span> <span class='ocrx_word' id='word_1_242' title='bbox 416 2435 641 2472; x_wconf 83' lang='lat' dir='ltr'><strong>circumduci</strong></span> <span class='ocrx_word' id='word_1_243' title='bbox 663 2449 671 2472; x_wconf 74' lang='grc' dir='ltr'><strong>ι</strong></span> <span class='ocrx_word' id='word_1_244' title='bbox 702 2437 943 2473; x_wconf 79' lang='lat' dir='ltr'><strong>caerimonias</strong></span> <span class='ocrx_word' id='word_1_245' title='bbox 962 2448 1051 2473; x_wconf 86' lang='lat' dir='ltr'><strong>vero</strong></span> <span class='ocrx_word' id='word_1_246' title='bbox 1067 2464 1076 2481; x_wconf 93' lang='lat'>‚</span> 
     </span>
     <span class='ocr_line' id='line_1_38' title="bbox 43 2484 1080 2533; baseline 0.002 -13"><span class='ocrx_word' id='word_1_247' title='bbox 43 2496 86 2521; x_wconf 83' lang='lat' dir='ltr'><strong>ac</strong></span> <span class='ocrx_word' id='word_1_248' title='bbox 108 2484 275 2532; x_wconf 84' lang='lat' dir='ltr'><strong>mysteria</strong></span> <span class='ocrx_word' id='word_1_249' title='bbox 298 2485 343 2521; x_wconf 86' lang='lat' dir='ltr'><strong>ad</strong></span> <span class='ocrx_word' id='word_1_250' title='bbox 364 2485 607 2533; x_wconf 86' lang='lat' dir='ltr'><strong>corruptelam</strong></span> <span class='ocrx_word' id='word_1_251' title='bbox 631 2493 861 2523; x_wconf 88' lang='lat' dir='ltr'><strong>externarum</strong></span> <span class='ocrx_word' id='word_1_252' title='bbox 884 2487 1080 2523; x_wconf 76' lang='lat' dir='ltr'><strong>mulierum</strong></span> 
     </span>
    </p>
   </div>
   <div class='ocr_carea' id='block_1_5' title="bbox 42 2534 1083 2584">
    <p class='ocr_par' dir='ltr' id='par_1_5' title="bbox 42 2534 1083 2584">
     <span class='ocr_line' id='line_1_39' title="bbox 42 2534 1083 2584; baseline 0 -12"><span class='ocrx_word' id='word_1_253' title='bbox 42 2534 260 2578; x_wconf 79' lang='lat' dir='ltr'><strong>adinventa,</strong></span> <span class='ocrx_word' id='word_1_254' title='bbox 289 2535 418 2572; x_wconf 79' lang='lat' dir='ltr'><strong>merita</strong></span> <span class='ocrx_word' id='word_1_255' title='bbox 440 2547 561 2584; x_wconf 87' lang='lat' dir='ltr'><strong>poena</strong></span> <span class='ocrx_word' id='word_1_256' title='bbox 592 2534 724 2572; x_wconf 84' lang='lat' dir='ltr'><strong>affecit.</strong></span> <span class='ocrx_word' id='word_1_257' title='bbox 752 2547 911 2584; x_wconf 90' lang='lat' dir='ltr'><strong>quorum</strong></span> <span class='ocrx_word' id='word_1_258' title='bbox 942 2537 978 2572; x_wconf 87' lang='lat' dir='ltr'><strong>in</strong></span> <span class='ocrx_word' id='word_1_259' title='bbox 1012 2536 1083 2583; x_wconf 83' lang='lat' dir='ltr'><strong>pri-</strong></span> 
     </span>
    </p>
   </div>
   <div class='ocr_carea' id='block_1_6' title="bbox 40 2585 1082 3288">
    <p class='ocr_par' dir='ltr' id='par_1_6' title="bbox 40 2585 1081 2986">
     <span class='ocr_line' id='line_1_40' title="bbox 41 2585 1079 2634; baseline 0 -12"><span class='ocrx_word' id='word_1_260' title='bbox 41 2585 110 2622; x_wconf 84' lang='lat' dir='ltr'><strong>mis</strong></span> <span class='ocrx_word' id='word_1_261' title='bbox 133 2586 200 2622; x_wconf 87' lang='lat' dir='ltr'><strong>fuit</strong></span> <span class='ocrx_word' id='word_1_262' title='bbox 228 2586 421 2622; x_wconf 85' lang='lat' dir='ltr'><strong>Pentheus.</strong></span> <span class='ocrx_word' id='word_1_263' title='bbox 460 2586 566 2622; x_wconf 86' lang='lat' dir='ltr'><strong>Haec</strong></span> <span class='ocrx_word' id='word_1_264' title='bbox 590 2586 768 2623; x_wconf 85' lang='lat' dir='ltr'><strong>&amp;multo</strong></span> <span class='ocrx_word' id='word_1_265' title='bbox 800 2586 899 2634; x_wconf 84' lang='lat' dir='ltr'><strong>plura</strong></span> <span class='ocrx_word' id='word_1_266' title='bbox 932 2586 1079 2631; x_wconf 72' lang='lat' dir='ltr'><strong>Diodo—</strong></span> 
     </span>
     <span class='ocr_line' id='line_1_41' title="bbox 41 2635 1080 2685; baseline -0.001 -12"><span class='ocrx_word' id='word_1_267' title='bbox 41 2647 97 2673; x_wconf 85' lang='lat' dir='ltr'><strong>rus</strong></span> <span class='ocrx_word' id='word_1_268' title='bbox 118 2635 164 2673; x_wconf 94' lang='lat' dir='ltr'><strong>de</strong></span> <span class='ocrx_word' id='word_1_269' title='bbox 184 2636 340 2673; x_wconf 89' lang='lat' dir='ltr'><strong>Baccho.</strong></span> <span class='ocrx_word' id='word_1_270' title='bbox 369 2635 526 2673; x_wconf 91' lang='lat' dir='ltr'><strong>Ovidius</strong></span> <span class='ocrx_word' id='word_1_271' title='bbox 547 2647 652 2681; x_wconf 85' lang='lat' dir='ltr'><strong>vero,</strong></span> <span class='ocrx_word' id='word_1_272' title='bbox 667 2648 761 2685; x_wconf 86' lang='lat' dir='ltr'><strong>quae</strong></span> <span class='ocrx_word' id='word_1_273' title='bbox 783 2637 827 2673; x_wconf 90' lang='lat' dir='ltr'><strong>ab</strong></span> <span class='ocrx_word' id='word_1_274' title='bbox 849 2637 924 2673; x_wconf 86' lang='lat' dir='ltr'><strong>aliis</strong></span> <span class='ocrx_word' id='word_1_275' title='bbox 939 2636 1080 2673; x_wconf 89' lang='lat' dir='ltr'><strong>duobus</strong></span> 
     </span>
     <span class='ocr_line' id='line_1_42' title="bbox 40 2685 1081 2735; baseline 0.001 -13"><span class='ocrx_word' id='word_1_276' title='bbox 40 2697 191 2735; x_wconf 91' lang='lat' dir='ltr'><strong>quoque</strong></span> <span class='ocrx_word' id='word_1_277' title='bbox 210 2685 304 2735; x_wconf 88' lang='lat' dir='ltr'><strong>gesta</strong></span> <span class='ocrx_word' id='word_1_278' title='bbox 325 2687 427 2724; x_wconf 84' lang='lat' dir='ltr'><strong>fuere</strong></span> <span class='ocrx_word' id='word_1_279' title='bbox 443 2714 452 2729; x_wconf 92' lang='lat'><strong><em>‚</em></strong></span> <span class='ocrx_word' id='word_1_280' title='bbox 479 2685 626 2723; x_wconf 82' lang='lat' dir='ltr'><strong>Baccho</strong></span> <span class='ocrx_word' id='word_1_281' title='bbox 656 2686 720 2724; x_wconf 90' lang='lat' dir='ltr'><strong>soli</strong></span> <span class='ocrx_word' id='word_1_282' title='bbox 741 2715 751 2731; x_wconf 92' lang='lat'>,</span> <span class='ocrx_word' id='word_1_283' title='bbox 779 2687 878 2732; x_wconf 87' lang='lat' dir='ltr'><strong>Jovis</strong></span> <span class='ocrx_word' id='word_1_284' title='bbox 902 2714 913 2731; x_wconf 86' lang='lat'>‚</span> <span class='ocrx_word' id='word_1_285' title='bbox 950 2688 987 2723; x_wconf 61' lang='grc' dir='ltr'><strong>ὃς</strong></span> <span class='ocrx_word' id='word_1_286' title='bbox 1018 2686 1081 2723; x_wconf 89' lang='lat' dir='ltr'><strong>Se-</strong></span> 
     </span>
     <span class='ocr_line' id='line_1_43' title="bbox 41 2735 1079 2781; baseline 0 -8"><span class='ocrx_word' id='word_1_287' title='bbox 41 2736 153 2773; x_wconf 88' lang='lat' dir='ltr'><strong>meles</strong></span> <span class='ocrx_word' id='word_1_288' title='bbox 173 2735 249 2774; x_wconf 88' lang='lat' dir='ltr'><strong>filio</strong></span> <span class='ocrx_word' id='word_1_289' title='bbox 274 2765 284 2780; x_wconf 91' lang='lat'>‚</span> <span class='ocrx_word' id='word_1_290' title='bbox 326 2736 520 2774; x_wconf 81' lang='lat' dir='ltr'><strong>attribuere</strong></span> <span class='ocrx_word' id='word_1_291' title='bbox 541 2737 697 2774; x_wconf 86' lang='lat' dir='ltr'><strong>videtur.</strong></span> <span class='ocrx_word' id='word_1_292' title='bbox 743 2738 906 2774; x_wconf 66' lang='lat' dir='ltr'><strong>Remus.</strong></span> <span class='ocrx_word' id='word_1_293' title='bbox 949 2737 1044 2774; x_wconf 88' lang='lat' dir='ltr'><strong>Tres</strong></span> <span class='ocrx_word' id='word_1_294' title='bbox 1068 2765 1079 2781; x_wconf 92' lang='lat'>‚</span> 
     </span>
     <span class='ocr_line' id='line_1_44' title="bbox 41 2785 1077 2835; baseline 0.001 -12"><span class='ocrx_word' id='word_1_295' title='bbox 41 2795 199 2834; x_wconf 86' lang='lat' dir='ltr'><strong>quatuor</strong></span> <span class='ocrx_word' id='word_1_296' title='bbox 217 2785 318 2823; x_wconf 84' lang='lat' dir='ltr'><strong>fuiffe</strong></span> <span class='ocrx_word' id='word_1_297' title='bbox 340 2787 503 2824; x_wconf 85' lang='lat' dir='ltr'><strong>Bacchos</strong></span> <span class='ocrx_word' id='word_1_298' title='bbox 519 2816 527 2831; x_wconf 91' lang='lat'>‚</span> <span class='ocrx_word' id='word_1_299' title='bbox 554 2787 614 2824; x_wconf 87' lang='lat' dir='ltr'><strong>sex</strong></span> <span class='ocrx_word' id='word_1_300' title='bbox 633 2787 771 2835; x_wconf 87' lang='lat' dir='ltr'><strong>septem</strong></span> <span class='ocrx_word' id='word_1_301' title='bbox 794 2787 971 2824; x_wconf 85' lang='lat' dir='ltr'><strong>Hercules</strong></span> <span class='ocrx_word' id='word_1_302' title='bbox 993 2788 1077 2824; x_wconf 88' lang='lat' dir='ltr'><strong>fuis-</strong></span> 
     </span>
     <span class='ocr_line' id='line_1_45' title="bbox 41 2835 1074 2884; baseline 0.003 -12"><span class='ocrx_word' id='word_1_303' title='bbox 41 2835 77 2872; x_wconf 87' lang='lat' dir='ltr'><strong>se</strong></span> <span class='ocrx_word' id='word_1_304' title='bbox 97 2837 156 2873; x_wconf 80' lang='lat' dir='ltr'><strong>vel</strong></span> <span class='ocrx_word' id='word_1_305' title='bbox 186 2838 288 2884; x_wconf 89' lang='lat' dir='ltr'><strong>pueri</strong></span> <span class='ocrx_word' id='word_1_306' title='bbox 308 2846 455 2875; x_wconf 86' lang='lat' dir='ltr'><strong>norunt.</strong></span> <span class='ocrx_word' id='word_1_307' title='bbox 481 2837 540 2875; x_wconf 90' lang='lat' dir='ltr'><strong>sed</strong></span> <span class='ocrx_word' id='word_1_308' title='bbox 561 2838 717 2875; x_wconf 87' lang='lat' dir='ltr'><strong>Ovidius</strong></span> <span class='ocrx_word' id='word_1_309' title='bbox 739 2838 924 2875; x_wconf 86' lang='lat' dir='ltr'><strong>Bacchum</strong></span> <span class='ocrx_word' id='word_1_310' title='bbox 957 2850 1074 2875; x_wconf 91' lang='lat' dir='ltr'><strong>unum</strong></span> 
     </span>
     <span class='ocr_line' id='line_1_46' title="bbox 43 2887 1076 2937; baseline 0.005 -16"><span class='ocrx_word' id='word_1_311' title='bbox 43 2887 203 2933; x_wconf 84' lang='lat' dir='ltr'><strong>agnoscit</strong></span> <span class='ocrx_word' id='word_1_312' title='bbox 225 2915 236 2930; x_wconf 94' lang='lat'>,</span> <span class='ocrx_word' id='word_1_313' title='bbox 272 2899 393 2936; x_wconf 88' lang='lat' dir='ltr'><strong>neque</strong></span> <span class='ocrx_word' id='word_1_314' title='bbox 423 2895 609 2936; x_wconf 85' lang='lat' dir='ltr'><strong>praetere-a</strong></span> <span class='ocrx_word' id='word_1_315' title='bbox 638 2889 763 2926; x_wconf 87' lang='lat' dir='ltr'><strong>alium.</strong></span> <span class='ocrx_word' id='word_1_316' title='bbox 815 2889 1076 2937; x_wconf 84' lang='lat' dir='ltr'><strong>Quamobrem</strong></span> 
     </span>
     <span class='ocr_line' id='line_1_47' title="bbox 40 2934 259 2986; baseline 0.018 -16"><span class='ocrx_word' id='word_1_317' title='bbox 40 2934 259 2986; x_wconf 79' lang='lat' dir='ltr'><strong>legendum:</strong></span> 
     </span>
    </p>

    <p class='ocr_par' dir='ltr' id='par_1_7' title="bbox 44 2987 1082 3288">
     <span class='ocr_line' id='line_1_48' title="bbox 99 2987 1051 3039; baseline 0.006 -18"><span class='ocrx_word' id='word_1_318' title='bbox 99 2987 181 3039; x_wconf 72' lang='lat' dir='ltr'><strong>Qa</strong></span> <span class='ocrx_word' id='word_1_319' title='bbox 199 3000 307 3024; x_wconf 82' lang='lat' dir='ltr'><strong>novus</strong></span> <span class='ocrx_word' id='word_1_320' title='bbox 329 2987 395 3024; x_wconf 79' lang='lat' dir='ltr'><strong>huc</strong></span> <span class='ocrx_word' id='word_1_321' title='bbox 416 2988 538 3026; x_wconf 81' lang='lat' dir='ltr'><strong>veniat</strong></span> <span class='ocrx_word' id='word_1_322' title='bbox 551 3016 562 3033; x_wconf 92' lang='lat'><strong>,</strong></span> <span class='ocrx_word' id='word_1_323' title='bbox 583 2989 691 3038; x_wconf 80' lang='lat' dir='ltr'><strong>proles</strong></span> <span class='ocrx_word' id='word_1_324' title='bbox 712 2989 869 3027; x_wconf 69' lang='lat' dir='ltr'><strong>Semeleia</strong></span> <span class='ocrx_word' id='word_1_325' title='bbox 883 3019 893 3035; x_wconf 92' lang='lat'>‚</span> <span class='ocrx_word' id='word_1_326' title='bbox 921 2990 1051 3027; x_wconf 83' lang='lat' dir='ltr'><strong>Divus.</strong></span> 
     </span>
     <span class='ocr_line' id='line_1_49' title="bbox 47 3032 1078 3078; baseline 0.007 -9"><span class='ocrx_word' id='word_1_327' title='bbox 47 3032 108 3070; x_wconf 80' lang='lat' dir='ltr'><strong>Ad</strong></span> <span class='ocrx_word' id='word_1_328' title='bbox 126 3035 222 3072; x_wconf 81' lang='lat' dir='ltr'><strong>illam</strong></span> <span class='ocrx_word' id='word_1_329' title='bbox 242 3046 363 3075; x_wconf 89' lang='lat' dir='ltr'><strong>autem</strong></span> <span class='ocrx_word' id='word_1_330' title='bbox 387 3050 522 3076; x_wconf 86' lang='lat' dir='ltr'><strong>vocem</strong></span> <span class='ocrx_word' id='word_1_331' title='bbox 543 3040 662 3075; x_wconf 85' lang='lat' dir='ltr'><strong>Divus</strong></span> <span class='ocrx_word' id='word_1_332' title='bbox 684 3040 848 3078; x_wconf 87' lang='lat' dir='ltr'><strong>additum</strong></span> <span class='ocrx_word' id='word_1_333' title='bbox 881 3041 949 3077; x_wconf 89' lang='lat' dir='ltr'><strong>fuit</strong></span> <span class='ocrx_word' id='word_1_334' title='bbox 972 3040 1078 3078; x_wconf 92' lang='lat' dir='ltr'><strong>Glos-</strong></span> 
     </span>
     <span class='ocr_line' id='line_1_50' title="bbox 44 3083 1079 3139; baseline 0.01 -21"><span class='ocrx_word' id='word_1_335' title='bbox 44 3083 143 3137; x_wconf 83' lang='lat' dir='ltr'><strong>sema</strong></span> <span class='ocrx_word' id='word_1_336' title='bbox 166 3085 261 3122; x_wconf 84' lang='lat' dir='ltr'><strong>Liber</strong></span> <span class='ocrx_word' id='word_1_337' title='bbox 281 3115 292 3131; x_wconf 91' lang='lat'>,</span> <span class='ocrx_word' id='word_1_338' title='bbox 326 3089 428 3137; x_wconf 89' lang='lat' dir='ltr'><strong>quod</strong></span> <span class='ocrx_word' id='word_1_339' title='bbox 460 3089 592 3127; x_wconf 89' lang='lat' dir='ltr'><strong>deinde</strong></span> <span class='ocrx_word' id='word_1_340' title='bbox 621 3090 660 3126; x_wconf 87' lang='lat' dir='ltr'><strong>in</strong></span> <span class='ocrx_word' id='word_1_341' title='bbox 691 3099 836 3128; x_wconf 85' lang='lat' dir='ltr'><strong>textum</strong></span> <span class='ocrx_word' id='word_1_342' title='bbox 869 3091 982 3139; x_wconf 85' lang='lat' dir='ltr'><strong>ipsum</strong></span> <span class='ocrx_word' id='word_1_343' title='bbox 1017 3090 1079 3128; x_wconf 87' lang='lat' dir='ltr'><strong>ad-</strong></span> 
     </span>
     <span class='ocr_line' id='line_1_51' title="bbox 45 3131 1080 3188; baseline 0.009 -19"><span class='ocrx_word' id='word_1_344' title='bbox 45 3131 190 3169; x_wconf 82' lang='lat' dir='ltr'><strong>miffum</strong></span> <span class='ocrx_word' id='word_1_345' title='bbox 205 3135 252 3171; x_wconf 89' lang='lat' dir='ltr'><strong>est</strong></span> <span class='ocrx_word' id='word_1_346' title='bbox 266 3149 363 3179; x_wconf 88' lang='lat' dir='ltr'><strong>,non</strong></span> <span class='ocrx_word' id='word_1_347' title='bbox 384 3139 458 3176; x_wconf 87' lang='lat' dir='ltr'><strong>fine</strong></span> <span class='ocrx_word' id='word_1_348' title='bbox 471 3139 549 3177; x_wconf 89' lang='lat' dir='ltr'><strong>risu.</strong></span> <span class='ocrx_word' id='word_1_349' title='bbox 575 3140 674 3176; x_wconf 88' lang='lat' dir='ltr'><strong>Nam</strong></span> <span class='ocrx_word' id='word_1_350' title='bbox 698 3141 793 3188; x_wconf 89' lang='lat' dir='ltr'><strong>apud</strong></span> <span class='ocrx_word' id='word_1_351' title='bbox 817 3141 996 3178; x_wconf 90' lang='lat' dir='ltr'><strong>Ovidium</strong></span> <span class='ocrx_word' id='word_1_352' title='bbox 1011 3153 1080 3178; x_wconf 88' lang='lat' dir='ltr'><strong>nec</strong></span> 
     </span>
     <span class='ocr_line' id='line_1_52' title="bbox 46 3182 1082 3238; baseline 0.011 -21"><span class='ocrx_word' id='word_1_353' title='bbox 46 3182 197 3219; x_wconf 75' lang='lat' dir='ltr'><strong>Bacchus</strong></span> <span class='ocrx_word' id='word_1_354' title='bbox 230 3197 338 3222; x_wconf 78' lang='lat' dir='ltr'><strong>novus</strong></span> <span class='ocrx_word' id='word_1_355' title='bbox 360 3189 434 3232; x_wconf 77' lang='lat' dir='ltr'><strong>est,</strong></span> <span class='ocrx_word' id='word_1_356' title='bbox 461 3200 531 3226; x_wconf 89' lang='lat' dir='ltr'><strong>nec</strong></span> <span class='ocrx_word' id='word_1_357' title='bbox 560 3190 697 3238; x_wconf 81' lang='lat' dir='ltr'><strong>priscus.</strong></span> <span class='ocrx_word' id='word_1_358' title='bbox 728 3191 826 3228; x_wconf 91' lang='lat' dir='ltr'><strong>Dein</strong></span> <span class='ocrx_word' id='word_1_359' title='bbox 861 3203 948 3228; x_wconf 85' lang='lat' dir='ltr'><strong>cum</strong></span> <span class='ocrx_word' id='word_1_360' title='bbox 983 3200 1082 3228; x_wconf 82' lang='lat' dir='ltr'><strong>vates</strong></span> 
     </span>
     <span class='ocr_line' id='line_1_53' title="bbox 45 3232 1082 3288; baseline 0.01 -20"><span class='ocrx_word' id='word_1_361' title='bbox 45 3232 235 3281; x_wconf 82' lang='lat' dir='ltr'><strong>loquatur,</strong></span> <span class='ocrx_word' id='word_1_362' title='bbox 260 3246 337 3271; x_wconf 90' lang='lat' dir='ltr'><strong>non</strong></span> <span class='ocrx_word' id='word_1_363' title='bbox 359 3237 482 3274; x_wconf 87' lang='lat' dir='ltr'><strong>debuit</strong></span> <span class='ocrx_word' id='word_1_364' title='bbox 505 3240 682 3276; x_wconf 87' lang='lat' dir='ltr'><strong>Liberum</strong></span> <span class='ocrx_word' id='word_1_365' title='bbox 706 3241 908 3288; x_wconf 85' lang='lat' dir='ltr'><strong>appellare,</strong></span> <span class='ocrx_word' id='word_1_366' title='bbox 936 3241 994 3278; x_wconf 88' lang='lat' dir='ltr'><strong>sed</strong></span> <span class='ocrx_word' id='word_1_367' title='bbox 1019 3242 1082 3278; x_wconf 91' lang='lat' dir='ltr'><strong>Se-</strong></span> 
     </span>
    </p>
   </div>
   <div class='ocr_carea' id='block_1_7' title="bbox 45 3282 1082 3374">
    <p class='ocr_par' dir='ltr' id='par_1_8' title="bbox 45 3282 1082 3374">
     <span class='ocr_line' id='line_1_54' title="bbox 45 3282 1082 3374; baseline 0.013 -56"><span class='ocrx_word' id='word_1_368' title='bbox 45 3282 293 3374; x_wconf 42' lang='lat' dir='ltr'><strong>mtssesnfililqm</strong></span> <span class='ocrx_word' id='word_1_369' title='bbox 309 3312 319 3330; x_wconf 93' lang='lat'>‚</span> <span class='ocrx_word' id='word_1_370' title='bbox 348 3286 411 3335; x_wconf 85' lang='lat' dir='ltr'><strong>qui</strong></span> <span class='ocrx_word' id='word_1_371' title='bbox 440 3301 550 3341; x_wconf 57' lang='lat' dir='ltr'><strong>navus</strong></span> <span class='ocrx_word' id='word_1_372' title='bbox 570 3289 691 3329; x_wconf 80' lang='lat' dir='ltr'><strong>Divus</strong></span> <span class='ocrx_word' id='word_1_373' title='bbox 713 3288 810 3344; x_wconf 63' lang='lat' dir='ltr'><strong>esset.</strong></span> <span class='ocrx_word' id='word_1_374' title='bbox 834 3291 885 3330; x_wconf 80' lang='lat' dir='ltr'><strong>ita</strong></span> <span class='ocrx_word' id='word_1_375' title='bbox 904 3291 943 3330; x_wconf 85' lang='lat' dir='ltr'><strong>in</strong></span> <span class='ocrx_word' id='word_1_376' title='bbox 955 3291 1014 3333; x_wconf 86' lang='lat' dir='ltr'><strong>lib.</strong></span> <span class='ocrx_word' id='word_1_377' title='bbox 1028 3303 1082 3331; x_wconf 82' lang='lat' dir='ltr'><strong>xv.</strong></span> 
     </span>
     <span class='ocr_line' id='line_1_55' title="bbox 125 3347 267 3374; baseline 0.021 -3"><span class='ocrx_word' id='word_1_378' title='bbox 125 3347 140 3371; x_wconf 74' lang='lat' dir='ltr'><em>O</em></span> <span class='ocrx_word' id='word_1_379' title='bbox 182 3362 190 3372; x_wconf 69' lang='grc' dir='ltr'><strong><em>ι</em></strong></span> <span class='ocrx_word' id='word_1_380' title='bbox 257 3362 267 3374; x_wconf 71' lang='grc' dir='ltr'>ι</span> 
     </span>
    </p>
   </div>
   <div class='ocr_carea' id='block_1_8' title="bbox 2044 1289 2173 1349">
    <p class='ocr_par' dir='ltr' id='par_1_9' title="bbox 2044 1289 2173 1349">
     <span class='ocr_line' id='line_1_56' title="bbox 2044 1289 2173 1349; baseline -0.016 -1"><span class='ocrx_word' id='word_1_381' title='bbox 2044 1289 2173 1349; x_wconf 83' lang='lat' dir='ltr'><strong>Non</strong></span> 
     </span>
    </p>
   </div>
   <div class='ocr_carea' id='block_1_9' title="bbox 1128 1419 2237 3383">
    <p class='ocr_par' dir='ltr' id='par_1_10' title="bbox 1129 1419 2177 1674">
     <span class='ocr_line' id='line_1_57' title="bbox 1130 1419 2173 1473; baseline 0 -15"><span class='ocrx_word' id='word_1_382' title='bbox 1130 1421 1346 1473; x_wconf 55' lang='lat' dir='ltr'><strong>Angnafipce</strong></span> <span class='ocrx_word' id='word_1_383' title='bbox 1368 1420 1452 1459; x_wconf 78' lang='lat' dir='ltr'><strong>novi</strong></span> <span class='ocrx_word' id='word_1_384' title='bbox 1468 1433 1658 1460; x_wconf 75' lang='lat' dir='ltr'><strong>matertera</strong></span> <span class='ocrx_word' id='word_1_385' title='bbox 1670 1421 1761 1459; x_wconf 78' lang='lat' dir='ltr'><strong>vires</strong></span> <span class='ocrx_word' id='word_1_386' title='bbox 1786 1425 1924 1459; x_wconf 66' lang='lat' dir='ltr'><strong>Narrat</strong></span> <span class='ocrx_word' id='word_1_387' title='bbox 1946 1421 2068 1472; x_wconf 70' lang='lat' dir='ltr'><strong>ubique</strong></span> <span class='ocrx_word' id='word_1_388' title='bbox 2088 1419 2173 1458; x_wconf 50' lang='lat' dir='ltr'><strong>Dei.¹</strong></span> 
     </span>
     <span class='ocr_line' id='line_1_58' title="bbox 1129 1473 2175 1522; baseline -0.001 -12"><span class='ocrx_word' id='word_1_389' title='bbox 1129 1473 1258 1522; x_wconf 77' lang='lat' dir='ltr'><strong>Itaque</strong></span> <span class='ocrx_word' id='word_1_390' title='bbox 1289 1487 1399 1510; x_wconf 77' lang='lat' dir='ltr'><strong>novus</strong></span> <span class='ocrx_word' id='word_1_391' title='bbox 1423 1480 1515 1510; x_wconf 74' lang='lat' dir='ltr'><strong>Deus</strong></span> <span class='ocrx_word' id='word_1_392' title='bbox 1539 1502 1550 1517; x_wconf 91' lang='lat'>,</span> <span class='ocrx_word' id='word_1_393' title='bbox 1585 1488 1675 1510; x_wconf 82' lang='lat' dir='ltr'><strong>unus</strong></span> <span class='ocrx_word' id='word_1_394' title='bbox 1707 1473 1837 1510; x_wconf 77' lang='lat' dir='ltr'><strong>Divus.</strong></span> <span class='ocrx_word' id='word_1_395' title='bbox 1885 1473 1991 1510; x_wconf 70' lang='lat' dir='ltr'><strong>TAN.</strong></span> <span class='ocrx_word' id='word_1_396' title='bbox 2027 1475 2175 1509; x_wconf 52' lang='lat' dir='ltr'><strong>Fama-⁴</strong></span> 
     </span>
     <span class='ocr_line' id='line_1_59' title="bbox 1131 1524 2177 1572; baseline -0.001 -13"><span class='ocrx_word' id='word_1_397' title='bbox 1131 1524 1212 1560; x_wconf 92' lang='lat' dir='ltr'><strong>Lib.</strong></span> <span class='ocrx_word' id='word_1_398' title='bbox 1236 1537 1280 1560; x_wconf 84' lang='lat'><strong>11.</strong></span> <span class='ocrx_word' id='word_1_399' title='bbox 1302 1525 1369 1572; x_wconf 86' lang='lat' dir='ltr'><strong>Ep.</strong></span> <span class='ocrx_word' id='word_1_400' title='bbox 1392 1524 1450 1572; x_wconf 86' lang='lat'><strong>69.</strong></span> <span class='ocrx_word' id='word_1_401' title='bbox 1478 1524 1552 1562; x_wconf 84' lang='lat' dir='ltr'><strong>vid.</strong></span> <span class='ocrx_word' id='word_1_402' title='bbox 1574 1524 1621 1562; x_wconf 85' lang='lat' dir='ltr'><strong>ad</strong></span> <span class='ocrx_word' id='word_1_403' title='bbox 1653 1525 1811 1562; x_wconf 86' lang='lat' dir='ltr'><strong>Heroid.</strong></span> <span class='ocrx_word' id='word_1_404' title='bbox 1840 1524 1950 1572; x_wconf 81' lang='lat' dir='ltr'><strong>Epist.</strong></span> <span class='ocrx_word' id='word_1_405' title='bbox 1982 1535 2060 1560; x_wconf 73' lang='lat' dir='ltr'><strong>xvi.</strong></span> <span class='ocrx_word' id='word_1_406' title='bbox 2091 1533 2177 1570; x_wconf 81' lang='lat'><strong>322.</strong></span> 
     </span>
     <span class='ocr_line' id='line_1_60' title="bbox 1131 1573 2175 1624; baseline 0.001 -14"><span class='ocrx_word' id='word_1_407' title='bbox 1131 1574 1300 1612; x_wconf 71' lang='lat' dir='ltr'><strong>Francius</strong></span> <span class='ocrx_word' id='word_1_408' title='bbox 1324 1576 1478 1623; x_wconf 85' lang='lat' dir='ltr'><strong>explicat</strong></span> <span class='ocrx_word' id='word_1_409' title='bbox 1509 1589 1619 1612; x_wconf 82' lang='lat' dir='ltr'><strong>novus</strong></span> <span class='ocrx_word' id='word_1_410' title='bbox 1634 1603 1644 1620; x_wconf 90' lang='lat'>,</span> <span class='ocrx_word' id='word_1_411' title='bbox 1666 1575 1770 1612; x_wconf 90' lang='lat' dir='ltr'><strong>nobis</strong></span> <span class='ocrx_word' id='word_1_412' title='bbox 1802 1575 2008 1624; x_wconf 82' lang='lat' dir='ltr'><strong>incognitus</strong></span> <span class='ocrx_word' id='word_1_413' title='bbox 2023 1601 2033 1618; x_wconf 93' lang='lat'>,</span> <span class='ocrx_word' id='word_1_414' title='bbox 2054 1573 2104 1610; x_wconf 87' lang='lat' dir='ltr'><strong>ita</strong></span> <span class='ocrx_word' id='word_1_415' title='bbox 2132 1581 2175 1611; x_wconf 80' lang='lat' dir='ltr'><strong>ut</strong></span> 
     </span>
     <span class='ocr_line' id='line_1_61' title="bbox 1131 1623 1851 1674; baseline 0.001 -13"><span class='ocrx_word' id='word_1_416' title='bbox 1131 1625 1395 1663; x_wconf 78' lang='lat' dir='ltr'><strong>emendatione</strong></span> <span class='ocrx_word' id='word_1_417' title='bbox 1417 1625 1519 1663; x_wconf 84' lang='lat' dir='ltr'><strong>Fabri</strong></span> <span class='ocrx_word' id='word_1_418' title='bbox 1541 1638 1616 1663; x_wconf 91' lang='lat' dir='ltr'><strong>non</strong></span> <span class='ocrx_word' id='word_1_419' title='bbox 1641 1637 1732 1674; x_wconf 86' lang='lat' dir='ltr'><strong>opus</strong></span> <span class='ocrx_word' id='word_1_420' title='bbox 1754 1623 1851 1663; x_wconf 76' lang='lat' dir='ltr'><strong>essct.</strong></span> 
     </span>
    </p>

    <p class='ocr_par' dir='ltr' id='par_1_11' title="bbox 1131 1670 2176 1774">
     <span class='ocr_line' id='line_1_62' title="bbox 1185 1670 2176 1725; baseline -0.001 -14"><span class='ocrx_word' id='word_1_421' title='bbox 1185 1689 1266 1724; x_wconf 78' lang='lat'><strong>522.</strong></span> <span class='ocrx_word' id='word_1_422' title='bbox 1297 1676 1398 1712; x_wconf 80' lang='lat' dir='ltr'><strong>Mille</strong></span> <span class='ocrx_word' id='word_1_423' title='bbox 1417 1676 1506 1712; x_wconf 67' lang='lat' dir='ltr'><strong>lacer</strong></span> <span class='ocrx_word' id='word_1_424' title='bbox 1518 1678 1676 1724; x_wconf 51' lang='lat' dir='ltr'><strong>spargere</strong></span> <span class='ocrx_word' id='word_1_425' title='bbox 1696 1676 1812 1725; x_wconf 78' lang='lat' dir='ltr'><strong>locis.]</strong></span> <span class='ocrx_word' id='word_1_426' title='bbox 1842 1676 1939 1714; x_wconf 77' lang='lat' dir='ltr'><strong>Citat</strong></span> <span class='ocrx_word' id='word_1_427' title='bbox 1971 1676 2065 1712; x_wconf 82' lang='lat' dir='ltr'><strong>haec</strong></span> <span class='ocrx_word' id='word_1_428' title='bbox 2085 1670 2176 1718; x_wconf 44' lang='lat' dir='ltr'><strong>ver-*3</strong></span> 
     </span>
     <span class='ocr_line' id='line_1_63' title="bbox 1131 1725 2142 1774; baseline 0.001 -12"><span class='ocrx_word' id='word_1_429' title='bbox 1131 1726 1175 1763; x_wconf 88' lang='lat' dir='ltr'><strong>ba</strong></span> <span class='ocrx_word' id='word_1_430' title='bbox 1203 1726 1344 1764; x_wconf 79' lang='lat' dir='ltr'><strong>Flavius</strong></span> <span class='ocrx_word' id='word_1_431' title='bbox 1373 1725 1551 1773; x_wconf 79' lang='lat' dir='ltr'><strong>Sofipater</strong></span> <span class='ocrx_word' id='word_1_432' title='bbox 1572 1726 1741 1767; x_wconf 77' lang='lat' dir='ltr'><strong>Carisius,</strong></span> <span class='ocrx_word' id='word_1_433' title='bbox 1766 1738 1847 1772; x_wconf 86' lang='lat' dir='ltr'><strong>pag.</strong></span> <span class='ocrx_word' id='word_1_434' title='bbox 1865 1739 1945 1774; x_wconf 86' lang='lat'><strong>109.</strong></span> <span class='ocrx_word' id='word_1_435' title='bbox 1968 1727 2142 1764; x_wconf 76' lang='lat' dir='ltr'>C10FAN·</span> 
     </span>
    </p>

    <p class='ocr_par' dir='ltr' id='par_1_12' title="bbox 1130 1773 2178 1924">
     <span class='ocr_line' id='line_1_64' title="bbox 1185 1773 2174 1825; baseline -0.004 -12"><span class='ocrx_word' id='word_1_436' title='bbox 1185 1790 1267 1825; x_wconf 75' lang='lat'><strong>522.</strong></span> <span class='ocrx_word' id='word_1_437' title='bbox 1295 1783 1341 1813; x_wconf 80' lang='lat' dir='ltr'><strong>Et</strong></span> <span class='ocrx_word' id='word_1_438' title='bbox 1359 1775 1522 1823; x_wconf 79' lang='lat' dir='ltr'><strong>sanguine</strong></span> <span class='ocrx_word' id='word_1_439' title='bbox 1533 1773 1646 1824; x_wconf 79' lang='lat' dir='ltr'><strong>filvas</strong></span> <span class='ocrx_word' id='word_1_440' title='bbox 1669 1773 1870 1821; x_wconf 80' lang='lat' dir='ltr'><strong>Foedabis.]</strong></span> <span class='ocrx_word' id='word_1_441' title='bbox 1910 1776 1953 1813; x_wconf 89' lang='lat' dir='ltr'><strong>Id</strong></span> <span class='ocrx_word' id='word_1_442' title='bbox 1987 1776 2035 1812; x_wconf 84' lang='lat' dir='ltr'><strong>est</strong></span> <span class='ocrx_word' id='word_1_443' title='bbox 2059 1802 2069 1819; x_wconf 93' lang='lat'>‚</span> <span class='ocrx_word' id='word_1_444' title='bbox 2104 1781 2174 1812; x_wconf 88' lang='lat' dir='ltr'><strong>tuo</strong></span> 
     </span>
     <span class='ocr_line' id='line_1_65' title="bbox 1130 1824 2178 1876; baseline -0.004 -11"><span class='ocrx_word' id='word_1_445' title='bbox 1130 1828 1303 1876; x_wconf 69' lang='lat' dir='ltr'><strong>sanguine</strong></span> <span class='ocrx_word' id='word_1_446' title='bbox 1326 1824 1452 1863; x_wconf 88' lang='lat' dir='ltr'><strong>foedas</strong></span> <span class='ocrx_word' id='word_1_447' title='bbox 1474 1825 1611 1862; x_wconf 85' lang='lat' dir='ltr'><strong>reddes.</strong></span> <span class='ocrx_word' id='word_1_448' title='bbox 1643 1825 1698 1861; x_wconf 86' lang='lat' dir='ltr'><strong>Ita</strong></span> <span class='ocrx_word' id='word_1_449' title='bbox 1720 1824 1823 1872; x_wconf 86' lang='lat' dir='ltr'><strong>Virg.</strong></span> <span class='ocrx_word' id='word_1_450' title='bbox 1847 1836 1893 1860; x_wconf 83' lang='lat'><strong>11.</strong></span> <span class='ocrx_word' id='word_1_451' title='bbox 1915 1824 2074 1860; x_wconf 86' lang='lat' dir='ltr'><strong>Aeneid.</strong></span> <span class='ocrx_word' id='word_1_452' title='bbox 2093 1836 2178 1870; x_wconf 81' lang='lat'><em>539,</em></span> 
     </span>
     <span class='ocr_line' id='line_1_66' title="bbox 1309 1873 2140 1924; baseline -0.006 -10"><span class='ocrx_word' id='word_1_453' title='bbox 1309 1876 1447 1914; x_wconf 84' lang='lat' dir='ltr'><strong>Patrios</strong></span> <span class='ocrx_word' id='word_1_454' title='bbox 1458 1876 1605 1924; x_wconf 77' lang='lat' dir='ltr'><strong>foedasti</strong></span> <span class='ocrx_word' id='word_1_455' title='bbox 1617 1874 1786 1924; x_wconf 78' lang='lat' dir='ltr'><strong>sanguine</strong></span> <span class='ocrx_word' id='word_1_456' title='bbox 1807 1873 1941 1911; x_wconf 76' lang='lat' dir='ltr'><strong>vultus.</strong></span> <span class='ocrx_word' id='word_1_457' title='bbox 1969 1874 2068 1911; x_wconf 71' lang='lat' dir='ltr'>C101:</span> <span class='ocrx_word' id='word_1_458' title='bbox 2077 1885 2140 1909; x_wconf 77' lang='lat' dir='ltr'><strong>AN.</strong></span> 
     </span>
    </p>

    <p class='ocr_par' dir='ltr' id='par_1_13' title="bbox 1128 1923 2183 2117">
     <span class='ocr_line' id='line_1_67' title="bbox 1178 1923 2183 1976; baseline -0.005 -12"><span class='ocrx_word' id='word_1_459' title='bbox 1178 1940 1263 1973; x_wconf 75' lang='lat'><strong>424.</strong></span> <span class='ocrx_word' id='word_1_460' title='bbox 1295 1926 1481 1976; x_wconf 83' lang='lat' dir='ltr'><strong>Eveniet.]</strong></span> <span class='ocrx_word' id='word_1_461' title='bbox 1510 1927 1662 1964; x_wconf 89' lang='lat' dir='ltr'><strong>Vetusta</strong></span> <span class='ocrx_word' id='word_1_462' title='bbox 1684 1924 1905 1973; x_wconf 84' lang='lat' dir='ltr'><strong>exemplaria</strong></span> <span class='ocrx_word' id='word_1_463' title='bbox 1929 1952 1940 1969; x_wconf 91' lang='lat'><strong><em>‚</em></strong></span> <span class='ocrx_word' id='word_1_464' title='bbox 1979 1928 2026 1960; x_wconf 85' lang='lat' dir='ltr'><strong>Et</strong></span> <span class='ocrx_word' id='word_1_465' title='bbox 2048 1923 2183 1960; x_wconf 56' lang='lat' dir='ltr'><strong>veniet.</strong></span> 
     </span>
     <span class='ocr_line' id='line_1_68' title="bbox 1128 1975 2177 2027; baseline -0.006 -11"><span class='ocrx_word' id='word_1_466' title='bbox 1128 1979 1299 2022; x_wconf 51' lang='lat' dir='ltr'><strong>Remum</strong></span> <span class='ocrx_word' id='word_1_467' title='bbox 1328 1990 1405 2027; x_wconf 87' lang='lat' dir='ltr'><strong>quo</strong></span> <span class='ocrx_word' id='word_1_468' title='bbox 1438 1977 1649 2025; x_wconf 88' lang='lat' dir='ltr'><strong>discerpsere</strong></span> <span class='ocrx_word' id='word_1_469' title='bbox 1683 1975 1871 2012; x_wconf 84' lang='lat' dir='ltr'><strong>Bacchum</strong></span> <span class='ocrx_word' id='word_1_470' title='bbox 1913 1987 1991 2012; x_wconf 91' lang='lat' dir='ltr'><strong>non</strong></span> <span class='ocrx_word' id='word_1_471' title='bbox 2024 1985 2177 2012; x_wconf 86' lang='lat' dir='ltr'><strong>venera·</strong></span> 
     </span>
     <span class='ocr_line' id='line_1_69' title="bbox 1130 2025 2180 2073; baseline -0.004 -7"><span class='ocrx_word' id='word_1_472' title='bbox 1130 2039 1223 2068; x_wconf 83' lang='lat' dir='ltr'><strong>tum.</strong></span> <span class='ocrx_word' id='word_1_473' title='bbox 1253 2030 1468 2066; x_wconf 71' lang='lat' dir='ltr'><strong>CxorANus.</strong></span> <span class='ocrx_word' id='word_1_474' title='bbox 1494 2028 1607 2065; x_wconf 91' lang='lat' dir='ltr'><strong>Multi</strong></span> <span class='ocrx_word' id='word_1_475' title='bbox 1631 2031 1875 2071; x_wconf 87' lang='lat' dir='ltr'><strong>veterum,Et</strong></span> <span class='ocrx_word' id='word_1_476' title='bbox 1894 2025 2021 2063; x_wconf 83' lang='lat' dir='ltr'><strong>veniet.</strong></span> <span class='ocrx_word' id='word_1_477' title='bbox 2053 2025 2180 2073; x_wconf 81' lang='lat' dir='ltr'><strong>Lego‚&#39;</strong></span> 
     </span>
     <span class='ocr_line' id='line_1_70' title="bbox 1132 2078 1629 2117; baseline -0.004 0"><span class='ocrx_word' id='word_1_478' title='bbox 1132 2080 1321 2117; x_wconf 83' lang='lat' dir='ltr'><strong>Evenient.</strong></span> <span class='ocrx_word' id='word_1_479' title='bbox 1354 2080 1396 2117; x_wconf 86' lang='lat' dir='ltr'><strong>In</strong></span> <span class='ocrx_word' id='word_1_480' title='bbox 1420 2078 1522 2116; x_wconf 83' lang='lat' dir='ltr'><strong>Ibide</strong></span> <span class='ocrx_word' id='word_1_481' title='bbox 1550 2078 1629 2116; x_wconf 78' lang='lat'><strong>126.</strong></span> 
     </span>
    </p>

    <p class='ocr_par' dir='ltr' id='par_1_14' title="bbox 1187 2126 2050 2179">
     <span class='ocr_line' id='line_1_71' title="bbox 1187 2126 2050 2179; baseline -0.005 -12"><span class='ocrx_word' id='word_1_482' title='bbox 1187 2132 1370 2168; x_wconf 76' lang='lat' dir='ltr'><strong>Evenient.</strong></span> <span class='ocrx_word' id='word_1_483' title='bbox 1396 2130 1491 2167; x_wconf 82' lang='lat' dir='ltr'><strong>dedit</strong></span> <span class='ocrx_word' id='word_1_484' title='bbox 1510 2130 1573 2179; x_wconf 86' lang='lat' dir='ltr'><strong>ipse</strong></span> <span class='ocrx_word' id='word_1_485' title='bbox 1594 2127 1683 2166; x_wconf 77' lang='lat' dir='ltr'><strong>mihi</strong></span> <span class='ocrx_word' id='word_1_486' title='bbox 1705 2128 1803 2165; x_wconf 87' lang='lat' dir='ltr'><strong>modo</strong></span> <span class='ocrx_word' id='word_1_487' title='bbox 1815 2126 1915 2177; x_wconf 76' lang='lat' dir='ltr'><strong>signa</strong></span> <span class='ocrx_word' id='word_1_488' title='bbox 1926 2127 2050 2174; x_wconf 79' lang='lat' dir='ltr'><strong>futuri</strong></span> 
     </span>
    </p>

    <p class='ocr_par' dir='ltr' id='par_1_15' title="bbox 1133 2182 2181 2381">
     <span class='ocr_line' id='line_1_72' title="bbox 1222 2182 1385 2219; baseline 0 -1"><span class='ocrx_word' id='word_1_489' title='bbox 1222 2182 1385 2219; x_wconf 67' lang='lat' dir='ltr'><strong>Phoebus.</strong></span> 
     </span>
     <span class='ocr_line' id='line_1_73' title="bbox 1133 2227 2181 2279; baseline -0.003 -9"><span class='ocrx_word' id='word_1_490' title='bbox 1133 2232 1231 2270; x_wconf 88' lang='lat' dir='ltr'><strong>Vide</strong></span> <span class='ocrx_word' id='word_1_491' title='bbox 1254 2233 1372 2270; x_wconf 81' lang='lat' dir='ltr'><strong>Notas</strong></span> <span class='ocrx_word' id='word_1_492' title='bbox 1393 2233 1481 2270; x_wconf 83' lang='lat' dir='ltr'><strong>Fast.</strong></span> <span class='ocrx_word' id='word_1_493' title='bbox 1505 2244 1558 2270; x_wconf 70' lang='grc' dir='ltr'><strong>Ν.</strong></span> <span class='ocrx_word' id='word_1_494' title='bbox 1579 2231 1628 2269; x_wconf 88' lang='lat' dir='ltr'><strong>vs.</strong></span> <span class='ocrx_word' id='word_1_495' title='bbox 1652 2242 1735 2279; x_wconf 84' lang='lat'><strong>775.</strong></span> <span class='ocrx_word' id='word_1_496' title='bbox 1757 2230 1796 2267; x_wconf 70' lang='grc' dir='ltr'><strong>ὅ(</strong></span> <span class='ocrx_word' id='word_1_497' title='bbox 1819 2228 1927 2268; x_wconf 86' lang='lat' dir='ltr'><strong>Trist.</strong></span> <span class='ocrx_word' id='word_1_498' title='bbox 1959 2240 1986 2266; x_wconf 89' lang='lat'><strong>1.</strong></span> <span class='ocrx_word' id='word_1_499' title='bbox 2008 2227 2063 2265; x_wconf 88' lang='lat' dir='ltr'><strong>El.</strong></span> <span class='ocrx_word' id='word_1_500' title='bbox 2086 2230 2181 2267; x_wconf 62' lang='lat' dir='ltr'><strong>viu}</strong></span> 
     </span>
     <span class='ocr_line' id='line_1_74' title="bbox 1133 2283 1635 2321; baseline -0.002 0"><span class='ocrx_word' id='word_1_501' title='bbox 1133 2285 1272 2321; x_wconf 64' lang='lat' dir='ltr'><strong>Hisms.</strong></span> <span class='ocrx_word' id='word_1_502' title='bbox 1299 2283 1426 2321; x_wconf 84' lang='lat' dir='ltr'><strong>Tibul.</strong></span> <span class='ocrx_word' id='word_1_503' title='bbox 1451 2296 1477 2320; x_wconf 86' lang='lat'><strong>1.</strong></span> <span class='ocrx_word' id='word_1_504' title='bbox 1500 2295 1553 2320; x_wconf 78' lang='lat' dir='ltr'><strong>vx.</strong></span> <span class='ocrx_word' id='word_1_505' title='bbox 1576 2295 1635 2320; x_wconf 84' lang='lat'><strong>21.</strong></span> 
     </span>
     <span class='ocr_line' id='line_1_75' title="bbox 1426 2330 1968 2381; baseline -0.006 -11"><span class='ocrx_word' id='word_1_506' title='bbox 1426 2335 1620 2372; x_wconf 83' lang='lat' dir='ltr'><strong>Evenient.-</strong></span> <span class='ocrx_word' id='word_1_507' title='bbox 1651 2339 1728 2369; x_wconf 77' lang='lat' dir='ltr'><strong>Dat</strong></span> <span class='ocrx_word' id='word_1_508' title='bbox 1741 2330 1841 2381; x_wconf 74' lang='lat' dir='ltr'><strong>figna</strong></span> <span class='ocrx_word' id='word_1_509' title='bbox 1863 2336 1968 2369; x_wconf 71' lang='lat' dir='ltr'><strong>Deus.</strong></span> 
     </span>
    </p>

    <p class='ocr_par' dir='ltr' id='par_1_16' title="bbox 1133 2380 2179 2473">
     <span class='ocr_line' id='line_1_76' title="bbox 1184 2380 2179 2433; baseline -0.004 -12"><span class='ocrx_word' id='word_1_510' title='bbox 1184 2398 1267 2433; x_wconf 79' lang='lat'><strong>525.</strong></span> <span class='ocrx_word' id='word_1_511' title='bbox 1294 2384 1360 2421; x_wconf 64' lang='lat' dir='ltr'><strong>sab</strong></span> <span class='ocrx_word' id='word_1_512' title='bbox 1380 2384 1433 2422; x_wconf 80' lang='lat' dir='ltr'><strong>his</strong></span> <span class='ocrx_word' id='word_1_513' title='bbox 1453 2384 1627 2433; x_wconf 65' lang='lat' dir='ltr'><strong>tenebris]</strong></span> <span class='ocrx_word' id='word_1_514' title='bbox 1657 2384 1700 2421; x_wconf 90' lang='lat' dir='ltr'><strong>In</strong></span> <span class='ocrx_word' id='word_1_515' title='bbox 1721 2394 1798 2419; x_wconf 89' lang='lat' dir='ltr'><strong>uno</strong></span> <span class='ocrx_word' id='word_1_516' title='bbox 1821 2392 1911 2418; x_wconf 88' lang='lat' dir='ltr'><strong>meo</strong></span> <span class='ocrx_word' id='word_1_517' title='bbox 1926 2409 1936 2427; x_wconf 97' lang='lat'>‚</span> <span class='ocrx_word' id='word_1_518' title='bbox 1955 2380 2023 2430; x_wconf 76' lang='lat' dir='ltr'><strong>suh</strong></span> <span class='ocrx_word' id='word_1_519' title='bbox 2044 2380 2098 2419; x_wconf 84' lang='lat' dir='ltr'><strong>his</strong></span> <span class='ocrx_word' id='word_1_520' title='bbox 2121 2380 2179 2427; x_wconf 56' lang='lat' dir='ltr'><strong>lai</strong></span> 
     </span>
     <span class='ocr_line' id='line_1_77' title="bbox 1133 2435 1476 2473; baseline 0.003 -1"><span class='ocrx_word' id='word_1_521' title='bbox 1133 2435 1246 2472; x_wconf 78' lang='lat' dir='ltr'><strong>tebris.</strong></span> <span class='ocrx_word' id='word_1_522' title='bbox 1275 2437 1476 2473; x_wconf 78' lang='lat' dir='ltr'><strong>HEINSIUS.</strong></span> 
     </span>
    </p>

    <p class='ocr_par' dir='ltr' id='par_1_17' title="bbox 1188 2482 2237 2534">
     <span class='ocr_line' id='line_1_78' title="bbox 1188 2482 2237 2534; baseline -0.002 -12"><span class='ocrx_word' id='word_1_523' title='bbox 1188 2498 1270 2534; x_wconf 82' lang='lat'><strong>529.</strong></span> <span class='ocrx_word' id='word_1_524' title='bbox 1302 2486 1416 2522; x_wconf 73' lang='lat' dir='ltr'><strong>Turba</strong></span> <span class='ocrx_word' id='word_1_525' title='bbox 1430 2485 1530 2534; x_wconf 61' lang='lat' dir='ltr'><strong>min]</strong></span> <span class='ocrx_word' id='word_1_526' title='bbox 1562 2491 1681 2521; x_wconf 71' lang='lat' dir='ltr'><strong>Ruunt</strong></span> <span class='ocrx_word' id='word_1_527' title='bbox 1693 2482 2180 2521; x_wconf 58' lang='lat' dir='ltr'><strong>reffiusnonnuuiflffimsl</strong></span> <span class='ocrx_word' id='word_1_528' title='bbox 2233 2530 2237 2533; x_wconf 19' lang='grc' dir='ltr'>Π</span> 
     </span>
    </p>

    <p class='ocr_par' dir='ltr' id='par_1_18' title="bbox 1131 2533 2180 2989">
     <span class='ocr_line' id='line_1_79' title="bbox 1189 2533 2180 2585; baseline -0.002 -13"><span class='ocrx_word' id='word_1_529' title='bbox 1189 2548 1270 2583; x_wconf 80' lang='lat'><strong>530.</strong></span> <span class='ocrx_word' id='word_1_530' title='bbox 1298 2541 1345 2571; x_wconf 86' lang='lat' dir='ltr'><strong>Et</strong></span> <span class='ocrx_word' id='word_1_531' title='bbox 1365 2535 1489 2583; x_wconf 75' lang='lat' dir='ltr'><strong>vulgus</strong></span> <span class='ocrx_word' id='word_1_532' title='bbox 1507 2534 1746 2585; x_wconf 68' lang='lat' dir='ltr'><strong>proceresque]</strong></span> <span class='ocrx_word' id='word_1_533' title='bbox 1776 2534 1819 2570; x_wconf 90' lang='lat' dir='ltr'><strong>In</strong></span> <span class='ocrx_word' id='word_1_534' title='bbox 1843 2545 1930 2570; x_wconf 86' lang='lat' dir='ltr'><strong>meo</strong></span> <span class='ocrx_word' id='word_1_535' title='bbox 1956 2533 2180 2582; x_wconf 80' lang='lat' dir='ltr'><strong>antiquiore,</strong></span> 
     </span>
     <span class='ocr_line' id='line_1_80' title="bbox 1138 2583 2179 2635; baseline -0.002 -13"><span class='ocrx_word' id='word_1_536' title='bbox 1138 2586 1176 2622; x_wconf 72' lang='grc' dir='ltr'><strong>δε</strong></span> <span class='ocrx_word' id='word_1_537' title='bbox 1198 2597 1274 2622; x_wconf 86' lang='lat' dir='ltr'><strong>uno</strong></span> <span class='ocrx_word' id='word_1_538' title='bbox 1309 2585 1513 2622; x_wconf 85' lang='lat' dir='ltr'><strong>Caelestino</strong></span> <span class='ocrx_word' id='word_1_539' title='bbox 1529 2613 1539 2628; x_wconf 94' lang='lat'>‚</span> <span class='ocrx_word' id='word_1_540' title='bbox 1566 2585 1777 2635; x_wconf 74' lang='lat' dir='ltr'><strong>Vulgusque,</strong></span> <span class='ocrx_word' id='word_1_541' title='bbox 1805 2585 2030 2635; x_wconf 79' lang='lat' dir='ltr'><strong>Proceresque.</strong></span> <span class='ocrx_word' id='word_1_542' title='bbox 2059 2583 2179 2633; x_wconf 85' lang='lat' dir='ltr'><strong>Quod</strong></span> 
     </span>
     <span class='ocr_line' id='line_1_81' title="bbox 1137 2632 2178 2684; baseline 0 -13"><span class='ocrx_word' id='word_1_543' title='bbox 1137 2636 1251 2684; x_wconf 83' lang='lat' dir='ltr'><strong>magis</strong></span> <span class='ocrx_word' id='word_1_544' title='bbox 1273 2635 1363 2672; x_wconf 87' lang='lat' dir='ltr'><strong>mihi</strong></span> <span class='ocrx_word' id='word_1_545' title='bbox 1386 2635 1567 2683; x_wconf 86' lang='lat' dir='ltr'><strong>probatur.</strong></span> <span class='ocrx_word' id='word_1_546' title='bbox 1593 2635 1693 2673; x_wconf 86' lang='lat' dir='ltr'><strong>Vide</strong></span> <span class='ocrx_word' id='word_1_547' title='bbox 1723 2663 1734 2679; x_wconf 95' lang='lat'>,</span> <span class='ocrx_word' id='word_1_548' title='bbox 1761 2646 1855 2684; x_wconf 90' lang='lat' dir='ltr'><strong>quae</strong></span> <span class='ocrx_word' id='word_1_549' title='bbox 1879 2634 1953 2672; x_wconf 88' lang='lat' dir='ltr'><strong>dixi</strong></span> <span class='ocrx_word' id='word_1_550' title='bbox 1987 2634 2046 2672; x_wconf 86' lang='lat' dir='ltr'><strong>lib.</strong></span> <span class='ocrx_word' id='word_1_551' title='bbox 2076 2647 2102 2672; x_wconf 83' lang='lat'><strong>1.</strong></span> <span class='ocrx_word' id='word_1_552' title='bbox 2131 2632 2178 2671; x_wconf 85' lang='lat' dir='ltr'><strong>ad</strong></span> 
     </span>
     <span class='ocr_line' id='line_1_82' title="bbox 1134 2686 2178 2735; baseline -0.002 -12"><span class='ocrx_word' id='word_1_553' title='bbox 1134 2686 1234 2723; x_wconf 89' lang='lat' dir='ltr'><strong>illum</strong></span> <span class='ocrx_word' id='word_1_554' title='bbox 1258 2686 1406 2723; x_wconf 87' lang='lat' dir='ltr'><strong>locum:</strong></span> <span class='ocrx_word' id='word_1_555' title='bbox 1434 2692 1522 2723; x_wconf 78' lang='lat' dir='ltr'><strong>Sunt</strong></span> <span class='ocrx_word' id='word_1_556' title='bbox 1543 2686 1630 2723; x_wconf 77' lang='lat' dir='ltr'><strong>mihi</strong></span> <span class='ocrx_word' id='word_1_557' title='bbox 1643 2686 1786 2735; x_wconf 51' lang='lat' dir='ltr'><strong>semidei</strong></span> <span class='ocrx_word' id='word_1_558' title='bbox 1810 2714 1820 2730; x_wconf 92' lang='lat'>,</span> <span class='ocrx_word' id='word_1_559' title='bbox 1840 2686 1927 2733; x_wconf 79' lang='lat' dir='ltr'><strong>sunt</strong></span> <span class='ocrx_word' id='word_1_560' title='bbox 1955 2686 2077 2731; x_wconf 81' lang='lat' dir='ltr'><strong>rustica</strong></span> <span class='ocrx_word' id='word_1_561' title='bbox 2110 2697 2178 2721; x_wconf 81' lang='lat' dir='ltr'><strong>nu-</strong></span> 
     </span>
     <span class='ocr_line' id='line_1_83' title="bbox 1135 2734 2178 2787; baseline -0.002 -14"><span class='ocrx_word' id='word_1_562' title='bbox 1135 2737 1258 2780; x_wconf 71' lang='lat' dir='ltr'><strong>mina&#39;,</strong></span> <span class='ocrx_word' id='word_1_563' title='bbox 1288 2735 1493 2785; x_wconf 72' lang='lat' dir='ltr'><strong>Nymphae,</strong></span> <span class='ocrx_word' id='word_1_564' title='bbox 1521 2737 1699 2787; x_wconf 79' lang='lat' dir='ltr'><strong>Faunique</strong></span> <span class='ocrx_word' id='word_1_565' title='bbox 1722 2765 1732 2781; x_wconf 94' lang='lat'>,</span> <span class='ocrx_word' id='word_1_566' title='bbox 1759 2736 1940 2786; x_wconf 66' lang='lat' dir='ltr'><strong>Satyrique</strong></span> <span class='ocrx_word' id='word_1_567' title='bbox 1972 2748 2016 2776; x_wconf 64' lang='grc' dir='ltr'><strong>(φ’</strong></span> <span class='ocrx_word' id='word_1_568' title='bbox 2046 2734 2178 2772; x_wconf 81' lang='lat' dir='ltr'><strong>monti-</strong></span> 
     </span>
     <span class='ocr_line' id='line_1_84' title="bbox 1135 2785 2177 2832; baseline -0.001 -9"><span class='ocrx_word' id='word_1_569' title='bbox 1135 2787 1223 2824; x_wconf 79' lang='lat' dir='ltr'><strong>colae</strong></span> <span class='ocrx_word' id='word_1_570' title='bbox 1243 2787 1391 2823; x_wconf 80' lang='lat' dir='ltr'><strong>Silvani.</strong></span> <span class='ocrx_word' id='word_1_571' title='bbox 1430 2794 1581 2824; x_wconf 82' lang='lat' dir='ltr'><strong>Proceres</strong></span> <span class='ocrx_word' id='word_1_572' title='bbox 1605 2815 1616 2832; x_wconf 94' lang='lat'>,</span> <span class='ocrx_word' id='word_1_573' title='bbox 1642 2796 1683 2824; x_wconf 89' lang='lat' dir='ltr'><strong>ut</strong></span> <span class='ocrx_word' id='word_1_574' title='bbox 1715 2798 1760 2823; x_wconf 89' lang='lat' dir='ltr'><strong>ex</strong></span> <span class='ocrx_word' id='word_1_575' title='bbox 1792 2786 1968 2824; x_wconf 85' lang='lat' dir='ltr'><strong>Varronis</strong></span> <span class='ocrx_word' id='word_1_576' title='bbox 1999 2785 2177 2823; x_wconf 69' lang='lat' dir='ltr'><strong>sententia</strong></span> 
     </span>
     <span class='ocr_line' id='line_1_85' title="bbox 1131 2835 2180 2887; baseline -0.005 -12"><span class='ocrx_word' id='word_1_577' title='bbox 1131 2839 1241 2875; x_wconf 87' lang='lat' dir='ltr'><strong>refert</strong></span> <span class='ocrx_word' id='word_1_578' title='bbox 1263 2837 1406 2875; x_wconf 86' lang='lat' dir='ltr'><strong>Servius</strong></span> <span class='ocrx_word' id='word_1_579' title='bbox 1430 2865 1441 2883; x_wconf 91' lang='lat'>‚</span> <span class='ocrx_word' id='word_1_580' title='bbox 1469 2838 1647 2887; x_wconf 84' lang='lat' dir='ltr'><strong>principes</strong></span> <span class='ocrx_word' id='word_1_581' title='bbox 1681 2837 1832 2874; x_wconf 85' lang='lat' dir='ltr'><strong>civitatis</strong></span> <span class='ocrx_word' id='word_1_582' title='bbox 1865 2836 2035 2874; x_wconf 88' lang='lat' dir='ltr'><strong>dicuntur</strong></span> <span class='ocrx_word' id='word_1_583' title='bbox 2055 2864 2065 2880; x_wconf 88' lang='lat'>‚</span> <span class='ocrx_word' id='word_1_584' title='bbox 2095 2835 2180 2883; x_wconf 83' lang='lat' dir='ltr'><strong>quia</strong></span> 
     </span>
     <span class='ocr_line' id='line_1_86' title="bbox 1132 2886 2177 2936; baseline -0.005 -11"><span class='ocrx_word' id='word_1_585' title='bbox 1132 2889 1297 2926; x_wconf 88' lang='lat' dir='ltr'><strong>eminent</strong></span> <span class='ocrx_word' id='word_1_586' title='bbox 1308 2889 1343 2925; x_wconf 93' lang='lat' dir='ltr'><strong>in</strong></span> <span class='ocrx_word' id='word_1_587' title='bbox 1358 2900 1399 2925; x_wconf 88' lang='lat' dir='ltr'><strong>ea</strong></span> <span class='ocrx_word' id='word_1_588' title='bbox 1414 2916 1424 2933; x_wconf 94' lang='lat'><strong>,</strong></span> <span class='ocrx_word' id='word_1_589' title='bbox 1451 2888 1538 2926; x_wconf 89' lang='lat' dir='ltr'><strong>ficut</strong></span> <span class='ocrx_word' id='word_1_590' title='bbox 1550 2889 1587 2926; x_wconf 90' lang='lat' dir='ltr'><strong>in</strong></span> <span class='ocrx_word' id='word_1_591' title='bbox 1598 2887 1770 2925; x_wconf 83' lang='lat' dir='ltr'><strong>aedificiis</strong></span> <span class='ocrx_word' id='word_1_592' title='bbox 1782 2887 1912 2924; x_wconf 87' lang='lat' dir='ltr'><strong>mutuli</strong></span> <span class='ocrx_word' id='word_1_593' title='bbox 1925 2887 2089 2936; x_wconf 81' lang='lat' dir='ltr'><strong>quidam,</strong></span> <span class='ocrx_word' id='word_1_594' title='bbox 2102 2886 2177 2921; x_wconf 86' lang='lat' dir='ltr'><strong>hoc</strong></span> 
     </span>
     <span class='ocr_line' id='line_1_87' title="bbox 1134 2937 2174 2989; baseline -0.007 -13"><span class='ocrx_word' id='word_1_595' title='bbox 1134 2939 1181 2976; x_wconf 86' lang='lat' dir='ltr'><strong>est</strong></span> <span class='ocrx_word' id='word_1_596' title='bbox 1195 2940 1310 2988; x_wconf 83' lang='lat' dir='ltr'><strong>capita</strong></span> <span class='ocrx_word' id='word_1_597' title='bbox 1322 2940 1476 2977; x_wconf 82' lang='lat' dir='ltr'><strong>trabium</strong></span> <span class='ocrx_word' id='word_1_598' title='bbox 1492 2968 1502 2986; x_wconf 90' lang='lat'>‚</span> <span class='ocrx_word' id='word_1_599' title='bbox 1514 2951 1610 2989; x_wconf 91' lang='lat' dir='ltr'><strong>quae</strong></span> <span class='ocrx_word' id='word_1_600' title='bbox 1623 2950 1790 2988; x_wconf 84' lang='lat' dir='ltr'><strong>proceres</strong></span> <span class='ocrx_word' id='word_1_601' title='bbox 1801 2937 2174 2974; x_wconf 82' lang='lat' dir='ltr'><strong>nominantur.C101=.</strong></span> 
     </span>
    </p>

    <p class='ocr_par' dir='ltr' id='par_1_19' title="bbox 1132 2985 2187 3383">
     <span class='ocr_line' id='line_1_88' title="bbox 1186 2985 2173 3039; baseline -0.008 -13"><span class='ocrx_word' id='word_1_602' title='bbox 1186 3001 1269 3039; x_wconf 81' lang='lat'><strong>532.</strong></span> <span class='ocrx_word' id='word_1_603' title='bbox 1283 2989 1431 3025; x_wconf 82' lang='lat' dir='ltr'><strong>Attollit</strong></span> <span class='ocrx_word' id='word_1_604' title='bbox 1443 2990 1601 3039; x_wconf 51' lang='lat' dir='ltr'><strong>mentm]</strong></span> <span class='ocrx_word' id='word_1_605' title='bbox 1626 2990 1729 3038; x_wconf 76' lang='lat' dir='ltr'><strong>Lege</strong></span> <span class='ocrx_word' id='word_1_606' title='bbox 1748 2988 1919 3024; x_wconf 80' lang='lat' dir='ltr'><strong>Attonuit</strong></span> <span class='ocrx_word' id='word_1_607' title='bbox 1932 3016 1942 3031; x_wconf 90' lang='lat'>‚</span> <span class='ocrx_word' id='word_1_608' title='bbox 1955 2998 1998 3022; x_wconf 89' lang='lat' dir='ltr'><strong>ex</strong></span> <span class='ocrx_word' id='word_1_609' title='bbox 2013 2985 2173 3021; x_wconf 81' lang='lat' dir='ltr'><strong>Statiano</strong></span> 
     </span>
     <span class='ocr_line' id='line_1_89' title="bbox 1132 3033 2178 3089; baseline -0.007 -11"><span class='ocrx_word' id='word_1_610' title='bbox 1132 3041 1329 3089; x_wconf 88' lang='lat' dir='ltr'><strong>interprete</strong></span> <span class='ocrx_word' id='word_1_611' title='bbox 1347 3039 1672 3078; x_wconf 82' lang='lat' dir='ltr'><strong>adv11.Th.unde</strong></span> <span class='ocrx_word' id='word_1_612' title='bbox 1693 3039 1877 3076; x_wconf 82' lang='lat' dir='ltr'><strong>attonitus.</strong></span> <span class='ocrx_word' id='word_1_613' title='bbox 1904 3038 2052 3073; x_wconf 65' lang='lat' dir='ltr'><strong>Cousr.</strong></span> <span class='ocrx_word' id='word_1_614' title='bbox 2081 3033 2178 3088; x_wconf 56' lang='lat' dir='ltr'><strong>Fau.</strong></span> 
     </span>
     <span class='ocr_line' id='line_1_90' title="bbox 1137 3082 2178 3139; baseline -0.01 -11"><span class='ocrx_word' id='word_1_615' title='bbox 1137 3091 1307 3128; x_wconf 83' lang='lat' dir='ltr'><strong>Attonuit</strong></span> <span class='ocrx_word' id='word_1_616' title='bbox 1327 3091 1551 3139; x_wconf 83' lang='lat' dir='ltr'><strong>Naugeriani</strong></span> <span class='ocrx_word' id='word_1_617' title='bbox 1574 3089 1730 3128; x_wconf 88' lang='lat' dir='ltr'><strong>codices.</strong></span> <span class='ocrx_word' id='word_1_618' title='bbox 1752 3090 1905 3138; x_wconf 84' lang='lat' dir='ltr'><strong>optime.</strong></span> <span class='ocrx_word' id='word_1_619' title='bbox 1926 3096 2033 3133; x_wconf 86' lang='lat' dir='ltr'><strong>quam</strong></span> <span class='ocrx_word' id='word_1_620' title='bbox 2048 3082 2178 3120; x_wconf 67' lang='lat' dir='ltr'><strong>lectio-</strong></span> 
     </span>
     <span class='ocr_line' id='line_1_91' title="bbox 1137 3132 2180 3189; baseline -0.012 -10"><span class='ocrx_word' id='word_1_621' title='bbox 1137 3153 1223 3179; x_wconf 90' lang='lat' dir='ltr'><strong>nem</strong></span> <span class='ocrx_word' id='word_1_622' title='bbox 1249 3141 1514 3189; x_wconf 85' lang='lat' dir='ltr'><strong>Neapolitanus</strong></span> <span class='ocrx_word' id='word_1_623' title='bbox 1537 3143 1575 3179; x_wconf 71' lang='grc' dir='ltr'><strong>ὃ(</strong></span> <span class='ocrx_word' id='word_1_624' title='bbox 1596 3141 1754 3179; x_wconf 86' lang='lat' dir='ltr'><strong>Urbinas</strong></span> <span class='ocrx_word' id='word_1_625' title='bbox 1768 3151 1811 3176; x_wconf 89' lang='lat' dir='ltr'><strong>ex</strong></span> <span class='ocrx_word' id='word_1_626' title='bbox 1825 3136 1949 3174; x_wconf 87' lang='lat' dir='ltr'><strong>nostris</strong></span> <span class='ocrx_word' id='word_1_627' title='bbox 1964 3132 2180 3188; x_wconf 74' lang='lat' dir='ltr'><strong>agnoscunt,</strong></span> 
     </span>
     <span class='ocr_line' id='line_1_92' title="bbox 1139 3182 2180 3237; baseline -0.011 -8"><span class='ocrx_word' id='word_1_628' title='bbox 1139 3193 1177 3229; x_wconf 74' lang='grc' dir='ltr'><strong>ὃ(</strong></span> <span class='ocrx_word' id='word_1_629' title='bbox 1199 3192 1267 3228; x_wconf 93' lang='lat' dir='ltr'><strong>sec.</strong></span> <span class='ocrx_word' id='word_1_630' title='bbox 1300 3190 1493 3229; x_wconf 84' lang='lat' dir='ltr'><strong>Mediceus</strong></span> <span class='ocrx_word' id='word_1_631' title='bbox 1507 3220 1518 3236; x_wconf 91' lang='lat'><em>,</em></span> <span class='ocrx_word' id='word_1_632' title='bbox 1546 3193 1585 3229; x_wconf 64' lang='grc' dir='ltr'><strong>ὅ(</strong></span> <span class='ocrx_word' id='word_1_633' title='bbox 1607 3199 1775 3237; x_wconf 81' lang='lat' dir='ltr'><strong>excerpta</strong></span> <span class='ocrx_word' id='word_1_634' title='bbox 1795 3182 2180 3231; x_wconf 85' lang='lat' dir='ltr'><strong>Calandrae.agnosc1t</strong></span> 
     </span>
     <span class='ocr_line' id='line_1_93' title="bbox 1139 3232 2182 3279; baseline -0.01 -1"><span class='ocrx_word' id='word_1_635' title='bbox 1139 3243 1177 3279; x_wconf 69' lang='grc' dir='ltr'><strong>δε</strong></span> <span class='ocrx_word' id='word_1_636' title='bbox 1200 3241 1412 3278; x_wconf 87' lang='lat' dir='ltr'><strong>Scholiastes</strong></span> <span class='ocrx_word' id='word_1_637' title='bbox 1425 3242 1525 3278; x_wconf 83' lang='lat' dir='ltr'><strong>Statii</strong></span> <span class='ocrx_word' id='word_1_638' title='bbox 1547 3241 1592 3277; x_wconf 87' lang='lat' dir='ltr'><strong>ad</strong></span> <span class='ocrx_word' id='word_1_639' title='bbox 1620 3241 1680 3277; x_wconf 86' lang='lat' dir='ltr'><strong>lib.</strong></span> <span class='ocrx_word' id='word_1_640' title='bbox 1702 3250 1774 3274; x_wconf 90' lang='lat' dir='ltr'><strong>v11.</strong></span> <span class='ocrx_word' id='word_1_641' title='bbox 1793 3234 1916 3273; x_wconf 86' lang='lat' dir='ltr'><strong>Theb.</strong></span> <span class='ocrx_word' id='word_1_642' title='bbox 1940 3234 2018 3279; x_wconf 73' lang='lat'><strong>164.</strong></span> <span class='ocrx_word' id='word_1_643' title='bbox 2048 3232 2182 3273; x_wconf 84' lang='lat' dir='ltr'><strong>Noster</strong></span> 
     </span>
     <span class='ocr_line' id='line_1_94' title="bbox 1137 3284 2175 3382; baseline -0.01 -50"><span class='ocrx_word' id='word_1_644' title='bbox 1137 3291 1245 3341; x_wconf 80' lang='lat' dir='ltr'><strong>saepe</strong></span> <span class='ocrx_word' id='word_1_645' title='bbox 1267 3292 1344 3331; x_wconf 85' lang='lat' dir='ltr'><strong>hoc</strong></span> <span class='ocrx_word' id='word_1_646' title='bbox 1363 3291 1477 3382; x_wconf 54' lang='lat' dir='ltr'><strong>verbg</strong></span> <span class='ocrx_word' id='word_1_647' title='bbox 1499 3291 1622 3330; x_wconf 81' lang='lat' dir='ltr'><strong>utitur.</strong></span> <span class='ocrx_word' id='word_1_648' title='bbox 1648 3287 1831 3329; x_wconf 77' lang='lat' dir='ltr'><strong>Phaedrae</strong></span> <span class='ocrx_word' id='word_1_649' title='bbox 1851 3284 1961 3336; x_wconf 79' lang='lat' dir='ltr'><strong>Epist.</strong></span> <span class='ocrx_word' id='word_1_650' title='bbox 1986 3295 2040 3324; x_wconf 76' lang='lat' dir='ltr'><strong>xv.</strong></span> <span class='ocrx_word' id='word_1_651' title='bbox 2061 3296 2121 3334; x_wconf 81' lang='lat'><strong>49.</strong></span> <span class='ocrx_word' id='word_1_652' title='bbox 2140 3335 2175 3370; x_wconf 78' lang='lat' dir='ltr'><em>U</em></span> 
     </span>
     <span class='ocr_line' id='line_1_95' title="bbox 1140 3341 2187 3383; baseline -0.004 -38"><span class='ocrx_word' id='word_1_653' title='bbox 1140 3343 1145 3345; x_wconf 49' lang='lat'><strong>.</strong></span> <span class='ocrx_word' id='word_1_654' title='bbox 1496 3352 1517 3380; x_wconf 70' lang='lat' dir='ltr'>e</span> <span class='ocrx_word' id='word_1_655' title='bbox 2169 3341 2187 3383; x_wconf 53' lang='grc' dir='ltr'><strong>ἔ</strong></span> 
     </span>
    </p>
   </div>
   <div class='ocr_carea' id='block_1_10' title="bbox 1182 1898 1282 1905">
    <p class='ocr_par' dir='ltr' id='par_1_20' title="bbox 1182 1898 1282 1905">
     <span class='ocr_line' id='line_1_96' title="bbox 1182 1898 1282 1905; baseline 0 1711"><span class='ocrx_word' id='word_1_656' title='bbox 1182 1898 1282 1905; x_wconf 95' lang='lat' dir='ltr'><strong> </strong></span> 
     </span>
    </p>
   </div>
  </div>
 </body>
</html>
