2483 3616
263 209 362 256 332>
726 187 786 243 P.
860 177 1277 242 OVIDII
1349 177 1895 237 NASON‘IS·

556 276 794 350 Diriguit
809 315 824 340 ‚
846 277 1080 346 saxoque
1106 272 1389 329 oculorum
1411 270 1652 327 induruit
1676 271 1888 328 humor.
2375 296 2395 326 s

561 350 667 405 Sed
698 366 876 404 tamen
901 365 960 400 os
984 344 1235 399 timidum
1258 344 1545 415 vultusque
1570 345 1627 398 in
1650 361 1917 400 marmore
1939 344 2161 421 supplex
2175 345 2203 413 J
2381 354 2397 361 ’“

416 440 517 493 235
558 421 954 493 Submiffaeque
981 431 1193 483 manus,
1226 415 1495 490 faciesque
1523 415 1758 472 obnoxia
1780 417 1982 476 manfit.

914 558 1070 605 ἙΑΒ.
1127 556 1204 604 ΙΙ.

1273 555 1778 604 ARGUMENTUM.

1109 675 1303 723 Proetus
1338 673 1386 720 in
1421 673 1636 738 lapidem.

337 808 353 829 ⁸
388 800 566 863 Perseus
606 798 797 847 Abantis
823 809 1053 858 pronepos,
1100 806 1296 842 votorum
1328 806 1512 854 comp05‚
1548 809 1641 841 cum
1675 796 1840 859 conjuge
1863 796 2137 843 Andromeda
2167 800 2311 860 ,Argos
2339 813 2424 860 pa.

273 872 405 916 triam
418 866 546 927 sitam
571 864 696 914 adiit.
732 861 1170 923 Pr·oetumque‚puiso
1185 863 1348 922 Acristo
1361 859 1511 920 fratre
1535 862 1664 921 ipsius
1687 861 1836 925 Persei
1857 878 1941 907 avo
1955 894 1971 921 ‚
2007 879 2057 920 re
2079 872 2277 921 nantem,
2295 865 2422 924 osten-

264 932 316 996 so
341 930 545 991 Affedusae
567 931 699 988 capite
721 931 767 974 in
791 927 970 988 lapidem
994 928 1158 984 vertit,
1192 941 1383 987 avoque,
1406 927 1500 970 licet
1520 925 1731 972 immerito
1765 926 1784 952 ¹³
1808 925 1968 988 (ipsum
2000 930 2111 975 enim
2145 943 2237 975 cum
2257 928 2420 976 Danae

276 1008 412 1043 matre
434 1011 557 1044 arcae
580 996 815 1054 imposttum
838 996 883 1041 in
906 1007 1022 1037 mare
1038 989 1302 1053 projecerat)
1338 1006 1509 1053 regnum
1531 990 1730 1051 restituit.

697 1120 831 1177 leior
858 1119 1185 1176 Abantiades
1214 1120 1412 1190 patrios
1441 1136 1567 1173 cum
1595 1117 1826 1191 conjuge
1849 1137 2031 1175 muros

693 1198 887 1255 lntrat3
930 1195 982 1246 &
1011 1192 1308 1246 immeritae
1332 1192 1539 1247 vindex
1564 1193 1816 1265 ultorque
1842 1195 2072 1265 parentis

570 1269 908 1340 Adgreditur
938 1266 1213 1320 Proetum.
1253 1283 1375 1319 narn
1400 1265 1563 1319 fratre
1588 1282 1683 1336 per
1708 1283 1853 1320 arina
1876 1266 2062 1338 fugato

571 1341 907 1399 Acrisioneas
935 1339 1160 1392 Proetus
1188 1337 1489 1409 poffederat
1517 1355 1684 1390 arces,
1855 1401 1861 1406 ⁵

430 1432 538 1486 240
575 1414 682 1468 Sed
708 1432 807 1468 nec
835 1429 937 1483 ope
961 1428 1262 1471 armorum,
1301 1429 1400 1466 nec
1418 1450 1432 1473 ‚
1471 1428 1631 1483 quam
1655 1410 1791 1463 male
1817 1425 2061 1483 ceperat,
2096 1430 2217 1469 arce

572 1486 760 1542 Torva
783 1483 1091 1541 colubriferi
1117 1484 1380 1554 superavit
1404 1483 1601 1539 lumina
1625 1482 1860 1539 monstri.

937 1623 1080 1670 ΕΑΒ.

1151 1623 1265 1670 ΙΙΙ.
1323 1622 1817 1688 ARGUMENTUM.

1083 1741 1362 1812 ‘Polydectes
1395 1742 1444 1788 in
1478 1739 1693 1804 lapidem.

352 1845 592 1926 Polydeffies
615 1881 688 1912 rex
710 1841 868 1927 insolite
890 1862 1086 1924 Seriphi,
1122 1868 1137 1887 ³
1160 1862 1220 1909 ad
1239 1877 1366 1924 quam
1389 1860 1571 1923 Perseus
1591 1876 1684 1907 cum
1717 1857 1735 1885 b
1759 1861 1923 1910 Danae
1953 1869 1969 1889 ⁰
1991 1873 2128 1911 matre
2151 1866 2333 1929 inclusos
2352 1885 2427 1916 ar-

289 2049 505 2100 &Ep.xv1·
528 2049 615 2100 238.
634 2047 807 2099 inquibus
825 2047 1000 2087 omnibus
1019 2049 1110 2088 locis
1133 2047 1264 2087 eadem
1287 2046 1342 2085 di-

291 2103 448 2141 versitas,

346 2164 428 2201 235.
459 2149 654 2198 obnoxie]
691 2151 790 2188 Vide
823 2152 996 2189 Gronov.
1026 2151 1072 2190 ad
1103 2151 1230 2188 Senec.
1258 2161 1343 2188 111.

294 2202 341 2241 de
367 2204 430 2240 Ira.
455 2206 486 2239 8.
511 2204 549 2240 &
575 2201 774 2250 Schulting.
799 2202 846 2239 ad
868 2202 1019 2249 Quinct.
1037 2215 1066 2239 1.
1088 2201 1194 2239 Decl.
1217 2200 1253 2238 6.

349 2261 365 2279 ³
392 2253 536 2303 Perseus.
575 2252 589 2300 ]
645 2253 734 2289 Hoc
765 2261 1024 2301 argumentum
1047 2263 1117 2289 nec
1153 2251 1231 2288 MS.
1268 2262 1338 2289 nec

295 2304 441 2341 Veneta
456 2332 465 2348 ,
505 2303 565 2340 vel
585 2303 799 2352 Micylliana
821 2304 1033 2351 agnoscunt.
1087 2302 1147 2339 Est
1170 2303 1270 2338 enim
1293 2302 1339 2340 ad

297 2354 450 2391 verbum
476 2354 691 2402 descriptum
720 2365 764 2390 ex
788 2354 958 2402 Regi-anis
982 2353 1282 2396 commentariis,
1301 2354 1339 2389 &

296 2417 362 2453 pro
386 2405 631 2443 Laciantiano
654 2415 673 2441 a
696 2405 879 2446 Raene'rio
894 2405 1005 2441 *nobis
1027 2404 1226 2441 obtrusum.
1269 2403 1340 2440 Sed

296 2455 385 2493 illud
407 2456 520 2493 miror
534 2484 544 2499 ‚
567 2468 586 2492 a
608 2455 759 2492 nemine
781 2454 1074 2492 animadversum
1097 2455 1133 2491 id
1153 2453 1339 2491 haetenus.

297 2505 432 2543 Barthii
468 2517 557 2542 vero
586 2506 697 2542 etiam
734 2505 891 2542 misereri
920 2505 1035 2548 subit,
1074 2514 1113 2542 ut
1145 2505 1208 2554 qui
1230 2504 1340 2542 verba

300 2555 431 2603 Regii,
457 2565 632 2606 tanquam
656 2555 682 2592 fi
710 2555 911 2592 indubitate
931 2555 1172 2592 Laclantiana
1203 2553 1340 2599 effent,

300 2617 344 2641 ex
360 2607 513 2654 Hygino
535 2607 703 2644 illustrare
725 2606 904 2650 instituat,
934 2606 1080 2643 Adveri'
1095 2606 1154 2643 lib.
1167 2605 1337 2654 x.cap.8.

300 2655 521 2694 Momm.
560 2657 640 2694 Nec
676 2657 855 2694 Par-mens.
877 2669 946 2698 nec
981 2656 1152 2705 Lugdun.
1173 2667 1242 2693 nec
1265 2656 1344 2693 Co-

300 2706 377 2745 lOn.
403 2707 548 2743 habent.
585 2707 740 2743 Abantis
766 2716 923 2756 pronepos
946 2709 1100 2744 Raener.
1132 2708 1169 2744 &
1191 2707 1342 2744 Giselin.

308 2758 347 2794 &
360 2756 480 2793 nescio
504 2757 601 2794 unde
627 2757 797 2793 Munkerl
809 2756 922 2794 editio
936 2758 1099 2793 Atlantis
1119 2755 1343 2801 habeat,nifi

303 2818 426 2844 errore
449 2818 640 2854 operarum
662 2807 848 2854 irrepserit.
878 2807 970 2844 Abas
992 2808 1091 2844 enim
1116 2817 1216 2855 pater
1239 2806 1343 2843 Acri-

307 2857 345 2894 fii
371 2886 381 2902 ,
397 2857 506 2894 unde
536 2857 666 2894 Danae
683 2885 693 2901 ,
722 2857 858 2894 &inde
874 2857 1014 2894 Perseus
1029 2885 1038 2902 ,
1065 2859 1129 2906 qui
1151 2869 1239 2906 ergo
1258 2868 1345 2906 pro-

306 2920 422 2957 nepos
443 2907 596 2944 Abantis
617 2908 696 2944 fuit.

359 2959 377 2986 b
403 2959 515 3008 Ipsum
535 2957 666 3006 enim]
698 2958 802 2994 Enim
822 2969 898 2994 non
919 2958 1028 2994 habet
1051 2958 1246 2995 Muncker.

357 3011 443 3059 236.
473 3014 593 3045 Muros
613 3007 766 3057 intrim]
806 3008 923 3056 Atqui
953 3009 1101 3044 Proetus
1125 3035 1136 3052 ‚
1163 3007 1263 3054 pulso
1292 3007 1346 3044 A·

308 3060 412 3098 crisio
426 3089 437 3104 ‚
463 3060 610 3097 tenebat
620 3061 751 3107 Argos.
777 3070 888 3107 quare
911 3058 1038 3095 melius
1059 3065 1149 3105 puto
1163 3068 1247 3093 cum
1260 3057 1347 3095 Lei-

309 3110 409 3149 densi
432 3110 560 3148 codice
580 3110 720 3158 legere,
742 3109 830 3156 fines
845 3109 1047 3157 ‚velportus
1063 3135 1073 3152 ‚
1095 3116 1135 3145 ut
1158 3107 1256 3144 idem
1281 3119 1347 3156 pro

310 3163 407 3199 varia
429 3161 589 3199 leffiione
610 3160 781 3208 agnoscit.
802 3160 851 3196 ita
871 3159 928 3195 lib.
947 3171 995 3194 iv.
1016 3163 1098 3206 507.

361 3213 515 3260 Contigit
538 3211 687 3259 Illyricos
703 3212 846 3259 profuga
869 3223 947 3245 cum
971 3209 1103 3258 conjuge
1125 3218 1255 3258 portus.

311 3263 371 3300 ubi
394 3264 503 3300 etiam
528 3262 694 3299 nonnulli
707 3261 806 3308 fines.
832 3260 960 3298 Buum.

362 3325 445 3363 237.
474 3313 644 3351 immeriti
657 3311 854 3362 parentia]
882 3310 1046 3361 Quidam
1061 3310 1348 3360 ‚immeritaepn-

2379 1951 2430 1981 ca

1395 2046 1502 2083 rentis
1532 2044 1671 2094 legunt.
1706 2047 1953 2084 Nauomuus.
2005 2049 2204 2084 Immeritae
2231 2060 2276 2085 ex
2297 2047 2432 2097 scriptis

1396 2096 1582 2145 Naugerii.
1608 2105 1649 2134 ut
1670 2096 1715 2134 de
1736 2097 1866 2136 Dana'e'
1889 2097 2128 2146 intelligatur,
2161 2110 2246 2135 cum
2268 2098 2314 2136 de
2333 2098 2448 2147 Jove'

1396 2159 1475 2185 non
1495 2147 1602 2196 possit
1631 2147 1794 2196 intelligi.
1822 2149 2025 2186 Hfimsius

1395 2208 1489 2243 tem,
1516 2210 1629 2235 avum
1649 2198 1827 2247 intelligit.

1395 2299 1417 2337 b
1446 2248 1530 2305 ²138·
1566 2255 1665 2286 Nam
1697 2249 1864 2300 fratre.]
1919 2250 2013 2296 Jam
2060 2249 2230 2288 Cantabr.
2270 2251 2309 2288 ὃς
2348 2251 2468 2290 Bar·-

1420 2311 1509 2337 erin.

1445 2362 1531 2400 239.
1558 2348 1810 2400 Acrisioneas.]
1841 2350 2103 2401 Acrisioneadas
2135 2352 2305 2390 Cantabr.
2327 2353 2435 2390 Acri-

1385 2399 1556 2457 stopiades
1577 2401 1720 2440 Barber.
1741 2403 1993 2453 &Langenm
2014 2401 2275 2453 Acristoniadas
2297 2404 2434 2453 Regius

1394 2464 1544 2501 primus.

2077 2150 2212 2198 Regius
2233 2161 2298 2198 per
2305 2159 2435 2200 paren-

1448 2511 1462 2528 2
1490 2503 1555 2539 Ad
1577 2502 1721 2553 quam.]
1751 2506 1817 2542 Ad
1837 2519 1938 2555 quem
1961 2503 2099 2543 Colon.

1445 2553 1464 2580 b
1492 2553 1661 2604 Danae'.]
1684 2560 1788 2591 Dane
1806 2556 1995 2593 Parmens.

1447 2612 1464 2630 c
1491 2604 1648 2653 Matre]
1675 2605 1789 2643 Deest
1810 2607 1948 2643 Colon.

1447 2653 1466 2680 d
1492 2654 1677 2703 Cupiens.]
1706 2656 1851 2704 Cupiens
1871 2665 1990 2692 autem
2012 2654 2148 2693 Colon.

1448 2711 1466 2731 e
1494 2704 1726 2753 Arbitrum]
1756 2706 1848 2741 Non
1878 2705 1971 2742 vidit
2003 2706 2219 2754 elegantiam
2241 2707 2438 2747 locutionis

1399 2754 1599 2792 Raenerius
1622 2781 1632 2798 ‚
1670 2765 1758 2790 cum
1790 2766 1858 2803 pro
1891 2756 2024 2792 arbitro
2055 2758 2160 2794 nobis
2193 2765 2348 2805 Perseum
2368 2759 2436 2796 iret
2480 2757 2481 2760 ’

1397 2802 1632 2852 suppositum.
1661 2804 1809 2841 Arbiter
1830 2805 1879 2842 est
1896 2806 1990 2843 testis
2014 2809 2051 2843 &
2072 2803 2264 2856 inspeff'oer'.
2309 2812 2438 2847 Horat.
2466 2810 2470 2811 ⁷

1401 2854 1715 2903 Epod.5.0rebus
1737 2856 1820 2892 meis
1850 2870 1917 2893 non
1946 2857 2096 2904 infideles
2127 2860 2291 2896 arbitrae.
2314 2858 2435 2897 Schol.

1400 2905 1515 2952 testes,
1544 2904 1710 2953 consciae,
1745 2916 1809 2942 aut
1835 2908 2048 2955 praesentes,
2078 2918 2120 2944 ut
2141 2909 2274 2947 Sallust.
2295 2909 2439 2946 arbitris

1395 2955 1512 3006 procul
1534 2956 1680 2993 remotis.
1704 2957 1807 2994 locus
1827 2957 1976 2995 Sallustii
1994 2959 2146 2996 habetur
2159 2960 2264 2997 Catil.
2287 2971 2363 3008 cap.
2378 2972 2438 2997 20.
2478 3000 2479 3003 ,

1403 3007 1583 3053 vulgatior
1610 3005 1821 3055 fignificatio
1845 3009 1918 3052 est,
1951 3020 2023 3057 qua
2046 3008 2176 3046 arbiter
2198 3012 2346 3058 ponitur
2371 3020 2436 3058 pro

1395 3056 1535 3105 judice.
1584 3057 1695 3094 Unde
1725 3058 1914 3097 arbitriom
1935 3071 2002 3107 pro
2019 3059 2162 3107 judicio
2186 3063 2223 3097 ὅς
2251 3061 2452 3097 sententia-⁴
2477 3085 2479 3092 ‹

1401 3107 1497 3144 Sext.
1522 3108 1637 3144 Rufus
1663 3108 1815 3145 Breviar.
1838 3121 1915 3157 cap.
1944 3121 1998 3158 13.
2025 3111 2167 3157 Lyciam
2180 3112 2334 3160 supremi
2356 3110 2437 3158 regis
2477 3139 2478 3142 η

1401 3158 1546 3206 Apionis
1561 3157 1706 3194 arbitrio
1723 3162 1842 3205 sumus
1861 3159 2038 3210 affiquuti.
2050 3160 2133 3208 lego
2147 3162 2330 3210 ‚suprema
2362 3161 2445 3197 Te--
2476 3159 2478 3191 ἓ

1400 3207 1623 3245 stamentuni
1655 3209 1848 3258 intelligit,
1876 3210 1977 3259 quod
2009 3209 2217 3258 supremum
2243 3213 2437 3248 arbitrium.
2476 3206 2477 3248 l

1403 3258 1625 3297 Monesen.
1664 3260 1823 3310 Allegare
1853 3260 2041 3299 arbimmn
2073 3261 2194 3301 Parin.
2224 3262 2345 3312 Lugd.
2371 3270 2436 3308 pro

1401 3308 1564 3360 ablegare.

2351 3357 2374 3386 ἰ
2390 3360 2436 3395 Ut
