2483 3616
274 182 1518 248 METAMORPHOSEON
1588 188 1944 253 Liaxm.

341 305 542 374 Magna
569 299 792 374 quidem
819 301 1089 376 patrisque
1117 302 1193 359 sui
1217 305 1506 379 matrisque
1529 304 1799 377 volupta8‚

2095 206 2201 273 9¹7

343 376 533 431 Nostra
555 385 734 429 tamen
760 375 940 444 major.
966 392 1090 430 nam
1115 394 1204 432 me
1233 377 1324 432 fibi
1344 377 1589 448 junxerat
1612 378 1708 435 uni-

339 447 602 502 Pulcher:
642 446 728 511 ἅ,
766 446 973 502 οξῒοῃίε
998 448 1194 503 iterum
1220 450 1477 505 natalibus
1506 448 1661 516 affiS,

339 518 582 590 Signarat
610 518 771 574 dubia
797 535 1005 575 teneras
1031 521 1278 594 lanugine
1302 522 1476 577 malas.

197 608 295 660 755
333 589 503 646 Hunc
530 608 633 663 ego
653 632 666 655 ‚
707 610 796 647 me
821 593 1084 666 CyclopS,
1122 596 1270 650 nullo
1296 611 1422 649 cum
1445 593 1551 649 fine
1576 594 1810 666 petebat.

343 664 489 728 Nee,
529 664 566 719 fi
590 665 897 738 quaefieriS‚
934 667 1123 722 odium
1147 667 1429 740 Cyclopi8‚
1466 683 1688 723 amorne

342 737 529 792 Acidis
555 737 610 792 in
637 738 788 792 nobis
813 736 974 793 fuerit
999 740 1352 811 praesentior,
1388 738 1563 794 edam.

341 809 442 864 Par
468 810 738 883 utrimque
765 810 882 865 fuit.
921 813 1021 882 pro
1046 825 1241 884 quanta
1267 813 1508 884 potentia
1535 811 1688 884 regni

340 881 465 957 Est,
502 881 691 939 Venus
715 883 875 946 alma,
912 883 1026 937 tui!
1065 901 1257 956 nempe
1281 885 1366 939 ille
1389 884 1635 948 immitis,
1675 883 1730 939 &
1756 882 1877 958 ipsis

204 958 305 1025 760
342 953 666 1010 Horrendus
690 954 853 1018 silvi3‚
892 954 949 1009 δε
972 955 1107 1010 visus
1132 955 1196 1010 ab
1222 957 1428 1030 hospite
1452 957 1597 1012 nullo

347 1027 598 1100 Impune,
636 1028 692 1081 &
715 1027 893 1098 magni
918 1043 1043 1082 cum
1069 1027 1168 1082 Dis
1190 1042 1500 1085 contemtor
1526 1028 1777 1100 Olympi,

343 1099 494 1173 Quid
521 1099 581 1154 fit
603 1116 752 1154 amor
775 1099 931 1154 sentit
958 1118 970 1153 :
1011 1100 1283 1174 nostrique
1308 1102 1562 1173 cupidine
1587 1115 1771 1172 captus

342 1172 564 1236 Uritur;
603 1172 796 1226 oblitus
822 1189 1082 1244 pecorum
1106 1186 1492 1246 antrorumque
1516 1174 1747 1228 suorum.

339 1245 566 1318 Jamque
592 1244 688 1300 tibi
709 1244 941 1311 formae,
974 1244 1191 1321 jamque
1217 1247 1292 1301 est
1318 1246 1416 1302 tibi
1441 1264 1567 1301 cura
1592 1245 1865 1319 placendi:

59 1462 183 1514 ginum
205 1457 292 1498 Fab.
314 1467 441 1496 cxcix.
468 1455 647 1495 mendose
675 1457 786 1496 etiam
807 1455 920 1505 Scylla
944 1455 1100 1495 Cratetis

52 1513 132 1562 filia
149 1511 280 1550 dicitur
293 1537 303 1554 ‚
331 1520 398 1558 pro
414 1507 624 1545 Crataeidis.
651 1508 748 1546 male
769 1509 881 1546 etiam
907 1507 1004 1557 apud
1017 1508 1099 1546 Ser-

59 1564 160 1602 vium
182 1562 228 1600 ad
248 1561 376 1607 Eclog.
396 1570 450 1596 vt.
477 1558 673 1596 Crethe'idos
688 1558 771 1607 filia
789 1560 827 1597 &
849 1558 940 1597 AEn.
961 1570 1023 1596 111.
1042 1558 1098 1602 ybs.

59 1626 142 1661 420.
169 1611 312 1650 Creticis
324 1609 417 1658 filia.
444 1609 503 1647 alii
520 1609 589 1647 alia
612 1609 658 1648 de
679 1618 795 1647 matre
814 1609 954 1658 Scyllae
974 1609 1099 1657 prodi-

58 1664 199 1702 derunt.
227 1664 336 1711 Quae
355 1661 429 1698 fere
447 1661 576 1698 omnia
597 1659 636 1697 in
657 1660 733 1698 Ciri
750 1659 809 1698 sua
827 1659 1099 1709 congeffitVir-

58 1715 172 1764 gilius.
200 1714 347 1751 Heius.
372 1711 546 1754 Κράταιῒυ
572 1712 740 1749 vocat&
761 1710 967 1760 Alciphron
993 1710 1054 1749 lib.
1071 1722 1100 1750 1.

59 1766 127 1815 Ep.
147 1765 204 1805 18.
231 1764 291 1800 ubi
312 1761 385 1800 vid.
405 1759 561 1809 Bergleri
583 1770 702 1800 notas.

111 1827 195 1864 750.
222 1813 306 1851 Acis
327 1811 441 1861 erat.]
471 1812 714 1862 Quicumque
738 1813 813 1850 hoc
835 1823 976 1850 nomen
998 1824 1061 1862 per
1082 1821 1098 1850 e

61 1866 99 1905 δε
126 1879 146 1915 y
177 1865 331 1904 scribunt
359 1870 478 1900 errant
497 1870 579 1901 tota
608 1864 667 1902 via
684 1891 695 1908 ,
730 1862 910 1912 quoniam
940 1858 1053 1906 Α”κις
1077 1874 1098 1901 a

58 1915 265 1954 Theocrito
287 1915 327 1952 ὃς
349 1913 497 1951 Graecis
527 1914 655 1952 ceteris
673 1913 856 1956 scribitur,
876 1922 987 1963 atque
1007 1914 1097 1952 Acis

58 1965 199 2003 Siciliae
219 1965 367 2008 fluvius,
394 1965 433 2001 in
450 1974 563 2011 quern
586 1964 646 2002 hic
664 1963 812 2012 fingitur
830 1973 1096 2009 communium,

60 2022 207 2063 propter
233 2014 399 2051 currendi
425 2014 648 2051 celeritatem
669 2041 680 2059 ,
715 2015 753 2052 id
782 2026 924 2052 nomen
944 2015 1095 2064 adeptus

63 2064 139 2102 est:
165 2074 250 2102 nam
271 2060 383 2105 A⁷'›tce,·
400 2063 514 2102 telum
534 2063 720 2112 fignificat.
748 2064 900 2103 CONST.
927 2065 1023 2103 Fan.
1052 2067 1095 2104 ln

1948 1322 2047 1389 765
2079 1318 2198 1391 jam

1152 1456 1227 1497 vid.
1245 1456 1308 1496 lib.
1329 1469 1375 1495 11.
1395 1469 1479 1507 497.
1503 1459 1542 1497 δε
1562 1469 1654 1497 vrri.
1673 1461 1758 1506 2422

1204 1520 1287 1557 754.
1314 1508 1434 1546 Dubia
1461 1509 1631 1559 teneras.]
1662 1509 1785 1546 Prima
1798 1516 1933 1547 teneras
1954 1507 2128 1547 Gronov.
2147 1513 2201 1556 tei

1153 1573 1254 1597 neras
1274 1558 1371 1596 molli
1390 1560 1550 1599 Florent.
1569 1561 1602 1597 S.
1616 1561 1747 1598 Marci.

1207 1621 1290 1660 757.
1326 1611 1445 1648 Fuerit
1477 1609 1740 1660 praestantiora]
1789 1609 2004 1659 Praesentior
2035 1608 2204 1659 Neapoli-

1155 1661 1263 1699 bene.
1282 1660 1448 1699 Florent.
1464 1662 1500 1699 S.
1521 1663 1662 1708 Marci,
1692 1661 1914 1712 praesentius.
1940 1661 2111 1711 proxime
2133 1671 2203 1709 v-e3

1155 1723 1251 1751 rum.
1277 1710 1370 1749 libro
1389 1724 1443 1751 ιν.
1464 1713 1550 1751 612.

1382 1793 1487 1823 tanta
1506 1784 1550 1833 est
1563 1781 1759 1834 praesentia
1782 1782 1875 1823 veri.

1153 1861 1264 1912 Epist.
1287 1875 1370 1903 xvr.
1393 1875 1480 1912 271,

1202 1942 1232 1974 Ο
1251 1937 1351 1975 decus
1365 1962 1375 1980 ‚
1407 1935 1427 1973 ὂ
1437 1936 1594 1987 praesens
1609 1935 1826 1986 geminorum
1839 1935 1951 1986 gloria
1962 1938 2144 1985 fratrum?

1151 2011 1299 2050 Heius.
1327 2012 1447 2051 Cicer.
1477 2013 1587 2052 Orat.
1614 2012 1695 2069 post
1717 2012 1840 2051 Redit.
1861 2013 1907 2051 ad
1927 2014 2090 2063 Quirites
2113 2026 2143 2052 c.
2162 2013 2203 2053 62'

1150 2067 1207 2100 Ex
1235 2062 1359 2111 quibus
1385 2063 1563 2100 excellenti
1584 2076 1702 2100 ammo
1723 2091 1734 2108 ,
1770 2064 1907 2101 virtute
1926 2091 1937 2109 ‚
1971 2064 2200 2109 austeritate,

59 2114 246 2153 tumulum
266 2112 390 2150 Acidis
408 2112 457 2150 est
469 2114 701 2163 Epigramma
721 2115 887 2153 Pentadii
906 2116 1001 2154 inter
1021 2116 1092 2155 Ca-
1144 2112 1311 2163 praefidio
1326 2141 1336 2158 ,
1365 2114 1483 2163 copiis,
1511 2119 1549 2151 T.
1570 2115 1715 2151 Annius
1741 2125 1785 2154 (9³
1812 2120 1852 2151 P.
1874 2114 2010 2151 sextius
2032 2114 2204 2164 praesenti

59 2164 191 2203 taleita
216 2162 362 2202 Pithoei
386 2173 466 2211 pag.
486 2163 546 2212 38.
571 2164 617 2204 de
635 2165 769 2206 Fluvio
790 2166 863 2205 Aci
877 2166 966 2207 vide
988 2167 1099 2206 Cluv.

60 2213 143 2254 Ital.
161 2216 249 2253 Ant.
270 2213 331 2251 lib.
351 2225 378 2250 1.
405 2224 480 2261 cap.
492 2213 528 2251 8.

110 2275 196 2314 750.
223 2262 457 2314 Nymphaque
474 2264 700 2317 Simethide,]
730 2267 873 2312 Scribe,
900 2267 1100 2317 Symaethi-

59 2315 110 2354 de.
136 2318 187 2355 ita
206 2314 302 2364 apud
324 2313 520 2363 Virgilium
543 2315 581 2352 in
599 2316 709 2366 longe
730 2320 967 2358 vetustiffimo
992 2319 1095 2357 codi-

58 2378 100 2405 ce
126 2367 188 2405 lib.
213 2378 267 2404 1x.
296 2364 377 2414 584.
404 2364 605 2413 Symaethia
628 2366 756 2404 circum
781 2369 947 2409 Flumina
965 2369 1095 2409 scribe-

53 2417 170 2457 batur.
195 2427 318 2467 neque
337 2415 438 2454 aliter
456 2414 655 2465 legendum
674 2417 765 2456 Fast.
784 2431 840 2458 ιν.
866 2431 951 2467 472.

105 2498 256 2547 Qaque
275 2493 496 2544 Symaetheas
513 2493 635 2544 accipit
655 2507 780 2544 aequor
798 2509 920 2548 aquas.

0 2578 1 2606 ι
58 2569 96 2607 δε
124 2568 200 2606 hoc
224 2568 318 2607 libro
338 2568 455 2611 infra,
482 2565 701 2616 Symaethius
719 2566 825 2608 heros.
851 2567 948 2619 apud
968 2568 1100 2609 Silium

57 2619 116 2658 lib.
137 2630 191 2657 ix.
209 2630 296 2665 410.
322 2620 359 2657 in
382 2619 533 2667 optimis
552 2617 796 2657 membranis:

107 2700 227 2734 Arma
237 2696 336 2744 fuere
358 2695 456 2734 decus
471 2694 597 2734 vib‘lori
618 2694 702 2734 bina
722 2695 916 2745 Symaetho.

4 2782 5 2798 ¹
59 2768 223 2816 Σύμαιθος
242 2772 389 2810 Graecis
408 2771 468 2809 est.
495 2771 544 2810 ita
563 2771 805 2822 Thucydides
817 2800 827 2817 ,
848 2771 1103 2820 Scylax‚stra-'

4 2829 7 2857 a
61 2818 132 2866 b0,
158 2821 393 2868 Athenaeus,
423 2824 494 2861 alii.
522 2822 618 2871 apud
637 2822 816 2880 quosdam
838 2831 962 2861 tamen
983 2826 1101 2868 Σύμη-

64 2870 123 2912 θῡς.
148 2883 239 2910 mox
250 2872 351 2919 nulla
361 2886 438 2910 cum
447 2871 521 2920 fine
533 2873 567 2911 S.
577 2873 715 2914 Marci.
740 2885 807 2921 pro
818 2873 924 2911 nullo.
952 2873 1100 2911 Hssms.

63 2918 161 2959 Vide
187 2922 349 2961 Cluverii
370 2923 527 2961 Siciliam
545 2922 778 2974 Antiq.libro
802 2937 828 2962 1.
849 2935 928 2972 cap.
953 2935 1009 2961 ιο.
1036 2924 1099 2962 ubi

62 2968 107 3008 de
133 2971 306 3016 flumine;
335 2981 371 3011 at
393 2973 438 3012 de
455 2974 595 3022 oppido
609 2974 670 3013 lib.
692 2987 738 3012 η’.
766 2985 843 3023 cap.
858 2974 893 3012 8.
918 2974 1019 3012 hunc
1035 2986 1102 3011 ve-

62 3030 103 3059 ro
127 3022 256 3063 Ovidii
276 3024 418 3062 versum
439 3025 641 3062 aemulatur
656 3025 787 3063 Statius
806 3037 860 3063 rx.
876 3024 1000 3064 Theb.
1015 3036 1100 3074 319.

63 3073 242 3112 Gaudebat
262 3080 381 3111 Fauno
400 3072 617 3124 nymphaque
640 3075 806 3122 Ismenide
825 3085 942 3113 natus.

73 3171 78 3174 ³
113 3132 196 3171 752.
222 3130 282 3162 Me
301 3122 369 3174 fibi
400 3124 610 3174 junxerat.]
659 3130 698 3161 Se
723 3123 812 3160 mihi
832 3126 1003 3173 junxerat
1028 3133 1100 3166 tres

61 3169 151 3210 libri.
178 3175 278 3222 quod
297 3176 409 3224 magis
429 3173 571 3212 arridet.
597 3182 641 3212 ut
658 3174 771 3211 solam
793 3174 982 3214 Galateam
997 3189 1099 3215 arna·

60 3223 161 3260 verit.
186 3224 234 3262 ita
252 3225 313 3263 lib.
334 3238 396 3263 xv.
416 3237 500 3275 332.
527 3223 649 3275 Spretis
675 3234 795 3262 tamen
813 3224 970 3262 omnibus
988 3240 1097 3264 unam

59 3269 116 3309 ille
125 3273 223 3318 fovet
241 3276 440 3325 nympham.

114 3332 196 3373 753.
221 3326 408 3367 Naulibus
426 3324 553 3378 aelia]
580 3324 776 3377 Naulibus
804 3322 1101 3379 auHusBafil.pr.

1152 2164 1192 2201 in
1219 2177 1272 2201 me
1300 2163 1537 2202 benevolentia
1564 2176 1608 2204 (9³
1638 2164 1761 2201 divino
1773 2163 1888 2211 studio
1910 2163 2124 2211 exstiterunt.
2150 2166 2208 2202 ita

1151 2215 1227 2253 illic
1243 2215 1412 2260 meliores
1427 2215 1665 2253 membranae
1678 2242 1688 2259 ,
1716 2226 1792 2252 non
1808 2214 2009 2264 praestanti.
2030 2214 2201 2262 apudJu-

1153 2266 1274 2305 venal.
1295 2277 1448 2316 quoque
1468 2266 1585 2315 Satyr.
1608 2278 1671 2304 111.
1696 2265 1752 2303 18.
1778 2264 2011 2302 scribendum
2033 2265 2198 2304 videtur:

1502 2341 1636 2382 quanto
1652 2331 1863 2380 praesentius
1882 2330 1957 2379 esset
1971 2358 1983 2375 ,

1204 2387 1346 2420 Numen
1366 2395 1477 2432 aquae
1490 2411 1500 2427 ,
1526 2382 1638 2419 viridi
1649 2380 1684 2431 fi
1704 2381 1859 2430 margine
1878 2380 2028 2418 eluderet
2040 2381 2156 2419 undas

1201 2432 1315 2469 Herba
1329 2460 1339 2478 ,
1368 2447 1426 2470 nec
1435 2434 1620 2482 ingenuum
1632 2432 1804 2470 violarent
1816 2443 1995 2469 marmora
2005 2433 2158 2482 tophum.

1153 2494 1297 2533 Hssms.
1328 2497 1518 2535 Confundi
1536 2498 1627 2535 haec
1647 2496 1827 2535 vocabula
1847 2495 2006 2535 vidimus
2028 2495 2140 2534 etiam
2153 2493 2201 2534 ad

1155 2546 1308 2593 QuinCt.
1328 2560 1373 2585 11.
1394 2548 1438 2586 de
1463 2548 1546 2586 Inst.
1569 2549 1676 2586 Orat.
1702 2558 1760 2596 13.
1778 2547 1816 2584 ὃ(
1838 2546 1934 2584 alibi.

1208 2596 1291 2644 758.
1318 2604 1389 2634 Par
1404 2597 1632 2647 utrumque.]
1660 2598 1844 2648 Utrimque
1863 2597 1970 2646 prim.
1989 2596 2138 2636 Bonon.
2159 2597 2199 2635 8³

1155 2657 1248 2686 unus
1266 2659 1383 2687 meus.
1412 2649 1501 2687 Stat.
1522 2649 1645 2688 Theb.
1667 2661 1703 2686 x.

1379 2717 1453 2750 Par
1471 2713 1649 2763 utrimque
1667 2710 1770 2750 dolor.
1800 2711 1951 2749 Hzms.

1209 2766 1292 2820 ⁸759.
1319 2773 1376 2819 Est
1399 2773 1543 2824 Venus.]
1574 2778 1631 2810 En
1650 2779 1761 2811 Venus
1781 2772 1883 2812 Bafil.
1901 2784 1946 2813 εν
1968 2773 2121 2823 Argent-

1207 2826 1291 2869 750.
1335 2825 1533 2861 Horrendus
1571 2822 1715 2874 filvis.]
1781 2824 1980 2862 Horrendus
2023 2823 2197 2874 Nymphis

1154 2873 1284 2922 fragm.
1308 2874 1448 2912 Moreti
1467 2876 1505 2912 &
1524 2883 1641 2923 quart.
1657 2873 1769 2912 Palat.
2162 2875 2165 2879 ”

1207 2925 1291 2968 761.
1319 2924 1444 2973 Magni
1473 2938 1551 2961 cum
1570 2923 1679 2974 Dis]
1708 2925 1849 2974 Magnis
1869 2924 2022 2962 Cant-ab.
2044 2924 2081 2961 δί
2104 2933 2198 2959 unus

1157 2974 1312 3012 Heinfii.
1340 2975 1444 3024 quod
1473 2987 1550 3013 non
1581 2984 1723 3013 temere
1753 2972 2030 3023 repudiandum.
2069 2971 2201 3019 Magni

1155 3026 1255 3063 enim
1281 3022 1425 3074 proprie
1445 3025 1509 3062 Dii
1529 3027 1567 3064 ὃς
1588 3025 1788 3076 Consentes,
1817 3023 1950 3081 quibus³
1958 3022 2038 3060 solis
2060 3021 2198 3069 Olym-

1155 3087 1245 3123 pum
1266 3076 1429 3114 habitare
1457 3076 1583 3114 datum
1614 3084 1700 3113 erat.
1726 3074 1824 3112 unde
1846 3075 1883 3112 ὃς
1906 3074 2094 3113 Omiseram
2120 3072 2199 3109 Ae-

1152 3126 1238 3166 lian.
1257 3138 1294 3165 v.
1316 3127 1460 3165 12.·ubi
1480 3126 1567 3163 vide
1590 3132 1914 3163 commentatores.
1938 3123 2069 3159 Euam.

1207 3177 1289 3223 762.
1322 3176 1500 3225 Nostrique
1531 3176 1686 3225 cupidine
1705 3173 1863 3223 captus.]
1895 3173 2086 3221 validaque
2106 3169 2200 3220 cupi-

1154 3227 1234 3263 dine
1265 3226 1426 3264 Florent.
1457 3227 1494 3262 &
1515 3234 1597 3263 tert.
1615 3225 1762 3262 Botion.
1783 3223 1931 3272 quidam
1957 3224 2067 3260 etiam
2083 3249 2093 3265 ‚
2119 3229 2201 3270 rap-

1156 3288 1233 3320 sus,
1261 3276 1319 3313 alii
1342 3279 1479 3321 taetus,
1507 3286 1602 3324 quae
1622 3275 1804 3312 sollemnis
1823 3273 1872 3310 est
1893 3273 2041 3311 istorum
2064 3271 2201 3310 verbo-

1155 3338 1238 3366 rum
1259 3325 1427 3365 confusio
1441 3353 1453 3373 ‚
1482 3332 1522 3365 ut
1537 3326 1616 3376 jam
1637 3325 1741 3375 saepe
1759 3323 1932 3364 vidimus.
2016 3372 2062 3410 66
2106 3370 2136 3420 3

1991 3383 2036 3421 γ’
2068 3390 2078 3410 a
2139 3384 2201 3410 am
