2483 3616
313 146 1548 221 METAMORPHOSEON
1620 147 1761 205 Lm.
1834 152 1937 210 VI:

2078 155 2185 225 5³8)

205 288 298 337 115
336 266 427 322 Te
451 273 665 335 quoque
693 263 959 309 mutatum
986 264 1174 314 torv0‚
1214 251 1495 322 Neptune,
1529 248 1762 320 juvenco

344 335 568 405 Virgine
594 329 650 383 in
677 326 873 382 Aeolia
897 325 1089 398 posuit.
1127 338 1186 379 tu
1212 324 1347 378 visus
1375 322 1612 394 Enipeus

338 404 528 478 Gignis
557 400 807 461 Aloida8‚
849 400 980 454 aries
1014 396 1263 452 Bisaltida
1288 396 1432 450 fallis.

336 481 409 537 Et
433 490 515 541 te,
551 474 686 530 flava
712 489 920 538 comaS,
955 471 1171 545 frugum
1197 467 1464 526 mitiffima
1489 467 1700 535 Mater,

48 689 168 733 diceo,
186 685 310 736 igneus.
334 681 548 719 Hmnsms.
581 675 686 714 ita&
705 675 853 713 Douza.
870 672 944 712 vid.
954 671 1083 711 Heins-

51 740 95 778 ad
123 736 290 777 Prudent.
321 732 490 770 Cathem.
521 728 641 777 Hym.
670 739 706 764 x.
736 737 794 776 37.
846 725 956 782 Hanc
977 723 1081 761 fabu-

45 791 117 829 lam
153 789 191 826 &
218 786 278 824 lib.
304 796 376 821 vu.
400 781 484 819 616.
510 779 641 828 repetit
661 805 672 822 ‚
700 777 739 815 &
762 775 941 824 Apulejus
960 773 1079 829 modo

46 842 168 878 citatus
190 836 234 875 ad
257 846 338 873 eam
359 830 497 871 alludit.
554 829 723 867 Lutatius
742 838 832 865 vero
850 826 896 863 ad
916 825 1002 863 Stat.
1017 824 1079 862 lib.

21 888 22 895 ’
42 902 112 929 vn.
130 900 209 934 424·
257 886 391 933 jovem
420 883 457 921 in
480 881 658 931 Aquilam
680 885 864 934 mutatum
888 876 1073 923 Aeginam

20 934 23 990 Ι
41 937 175 978 vitiasse
192 937 323 980 tradit,
346 946 431 972 cum
454 944 531 981 quo
561 932 600 969 &
620 931 779 968 Nonnus
797 926 939 966 videtur
958 925 1077 963 facere

47 990 106 1029 lib.
123 1000 228 1028 xxtv.
254 998 335 1036 pag.
348 985 432 1033 625.
458 983 718 1021 Buamannus.

96 1063 176 1097 114.
213 1049 336 1087 Varius
363 1045 511 1084 Deolida
524 1041 703 1095 serpena]
739 1040 797 1078 Sic
823 1037 974 1088 quidem
987 1036 1077 1094 legi7

41 1109 121 1146 tur,
147 1103 185 1139 δε
207 1111 278 1150 ego
304 1101 400 1137 hanc
427 1097 517 1134 olim
549 1094 689 1132 secutus
706 1090 928 1132 lectionem,
953 1096 993 1124 ut
1011 1099 1076 1144 qui

40 1153 145 1191 aliam
164 1163 242 1189 non
267 1150 448 1191 videram,
461 1145 610 1194 exposui
630 1141 776 1180 Deolida
794 1139 1076 1194 nympham-vr-

39 1202 112 1241 deri
132 1200 256 1246 fuisse,
284 1211 378 1250 quae
400 1211 419 1236 a
442 1198 537 1245 Jove
556 1196 593 1233 in
613 1194 814 1242 serpentem
833 1189 929 1227 versa
949 1197 1075 1227 vitiata

39 1253 90 1291 fit.
117 1264 231 1302 nuper
255 1263 344 1289 vero
374 1250 412 1287 in
441 1245 582 1285 vetusto
613 1241 809 1290 exemplari
829 1239 1069 1277 animadverti

35 1304 169 1340 Deoida
200 1301 274 1340 fine
303 1301 417 1338 littera
446 1297 470 1335 ι’.
491 1293 655 1343 castigate
682 1293 852 1340 scriptum
871 1289 954 1328 effe.
981 1301 1068 1328 nam

35 1353 138 1390 Deois
156 1352 363 1399 Proserpina
393 1347 442 1385 est
477 1346 618 1383 Cereris
639 1343 708 1381 filia
723 1370 735 1388 ‚
761 1353 856 1398 qua-e
878 1343 955 1382 Δηὼ
975 1353 1070 1390 quo-

34 1414 107 1453 que
135 1415 154 1440 a
172 1402 318 1439 Graecis
328 1399 538 1437 nominatur
550 1394 669 1440 ,unde
682 1394 931 1430 foemininum
949 1401 1072 1440 patro·

35 1454 213 1492 nimicum
247 1450 346 1487 Deois
373 1448 585 1486 declinatur.
621 1445 731 1482 Ceres
754 1452 878 1481 autem
909 1445 986 1483 Δηὼ
1008 1454 1072 1491 ap-

34 1504 160 1553 pellata
170 1503 252 1546 fuit,
264 1510 304 1539 ut
319 1499 436 1549 graeci
447 1497 593 1536 tradunt
607 1524 616 1539 ‚
629 1497 725 1540 παρὰ
738 1496 779 1530 τὸ
799 1494 876 1535 Δήω
890 1521 899 1538 ,
917 1493 1018 1550 quod
1030 1492 1072 1530 fi-

34 1554 177 1603 gnificat
188 1549 526 1600 invenio.quoniam
539 1548 638 1585 enim
652 1546 762 1583 Ceres
773 1556 948 1594 quaerens
960 1543 1071 1582 filiam

20 1605 132 1642 'varia
140 1604 221 1641 loca
234 1602 417 1645 circuibat,
428 1610 559 1638 omnes
574 1597 728 1635 beneilli
749 1596 956 1633 ominantes
974 1595 1074 1632 dice-

20 1646 21 1678 Ῑ
41 1654 149 1699 bant,
177 1652 289 1698 δήεις,
315 1653 390 1690 hoc
407 1651 455 1689 est
475 1649 653 1688 invenies.
678 1647 765 1684 hinc
788 1646 925 1683 factum
946 1645 994 1683 est
1009 1654 1072 1690 ,ut

20 1702 21 1742 ἔ
40 1707 116 1744 Ana
135 1712 335 1742 vocaretur.
361 1702 529 1752 quamvis
550 1699 638 1737 aliae
649 1709 800 1748 quoque
821 1697 927 1746 hujus
946 1698 1072 1735 nomi-

20 1751 21 1797 ]
39 1755 90 1792 nis
109 1755 263 1804 origines
285 1755 442 1791 ferantur
457 1780 467 1797 ,
495 1762 589 1800 quae
609 1749 794 1787 brevitatis
815 1747 929 1785 cauffa
941 1747 1071 1785 viden-

38 1813 94 1843 tur
111 1803 459 1853 praetermittendae.
499 1802 634 1849 Jovem
661 1807 783 1837 autern
805 1799 843 1836 in
871 1798 1070 1836 draconem

41 1856 178 1894 versum
201 1867 283 1893 cum
295 1854 505 1902 Proserpina
518 1848 795 1889 concubuissein
816 1849 892 1886 11.1.
912 1849 957 1886 de
971 1849 1075 1886 Prae-

42 1907 223 1954 paratione
246 1904 465 1954 Evangelica
493 1902 638 1941 testatur
667 1901 838 1938 Eusebius
857 1928 868 1944 ‚
906 1911 991 1937 cum
1020 1901 1076 1937 in-

40 1957 117 2006 quit
131 1985 140 2000 ‚
168 1965 207 1994 ut
223 1968 351 1995 eorum
372 1955 486 1992 verbis
501 1982 511 1999 ‚
538 1954 599 2002 qui
629 1953 665 1989 in
686 1951 839 1989 latinum
862 1959 1070 1995 verterunt,

37 2016 113 2044 utar
143 2020 152 2044 z
203 2012 299 2043 Ceres
322 2006 444 2055 peperit
465 2033 475 2049 ‚
513 2005 679 2041 educatur
708 2001 823 2052 puella
846 2029 855 2045 ,
893 2001 1072 2050 Persepho-

39 2069 105 2093 nen
137 2057 293 2093 nonnulli
328 2055 498 2105 appellant
521 2083 531 2098 ,
568 2054 621 2091 eui
649 2053 814 2102 Jupiter,
852 2052 913 2100 qui
928 2052 1071 2099 genuit,

40 2106 138 2142 draco
163 2107 281 2152 fastus
319 2107 542 2154 conjungitur.
588 2104 677 2141 unde
713 2104 750 2140 in
781 2104 959 2151 sszcrorum
996 2116 1073 2151 my-

20 2158 21 2206 }
32 2156 144 2203 storiis
166 2162 277 2193 Draco
295 2156 331 2193 in
351 2157 482 2204 spiram
503 2155 703 2192 convolutus
731 2154 777 2190 ad
797 2155 976 2200 saelorum
1003 2167 1074 2189 me-

20 2206 189 2252 moriam
211 2235 221 2250 ,
258 2219 297 2242 ac
319 2207 428 2255 potius
455 2206 492 2243 in
519 2205 743 2252 testimonium
771 2214 896 2241 tantae
923 2204 1074 2252 turpitu-

38 2256 131 2293 dinis
150 2256 343 2293 adhibetur.
369 2257 458 2294 haec
478 2257 655 2294 Eusebius.
684 2267 728 2293 ex
744 2255 874 2305 quibus
904 2254 1075 2303 apertiffi-

20 2319 101 2352 ¹me
128 2306 306 2355 colligitur
333 2306 577 2354 Proserpinam
598 2334 609 2351 ,
647 2307 786 2344 Cereris
824 2308 861 2342 ὅ(
892 2306 993 2352 Jovis
1031 2305 1074 2342 fi-

20 2364 21 2378 *
40 2357 125 2394 liam
139 2385 150 2401 ,
177 2369 288 2406 quam
309 2357 464 2394 Ovidius
486 2357 613 2393 Deoida
632 2365 764 2401 vocat,
792 2356 835 2392 ab
856 2356 949 2403 Jove
972 2355 1071 2404 ipso,

20 2407 74 2444 lin
101 2407 301 2455 serpentem
337 2415 504 2451 mutato,
532 2404 632 2444 fuiffe
652 2408 826 2443 vitiatam.
855 2418 965 2455 quare
992 2419 1071 2444 non

20 2495 21 2498 ,
42 2457 184 2494 Deolida
199 2485 208 2500 ‚
235 2467 275 2495 ut
297 2458 344 2494 est
364 2458 438 2494 fere
460 2458 497 2494 in
515 2457 778 2505 exemplaribus
804 2456 1041 2505 depravatum
1056 2484 1068 2502 ,

20 2527 21 2543 l
42 2507 98 2546 sed
115 2507 245 2544 Deoida
262 2508 513 2545 contenderim
548 2506 617 2544 effe
639 2506 849 2555 legendum.
901 2507 1071 2545 Remus.

20 2590 21 2594 ,
45 2556 90 2594 Et
109 2570 152 2595 ex
171 2559 312 2596 vetusto
340 2558 537 2606 exemplari
559 2559 597 2595 δε
617 2569 661 2595 ex
682 2556 842 2594 secundo
863 2556 1006 2594 Eusebii
1027 2557 1074 2596 de

20 2610 21 2621 ¹
41 2606 311 2657 Praeparatione
333 2609 552 2656 Euangelica
568 2608 627 2645 lib.
645 2605 770 2645 asserui
788 2607 921 2644 Deoida
949 2607 1029 2645 elisa
1048 2608 1072 2647 l.

19 2656 137 2696 litera
166 2657 234 2696 effe
271 2658 510 2696 scribendum.
563 2660 687 2706 Quam
719 2658 1029 2699 emendationem
1049 2657 1071 2697 a

44 2706 156 2746 doetis
176 2708 258 2746 viris
285 2710 322 2747 in
357 2709 424 2746 suis
457 2708 625 2758 operibus
642 2708 832 2757 approbari
850 2708 909 2745 vel
937 2720 1069 2748 eorum

43 2757 274 2807 scriptorum,
301 2759 364 2808 qui
382 2759 561 2809 nusquam
582 2758 819 2796 inveniuntur
838 2786 849 2803 ‚
874 2758 1070 2797 auftorita-

43 2815 79 2845 te
97 2820 210 2857 nuper
228 2809 478 2847 animadverti.
490 2810 606 2847 IDEM.
635 2809 674 2846 In
694 2810 767 2846 aliis
785 2809 896 2852 libris,
908 2809 1070 2854 Deolida,

46 2859 85 2894 δί
111 2859 346 2907 conjunaeftio,
374 2873 459 2910 que,
495 2861 571 2908 post
591 2860 713 2897 varius
742 2859 830 2896 falso
862 2860 1067 2908 legebatur:

41 2918 152 2956 quem
167 2909 291 2947 locum
306 2911 420 2958 Raph.
437 2910 534 2948 reite
551 2910 774 2948 emendavit.
794 2918 829 2947 at
847 2909 1070 2957 praeceden-

45 2964 121 2994 tem
141 2959 178 2996 in
198 2959 274 3007 ipso
307 2961 464 2998 carmine
489 2961 646 2998 fabulam
659 2988 669 3003 ‚
696 2969 873 3009 tanquam
893 2959 934 2996 sit
953 2967 1059 3005 nota,

44 3006 174 3061 tranfit.
197 3010 308 3047 rursus
325 3010 455 3048 deinde
470 3011 579 3049 tertio
598 3011 758 3048 carmine
778 3009 823 3048 de
842 3009 975 3048 Aeolia
998 3012 1069 3048 vir-

45 3066 129 3111 gine
145 3057 272 3096 fatetur
296 3060 440 3104 se14nihil
457 3059 588 3110 legifl‘e.
616 3061 730 3099 rursus
748 3060 973 3099 duodecimo
994 3072 1070 3099 car-

46 3117 148 3160 mine
164 3106 206 3143 de
226 3108 547 3158 Erigonefabulam
564 3111 724 3149 transilit.
750 3123 820 3160 ego
832 3112 982 3160 ingenui
994 3113 1072 3150 ani—

48 3166 102 3191 mi
121 3152 189 3211 effe
210 3166 297 3213 pum
310 3187 320 3203 ,
347 3162 487 3209 quoties
506 3161 595 3211 quid
615 3164 758 3209 ignores
771 3190 780 3205 ,
808 3161 941 3199 audere
959 3162 1070 3200 libere

48 3205 173 3259 satem,
208 3208 325 3261 timidi
343 3218 462 3249 autem
491 3213 536 3250 &.
560 3212 691 3261 abjeffi
713 3211 868 3249 simulari
881 3212 970 3248 nihil
987 3224 1066 3250 non

47 3253 144 3293 scire.
168 3267 246 3306 quis
264 3259 360 3297 enim
390 3260 437 3298 est
454 3263 516 3311 qui
540 3264 667 3301 omnia
685 3260 801 3310 legit?
829 3270 891 3299 aut
911 3262 990 3311 quis
1003 3263 1067 3308 est,

2021 540 2186 598 Senfit

1137 672 1203 722 qui
1214 671 1506 720 omnium,quae
1523 669 1665 718 legerit,
1679 667 2014 718 meminit?itaque
2034 669 2083 708 sat
2107 672 2178 709 mi-

1136 723 1175 761 hi
1204 722 1246 759 fit
1267 748 1277 766 ,
1304 722 1343 759 in
1376 722 1462 759 loco
1490 720 1669 759 ieecorem
1701 717 1931 758 admonuisse
1955 747 1966 763 ,
1995 720 2183 760 Ovidium

1136 773 1268 811 multas
1285 772 1414 810 leviter
1431 769 1582 821 attigifi'e
1601 771 1735 809 fabulas
1760 799 1771 815 ‚
1796 770 1856 808 vel
1885 769 1988 818 quod
2007 772 2183 810 omnibus

1136 823 1249 861 effent
1267 835 1403 869 notae,
1432 823 1492 861 vel
1513 822 1598 872 quia
1623 822 1817 867 obscurae,
1844 832 1914 858 nec
1944 822 2047 859 certis
2074 822 2185 862 tradi-

1133 881 1192 911 tae
1215 873 1422 912 auetoribus
1444 901 1454 918 ,
1490 873 1636 923 qualem
1657 873 1751 910 hanc
1769 873 1815 910 de
1834 871 2084 921 Mnemosyne
2105 900 2117 917 ,
2139 885 2183 912 ac

1133 925 1225 961 item
1247 935 1329 962 eam
1353 924 1398 961 de
1419 925 1581 973 Erigone
1599 922 1701 961 fuiffe
1722 931 1826 971 puto.
1851 923 1943 960 libro
1963 922 2120 971 septimo
2130 924 2177 962 de

1132 973 1300 1019 Phineo,
1327 975 1503 1023 Peripha,
1532 986 1574 1011 ae
1597 975 1885 1022 Polyphemonis
1906 981 2029 1021 nepte.
2069 975 2176 1011 Gra*

1134 1037 1303 1073 atauus.
1331 1024 1385 1061 Ex
1406 1026 1479 1062 hoc
1494 1033 1616 1062 autem
1638 1025 1838 1062 concubitu
1858 1023 2035 1061 Liberum
2052 1034 2181 1063 natum

1131 1076 1263 1113 volunt
1275 1075 1368 1112 tauri
1386 1074 1503 1123 specie
1516 1103 1526 1118 ‚
1556 1073 1653 1112 unde
1672 1075 1942 1113 etiamtaurusa
1954 1076 2175 1124 Lycophro-

1130 1137 1178 1163 ne
1196 1134 1351 1164 vocatur
1368 1125 1580 1174 Dionysius.
1607 1125 1784 1163 Micrtt.
1822 1125 1923 1163 Vide
1939 1124 1984 1163 ad
2003 1125 2064 1164 lib.
2077 1137 2136 1164 vn
2147 1137 2176 1166 1.

1132 1177 1217 1226 758.
1252 1177 1291 1214 &
1322 1176 1477 1214 Parthas.
1505 1176 1550 1214 ad
1572 1175 1702 1214 Claud.
1727 1189 1755 1214 1.
1776 1184 1864 1225 rapt.
1884 1177 1937 1213 16.

1182 1253 1260 1290 115.
1288 1247 1334 1278 Te
1353 1254 1483 1292 quoque
1503 1240 1722 1290 mutatum]
1779 1242 1944 1289 Neptuni
1974 1242 2087 1279 varias
2107 1241 2173 1280 de·-

1123 1292 1243 1330 scribit
1263 1292 1606 1341 transfigurationes.
1636 1303 1723 1328 nam
1746 1291 1865 1329 modo
1889 1293 1926 1329 in
1944 1292 2148 1341 juvencum
2166 1321 2177 1338 ‚

1126 1343 1243 1381 modo
1273 1343 1310 1380 in
1338 1343 1521 1392 Enipeum
1552 1342 1706 1379 fiuvium
1731 1370 1741 1387 ‚
1780 1342 1897 1379 modo
1930 1344 1966 1380 in
1999 1344 2177 1388 arietem,

1126 1393 1245 1431 modo
1264 1394 1301 1430 in
1321 1405 1484 1442 equum,
1511 1393 1628 1430 modo
1661 1394 1698 1430 in
1731 1393 1942 1441 delphinem
1975 1394 2169 1432 conversus

1126 1442 1230 1482 fuisse
1259 1454 1432 1482 narratur.
1483 1444 1600 1481 Aeolis
1630 1444 1740 1481 Aeoli
1763 1443 1950 1493 filia.quae
1970 1455 2060 1481 vero
2081 1445 2174 1482 haec

1130 1495 1264 1532 Aeolia
1287 1496 1391 1544 virgo
1412 1496 1543 1538 fuerit,
1572 1506 1648 1532 non
1671 1495 1826 1532 memini
1851 1507 1911 1531 me
1934 1494 2065 1543 legisse.
2095 1496 2172 1532 RF.-

1132 1557 1239 1583 GIUS.
1299 1546 1412 1594 Apud
1445 1545 1656 1583 Diodorum
1688 1546 1849 1582 Siculum
1869 1545 1928 1583 lib.
1950 1558 1985 1582 v.
2010 1547 2047 1582 in
2074 1546 2174 1584 hunc

1129 1596 1451 1645 modumlegitur:
1483 1595 1604 1644 Priscis
1614 1596 1814 1645 temporibus
1838 1609 1914 1632 cum
1932 1610 1973 1632 ex
1982 1595 2070 1643 filiis
2081 1600 2172 1633 Aeo-

1127 1647 1154 1684 li
1172 1675 1181 1692 ‚
1209 1648 1270 1698 qui
1298 1648 1377 1694 fuit
1408 1646 1560 1684 Hellenis
1591 1661 1632 1683 ex
1660 1646 1866 1682 Deucalione
1895 1647 1972 1683 nati
1989 1674 1999 1690 ,
2041 1647 2174 1690 ceteri,

1128 1712 1215 1748 quae
1234 1698 1326 1734 dista
1338 1699 1427 1747 fiant
1446 1697 1517 1733 loca
1541 1725 1551 1741 ‚
1604 1697 1805 1740 habita-rent
1819 1725 1828 1741 ‚
1858 1698 1953 1745 solus
1975 1696 2110 1733 Mimas
2135 1698 2174 1734 it:

1128 1749 1273 1785 Aeolide
1306 1748 1478 1796 regnavit.
1520 1749 1590 1796 ejus
1613 1747 1711 1794 filius
1741 1748 1893 1796 Hippotes
1915 1761 1956 1784 ex
1980 1747 2172 1797 Menalippe

1132 1800 1282 1836 Aeolum
1300 1799 1431 1847 genuit.
1459 1798 1563 1847 hujus
1583 1803 1710 1834 Arnen
1723 1797 1841 1844 filiam
1865 1804 2043 1847 Neptunus
2056 1812 2174 1846 cogno-

1131 1851 1200 1887 vit.
1228 1862 1296 1900 qua
1316 1850 1355 1885 de
1375 1864 1408 1886 re
1429 1849 1632 1897 indignatus
1642 1858 1756 1897 pater,
1770 1850 1980 1898 Metapontio
1998 1849 2188 1894 advenae...

1132 1901 1192 1950 qui
1213 1912 1288 1937 tum
1301 1902 1391 1947 forte
1411 1900 1625 1944 advenerat,
1653 1913 1687 1935 eo
1711 1901 1807 1948 pasto
1830 1905 1956 1935 Arnen
1986 1899 2104 1943 dedit,
2132 1910 2173 1936 ut

1131 1953 1159 1987 is
1181 1951 1243 1987 illa
1262 1957 1503 1999 Metapontum
1535 1949 1714 1986 abduceret
1729 1978 1739 1994 ‚
1774 1949 1834 1986 ubi
1860 1950 1965 1999 postea
1987 1950 2173 1997 duosfilios

1120 2003 1247 2050 peperit
1264 2029 1274 2046 ,
1302 2001 1451 2037 Aeolum
1467 2029 1476 2045 ,
1505 2013 1548 2040 cy
1570 2007 1730 2043 Rectum,
1757 2013 1902 2050 quorum
1925 2001 2051 2037 Aeolus
2064 2001 2172 2050 postea

1127 2053 1175 2088 ad
1194 2051 1325 2101 insulas
1347 2051 1515 2100 Tyrrheni
1543 2051 1651 2087 maris
1672 2051 1795 2095 venit,·
1821 2052 1941 2099 easque
1969 2050 2009 2086 de
2020 2052 2059 2098 se
2080 2056 2172 2086 Aeo-

1129 2102 1195 2139 lias
1220 2103 1388 2139 vocavit:
1417 2107 1537 2138 Boetus
1565 2112 1682 2137 autem
1709 2101 1757 2137 ad
1788 2099 1939 2137 Aeolum
1968 2111 2170 2136 maternum

1128 2167 1241 2189 avum
1260 2153 1392 2189 rediens
1407 2181 1415 2197 ‚
1439 2152 1482 2188 ah
1504 2163 1584 2188 eout
1597 2151 1695 2198 filius
1712 2152 1873 2188 educatus
1886 2150 1959 2194 fuit
1973 2151 2169 2199 ,patriam-

1130 2218 1194 2255 que
1211 2218 1251 2240 ex
1269 2204 1405 2240 nemine
1423 2204 1547 2241 matris
1558 2206 1682 2238 Arnen
1695 2202 1849 2239 vocavit.
1874 2201 1963 2238 haec
1986 2204 2060 2238 tere
2070 2202 2169 2238 Dio-

1131 2255 1252 2292 dorus.
1279 2255 1408 2304 quibus
1427 2255 1485 2291 alii
1507 2254 1683 2302 adjiciunt
1708 2255 1832 2289 Arnen
1861 2263 1943 2288 cum
1970 2253 2168 2299 Metapon-

1130 2313 1210 2344 tum
1235 2304 1408 2349 veniffet‚
1437 2306 1473 2342 in
1497 2304 1631 2342 stabulo
1653 2305 1746 2340 inter
1766 2304 1879 2340 boves
1902 2302 2047 2339 enivxam
2081 2300 2182 2343 ess'e..

1130 2368 1288 2406 eamque
1310 2368 1388 2393 rem
1411 2356 1551 2393 fabulae
1573 2356 1697 2391 locum
1718 2350 1851 2390 dediffe
1871 2380 1881 2397 ,
1908 2361 1947 2389 ut
1970 2354 2165 2401 Neptunus

1127 2409 1219 2445 tauri
1238 2407 1356 2455 specie
1380 2418 1464 2444 cum
1491 2406 1549 2444 illa
1568 2402 1799 2443 concubuisse
1827 2404 2016 2440 diceretur.
2045 2415 2169 2452 eoque

1126 2459 1285 2506 pertinet
1305 2485 1315 2501 ‚
1345 2459 1453 2494 etiam
1486 2456 1589 2504 quod
1618 2455 1737 2491 Varro
1763 2455 1821 2491 lib.
1842 2465 1886 2490 tt.
1919 2455 1964 2490 de
1985 2454 2039 2491 Re
2068 2454 2170 2491 Rust.

1129 2520 1205 2557 cap.
1226 2521 1258 2557 ς.
1288 2508 1334 2545 de
1360 2517 1464 2545 tauro
1492 2508 1648 2554 loquens
1667 2506 1738 2541 ait:
1759 2511 1939 2541 Praeterea
1966 2504 2057 2540 hunc
2082 2504 2185 2549 scie...

1127 2560 1206 2609 effe3
1236 2559 1274 2595 in
1301 2572 1400 2608 quem
1429 2557 1571 2605 Jupiter
1585 2553 1792 2605 potzffimum
1806 2561 1843 2603 Je
1869 2555 2058 2600 convertit,
2088 2568 2167 2591 cum

1128 2611 1324 2658 exportavit
1353 2618 1414 2657 per
1444 2620 1540 2643 mare
1569 2620 1584 2641 e
1615 2605 1777 2642 Phoenice
1804 2618 1929 2641 amans
1959 2610 2132 2655 Europam
2155 2634 2183 2651 ,Α

1127 2659 1220 2696 hunc
1236 2660 1315 2708 effe,
1337 2659 1396 2707 qui
1414 2657 1506 2703 filios
1536 2656 1688 2706 Neptuni
1716 2670 1732 2692 e
1760 2656 1955 2705 Menalippa
1974 2656 2167 2705 fhrvavit,

1128 2723 1168 2746 ne
1189 2711 1227 2747 in
1239 2710 1371 2755 stabulo
1394 2708 1547 2754 infantes
1570 2720 1654 2755 grex
1674 2706 1774 2743 boum
1795 2706 1976 2751 obtereret,
2004 2718 2075 2746 σε.
2098 2707 2166 2745 nisi

1125 2761 1227 2809 quod
1246 2761 1307 2796 hic
1329 2758 1564 2807 Menalippum
1584 2766 1695 2802 vocat
1708 2785 1718 2801 ,
1744 2769 1856 2806 quam
1877 2757 2081 2801 Diodorus,
2095 2764 2169 2794 Ar-

1127 2824 1204 2847 nen.
1233 2810 1405 2847 meminit
1435 2809 1576 2846 fabulae
1604 2809 1774 2846 nonnihil
1804 2809 1842 2845 &
1871 2807 1998 2846 Strabo
2028 2809 2087 2845 lib.
2110 2820 2165 2846 vr.

1126 2860 1302 2897 Ceterum
1326 2888 1336 2904 ,
1364 2867 1404 2897 ut
1433 2860 1508 2896 hoc
1539 2870 1693 2908 quoque
1719 2858 1894 2897 addamus
1917 2886 1926 2902 ‚
1956 2859 2164 2907 compreiiit

1124 2911 1320 2959 Neptunus
1340 2911 1378 2948 &
1392 2910 1503 2947 Aeoli
1519 2908 1629 2946 filiam
1643 2911 1826 2947 Canacen]
1847 2937 1857 2954 ,
1887 2921 1931 2947 ex
1953 2921 2024 2959 qua
2050 2910 2167 2946 Trio<-

1124 2972 1187 3008 pes
1206 2961 1274 2998 fuit
1295 2969 1423 3005 natus,
1450 2969 1551 3008 pater
1584 2960 1867 3004 ErifichthoniS,
1896 2960 1941 2997 de
1969 2970 2046 3009 quo
2075 2959 2166 2995 infra

1123 3011 1185 3049 lib.
1204 3011 1239 3048 8.
1267 3011 1421 3049 dicetur.
1446 3012 1673 3048 Mimius.
1700 3011 1767 3048 Per
1790 3012 1967 3059 virginem
1990 3008 2161 3045 Aeoliam

1126 3063 1312 3100 Canacen]
1334 3062 1443 3099 Aeoli
1465 3062 1575 3099 filiam
1607 3061 1796 3111 intelligit:
1825 3073 1935 3110 quarn
1966 3059 2026 3096 sub
2047 3056 2164 3111 Tauri

1126 3113 1247 3150 forma
1267 3114 1408 3151 vitiavit
1420 3114 1634 3161 Neptunus,
1661 3113 1749 3150 teste
1770 3112 1941 3149 Diodoro
1966 3110 2001 3144 in
2028 3117 2164 3154 primo.

1127 3162 1226 3201 unde
1254 3173 1358 3201 natus
1385 3163 1546 3212 Triopas
1570 3162 1829 3200 Erifichthonis
1855 3168 1953 3206 pater
1976 3184 1985 3200 ‚
2012 3157 2183 3211 arietore·

1127 3213 1357 3251 Callimacho
1388 3214 1576 3261 (Hymno
1610 3214 1647 3249 in
1683 3214 1804 3248 Ceret.
1829 3209 1943 3253 roo.)
1980 3207 2017 3243 δέ
2048 3206 2164 3244 Diod.

1126 3264 1166 3301 in
1212 3266 1247 3301 6.
1281 3264 1363 3312 lege
1397 3264 1554 3311 primam
1607 3261 1917 3299 collectaneorum
1951 3257 2164 3304 hecatoilyn

2089 3318 2168 3357 cap.
