2483 3616
155 166 217 220 18

621 155 682 214 P.
755 150 1176 214 OVIDII
1248 150 1784 211 NASONIS

443 261 591 322 Cum
613 264 701 321 sua
725 263 952 338 quisque
976 272 1165 332 regant
1191 258 1403 314 diverso
1428 256 1643 341 flamina
1665 259 1864 343 traffi'cm
1976 340 1979 342 -

333 342 404 397 ⁶⁰
442 339 596 469 (ἑὼ
617 331 1977 464 Ῑωὲῗῗὲἱἓὲἓιῗᾛαιξὲῗιξὲεἰᾞῖἷέοῑ(1313έὲῗὲἱῖωὲ

447 429 806 558 Pelii'iggque,
844 481 901 536 δε
925 447 1084 536 radiis
1104 479 1229 553 juga
1249 421 1459 533 subdiia
1482 422 1772 534 maigtiltinis
1835 554 1840 559 ⁸
1924 447 1944 473 ⁷

445 557 686 630 Vesper,
726 555 783 611 δε
806 553 1042 610 occiduo
1066 552 1210 628 quae*
1226 553 1382 607 litora
1409 550 1532 607 Sole
1558 552 1864 624 tepescunt,

448 629 699 685 Proxima
729 629 848 685 sunt
875 626 958 684 Ze
996 627 1162 701 hyro:
1203 624 1477 698 Scythiam
1500 624 1827 699 Septemque
1850 627 2085 686 trionem
2137 686 2140 687 s

348 706 414 774 65
453 701 712 758 Horrifer
736 701 920 757 invafit

994 719 1142 757 oreas
1161 723 1177 763 ς
1216 698 1483 753 contraria
1505 699 1660 755 tellus

454 774 701 832 Nubibus
727 775 985 839 adfiduiS‚
1021 773 1313 846 pluvioque
1338 769 1594 826 madescit
1627 771 1690 827 ab
1714 771 1930 830 AustrO.

216 992 281 1041 39.
305 995 397 1029 Cum
409 987 478 1038 sua
497 985 639 1038 quifiqtte
655 984 791 1038 regat]
817 990 925 1035 Regat
938 1012 951 1030 ‚
982 982 1022 1022 id
1041 983 1090 1022 est
1103 1011 1114 1029 ,
1151 994 1216 1022 co-

167 1042 304 1083 hibeat.
340 1042 395 1078 Ita
424 1040 461 1077 in
492 1040 611 1086 Jure:
670 1037 774 1074 Attio
808 1036 942 1085 finium
974 1035 1216 1085 regundorum.

169 1094 387 1132 Cxormus.
413 1097 542 1139 Regum
566 1100 654 1127 cum
676 1088 824 1137 optimo
845 1086 1061 1126 Florentino
1085 1087 1214 1125 &uno

170 1143 323 1183 Moreti.
353 1141 454 1179 Silius
473 1139 567 1178 libro
587 1151 661 1178 v11.
685 1138 731 1177 de
754 1138 895 1176 ventis:

222 1193 422 1242 Distraxere
434 1193 572 1240 fretum
587 1203 651 1236 ,ac
673 1189 813 1241 diversa
837 1189 885 1227 ad
907 1188 1012 1227 litora
1034 1187 1190 1226 volvunt

223 1250 366 1296 Aequor
386 1242 526 1294 quistque
537 1241 659 1291 suum.

171 1295 303 1345 virgil.
322 1295 384 1332 lib.
408 1305 459 1331 xx.
484 1305 569 1342 309.

228 1346 348 1383 Ponite
360 1345 433 1394 spes
447 1343 516 1393 sibi
537 1342 676 1395 quisiqtte
687 1343 788 1393 sitas.

176 1396 235 1435 Sic
256 1404 362 1434 vetus
383 1396 560 1443 interpres
580 1394 772 1444 Euangelii
792 1391 976 1432 Matthaei
998 1404 1076 1443 cap.
1098 1401 1218 1430 xvnx.

176 1447 219 1493 ss.
236 1459 296 1496 35.
322 1442 402 1495 Nisi
411 1445 608 1495 remiseritis
623 1445 688 1495 suo
710 1445 849 1497 quisque
863 1444 979 1494 fratri
999 1457 1041 1482 ex
1062 1443 1220 1482 cordibus

174 1498 296 1546 vestris
317 1495 428 1546 lapsus
449 1510 578 1536 eorum.
605 1495 669 1533 ἐᾶν
690 1501 739 1540 μὴ
761 1495 887 1543 ἀφῆτε
898 1495 1029 1539 ἕκαςος
1042 1497 1092 1543 τῷ
1104 1495 1219 1532 ἀδέλ-

175 1549 233 1597 φῳ
256 1549 369 1585 ἄντοῦ
392 1545 466 1584 ἀπό
488 1550 555 1584 τῶν
578 1547 722 1592 καρδιῶν
743 1548 837 1593 ὑμῶν
860 1549 909 1584 ‘ric
931 1548 1220 1592 παραπτώματος

177 1600 314 1637 ἀυτῶν.
343 1598 391 1635 Et
402 1597 505 1636 Aeris
516 1598 645 1647 Apost.
667 1608 744 1646 cap.
767 1609 813 1634 11.
834 1596 888 1640 ybs.
911 1597 947 1635 8.
984 1602 1033 1634 Et
1054 1597 1220 1648 quomodo

178 1662 240 1689 nos
271 1648 478 1688 audivimus
498 1648 726 1700 unufiquisque
759 1647 916 1697 linguam
948 1647 1110 1695 nostram.
1148 1649 1223 1685 Καὶ

179 1702 255 1742 πῶς
285 1700 385 1744 ἡμεῖς
414 1701 583 1744 ἀκούομεν
605 1699 734 1740 ἕκαςος
758 1703 801 1745 τῇ
821 1697 894 1745 ἶδιᾳ
916 1699 1098 1747 διαλέκτῳ
1123 1697 1225 1746 ὑμῶν.

180 1749 237 1789 A.
253 1750 404 1787 Gellius.
420 1748 482 1786 lib.
504 1760 569 1785 111.
591 1759 670 1796 cap.
691 1759 764 1784 vn.
792 1747 1002 1796 Fortissimus
1033 1749 1228 1801 quisqm&

174 1798 442 1851 promptissimus
469 1798 518 1835 ad
540 1797 786 1847 occursandum
814 1799 1084 1852 pugandumque
1117 1801 1157 1840 in
1177 1814 1227 1839 eos

175 1860 460 1902 praevertentur.
487 1849 635 1886 Hnms.
665 1847 739 1885 vid.
759 1848 842 1886 infr.
869 1849 950 1900 183.

201 1896 205 1904 '
288 1903 374 1950 Qa
405 1910 543 1938 centum
572 1898 712 1951 quisque
724 1899 905 1950 parabant

198 1990 202 1994 ‚
237 1953 379 2001 Injicere
401 1964 477 1993 erc.

182 2002 344 2041 Remed.
367 2014 429 2050 74.

238 2052 419 2090 Vindictae
439 2051 579 2103 quisque
592 2053 717 2100 favete
730 2051 827 2101 sitae.

184 2102 247 2150 Sic
269 2104 307 2141 ὅ(
328 2102 426 2152 apud
448 2102 637 2141 Claudian.
667 2102 727 2140 lib.
760 2115 806 2140 11.
838 2101 885 2141 de
907 2102 1027 2147 Laud.
1051 2104 1128 2144 Stil.
1151 2116 1233 2155 154.

184 2161 278 2204 puto
305 2153 591 2192 restituendum:

566 2209 615 2241 Et
635 2203 771 2241 nomine
791 2218 891 2255 quem
916 2219 957 2242 ue

244 2254 435 2304 compellas
448 2283 461 2301 ‚
486 2254 572 2294 clari
584 2254 653 2304 sub
677 2265 710 2292 te
730 2256 822 2306 quod
837 2219 967 2305 gofferit
987 2256 1072 2293 olim

244 2305 576 2353 Admonitofflfaffi.

190 2353 320 2402 Vulgo
353 2356 551 2392 admonitor
582 2354 658 2393 fine
676 2354 778 2394 sensu
811 2356 1031 2395 commodo.
1062 2358 1101 2395 in
1126 2356 1239 2395 MSS.

191 2411 269 2442 erat
290 2405 521 2443 admonitum.
544 2405 680 2444 eodem
699 2406 819 2444 modo
843 2407 968 2444 Senec.
996 2409 1131 2457 Agam.
1147 2420 1233 2455 477.

191 2453 268 2492 vid.
315 2454 361 2492 ad
409 2467 454 2492 11.
501 2456 633 2494 Amor.
682 2469 735 2494 XI.
773 2469 832 2494 21.
868 2457 1133 2496 Bmmmmus.

250 2503 310 2540 61..
337 2510 450 2542 Eurus
474 2506 522 2542 ad
545 2511 728 2544 Auroram
751 2507 1027 2559 Nabathaeaque
1059 2522 1162 2558 regna
1185 2522 1240 2545 re-

194 2552 320 2604 eeffit.]
350 2556 487 2594 Poetae
510 2566 667 2606 quatuor
697 2556 873 2595 duntaxat
903 2560 1115 2607 principales
1146 2571 1239 2596 ven-

196 2611 254 2642 tos
265 2605 470 2662 nominant.
497 2609 685 2644 Homerus
707 2606 835 2656 Odyff.
860 2608 964 2651 Eys.
980 2621 1064 2658 330.

248 2660 280 2691 A
294 2659 365 2690 λλο
381 2668 421 2691 τε
446 2658 555 2694 μέντε
568 2658 683 2696 Non-cg
697 2661 797 2700 Βορέῃ
812 2658 1038 2702 προβάλεσκε
1053 2658 1216 2703 Φέρεσθαι
1229 2685 1241 2702 ,

248 2698 406 2740 Amo-:e
429 2700 461 2741 δ’
484 2700 568 2741 ἀντ’
594 2703 694 2747 Εὖρος
717 2707 858 2751 Ζεφύρῳ
880 2707 1029 2753 εἴξασκε
1050 2707 1195 2745 διώκειν.

196 2754 372 2793 Manilius
404 2754 564 2792 similiter
595 2754 744 2793 disticho
779 2755 862 2793 sane
904 2755 1020 2806 quam
1061 2758 1243 2808 eleganter

197 2805 346 2844 eosdem
371 2804 673 2854 comprehendit:

252 2856 362 2905 Asper
383 2856 426 2892 ab
449 2870 515 2892 axe
538 2857 611 2892 ruit
633 2862 754 2893 Boreas
779 2884 789 2901 ,
807 2857 904 2906 fugit
926 2861 1041 2894 Eurus
1062 2857 1107 2894 ab
1129 2868 1218 2895 ortu.

250 2906 379 2954 Auster
400 2917 502 2944 amat
524 2907 676 2944 medium
689 2906 797 2955 solem
811 2934 822 2953 ‚
860 2906 1098 2959 Zephyrusque
1119 2908 1242 2945 cadero-

305 2968 385 2993 lem.

204 3005 323 3043 noster
343 3007 404 3044 hic
435 3009 549 3055 poeta
570 3006 684 3055 magis
707 3006 888 3055 explicato
908 3008 1079 3047 sermone
1093 3037 1103 3053 ‚
1130 3016 1241 3058 atque

209 3053 299 3092 adeo
315 3085 326 3100 ,
353 3065 394 3095 ut
414 3057 543 3094 omnia
565 3057 676 3101 solet,
702 3057 1000 3105 splendidioribus
1020 3059 1140 3109 figuris
1163 3059 1241 3096 eos-

208 3100 294 3138 dem
316 3107 487 3155 depinxit.
513 3108 766 3145 GLAREANUS.
793 3108 907 3146 Hunc
934 3107 1062 3147 locum
1083 3110 1243 3148 imitatus

210 3151 260 3206 esi
293 3152 424 3195 Seneca
448 3187 459 3203 ,
495 3159 559 3208 qui
592 3159 775 3196 maximus
808 3158 876 3196 fuit
910 3160 1038 3198 Ovidii
1069 3160 1241 3198 imitator.

212 3199 301 3248 Ejus
320 3206 426 3241 verba
443 3209 521 3246 sunt
542 3208 579 3246 in
601 3208 797 3259 Thyeste:
847 3215 961 3248 Eurus
989 3210 1038 3247 ad
1068 3211 1243 3248 Orientem

212 3262 328 3291 movet
350 3254 620 3311 Nabathaeaque
640 3261 797 3312 quatiens
820 3273 946 3311 regna,
972 3274 1016 3304 ω’
1036 3266 1118 3301 Eoos
1130 3259 1242 3311 finus.

2152 846 2314 906 Haec

1275 982 1497 1022 Cromnos.
1524 981 1651 1021 Locus
1683 982 1844 1024 Senecae
1874 984 1924 1025 est
1951 985 1990 1025 in
2020 984 2314 1036 Agamemnone]

1270 1034 1328 1078 ΞΗ,
1345 1034 1432 1084 482.
1458 1035 1498 1072 ὅ(
1517 1034 1717 1092 legendum
1732 1064 1743 1081 ,
1769 1044 1810 1075 ut
1832 1037 1950 1076 versui
1970 1037 2198 1078 consulatur:

1375 1090 1490 1124 Eurus
1510 1096 1674 1124 orientem
1694 1097 1824 1125 movet.

1322 1136 1381 1185 64.
1407 1137 1576 1174 Proxima
1587 1136 1677 1186 sunt
1698 1137 1890 1191 Zephyro]
1927 1138 2118 1190 Zephyrus
2132 1168 2144 1186 ,
2179 1140 2245 1192 qui
2276 1136 2318 1180 8?-

1269 1187 1458 1227 Favonius
1478 1187 1608 1226 dicitur
1621 1217 1633 1234 ,
1657 1188 1719 1227 flat
1739 1188 1785 1228 ab
1805 1189 1937 1229 occasu
1958 1189 2094 1229 aestivo
2108 1219 2123 1236 ,
2144 1199 2186 1229 ut
2206 1192 2320 1230 refert

1271 1238 1424 1278 Strabo:
1455 1250 1599 1278 nomen
1619 1240 1729 1279 habet
1749 1253 1795 1279 ex
1818 1253 1864 1280 eo
1879 1270 1892 1287 ,
1916 1240 2022 1292 quod
2042 1243 2190 1291 frugum
2224 1253 2318 1281 con-

1272 1297 1402 1347 ceptus
1420 1290 1549 1339 implet
1563 1318 1575 1335 ,
1598 1298 1640 1328 ut
1661 1290 1703 1329 fit
1723 1292 1824 1341 quasi
1847 1291 1914 1340 ζῆν
1943 1292 2007 1339 <psi-
2016 1305 2059 1329 ων
2080 1293 2175 1336 ἡμῖν,
2209 1291 2248 1331 id
2268 1292 2323 1332 est

1225 1357 1231 1362 ·
1273 1341 1490 1380 alimoniam
1511 1340 1616 1380 nobis
1637 1342 1899 1383 administrans.
1918 1350 1959 1382 ut
1978 1342 2084 1383 sentit
2103 1343 2321 1383 Eustathius.

1272 1391 1487 1430 Parrhasius.
1515 1392 1736 1432 Cromnos,

1326 1443 1386 1491 64.
1412 1449 1606 1495 Septemque
1629 1449 1662 1482 T
1658 1444 1807 1495 rione5.]
1838 1445 1998 1484 Trionem
2016 1444 2117 1483 idem
2140 1445 2322 1484 Florentio.

1274 1506 1366 1540 nus,
1393 1493 1701 1545 Berneggerianus
1724 1497 1763 1534 ὅ(
1782 1495 1956 1534 Urbinas.
1981 1495 2092 1534 reete.
2129 1503 2170 1534 ut
2194 1497 2322 1543 τμῆσις

1274 1545 1317 1584 fit
1338 1546 1399 1584 seu
1420 1545 1582 1587 διωκοπῆ.
1608 1546 1781 1596 Virgilius
1803 1547 1942 1596 Georg.
1962 1546 2022 1586 lib.
2035 1546 2198 1604 ¹¹¹·,3810

1327 1597 1421 1634 Talis
1441 1597 1649 1647 Hyperboreo
1681 1603 1809 1647 Septem
1823 1597 1979 1648 subjeefa
1999 1597 2117 1642 trioni,

1329 1652 1419 1684 Gens
1439 1647 1565 1697 effrena
1587 1646 1725 1684 virum.

1279 1698 1446 1736 Avienus
1468 1697 1739 1736 Phaenomenis
1753 1725 1764 1743 ‚

1462 1747 1553 1786 alius
1573 1755 1703 1800 Septem
1729 1748 1851 1787 vicina
1872 1748 1979 1788 trioni

1336 1798 1446 1847 Astra
1465 1809 1568 1838 tenet.

1284 1850 1443 1888 Trionem
1474 1858 1619 1889 veteres
1636 1849 1817 1889 'dicebant
1850 1862 1919 1901 pro
1953 1849 2158 1896 Trionibus,
2195 1856 2237 1888 ut
2260 1862 2331 1900 pro

1284 1908 1412 1952 Septem
1446 1901 1626 1939 Trionibus
1650 1930 1661 1948 ,
1718 1900 1994 1952 Septentrionem.
2052 1901 2154 1939 Hinc
2197 1902 2333 1940 Trionis

1284 1960 1583 2000 cognomentum
1616 1953 1813 1991 Lucretiae
1844 1954 1883 1991 ὅ(
1903 1952 2087 1990 Fulciniae
2118 1951 2216 2001 apud
2252 1953 2334 1990 Ro·

1286 2014 1418 2041 manos
1438 2003 1583 2042 familiis
1603 2003 1775 2042 inditum.
1809 2003 1911 2052 plura
1942 2002 1989 2041 de
2021 2004 2187 2040 Trionum
2217 2014 2334 2041 voca-

1285 2053 1373 2091 bulo
1395 2053 1534 2092 Gellius
1552 2054 1612 2092 lib.
1635 2066 1679 2091 11.
1702 2054 1837 2093 Noster
1857 2054 1971 2092 Attic.
1993 2065 2071 2102 cap.
2103 2065 2162 2090 21.
2194 2053 2334 2093 Extant

1286 2103 1384 2153 apud
1417 2116 1480 2142 me
1529 2105 1669 2144 denarii
1704 2105 1866 2154 argentei
1887 2133 1899 2150 ‚
1944 2104 2075 2154 quibus
2119 2102 2332 2152 inscriptum

1288 2155 1335 2193 L.
1363 2155 1575 2194 LucRETn
1603 2156 1743 2201 Tmo,
1779 2155 1918 2205 septem
1940 2155 2042 2193 stellis
2060 2154 2208 2198 additis,
2243 2165 2335 2203 quao

1288 2205 1338 2244 les
1361 2217 1539 2244 nummos
1561 2207 1598 2244 in
1611 2206 1743 2244 eadem
1764 2205 1917 2243 Familia
1937 2205 2084 2242 Fulvius
2094 2203 2247 2242 Ursinus
2269 2215 2334 2242 ex·-

1288 2256 1418 2305 preffit.
1447 2257 1544 2306 apud
1574 2255 1751 2295 Nostrum
1782 2256 1931 2295 inferius
1960 2255 2021 2294 lib.
2043 2267 2079 2293 x.
2109 2255 2195 2303 446.
2230 2253 2333 2293 idem

1289 2307 1451 2357 optimus
1473 2307 1688 2345 Mediceus:

1346 2386 1441 2394 0...
1475 2365 1635 2408 Interque
1659 2357 1818 2394 Trionem

1343 2408 1505 2446 flexerat
1531 2409 1664 2460 obliquo
1679 2407 1876 2458 plaustrum
1898 2417 2029 2444 temone
2048 2412 2176 2445 Bootes.

1293 2459 1508 2497 Heinsius.

1346 2510 1411 2558 65.
1433 2508 1630 2560 Horrzfir.]
1672 2510 1728 2548 Ita
1770 2508 2014 2546 Germanicus
2056 2506 2159 2544 Arar.
2191 2518 2271 2556 pag.
2303 2511 2344 2546 2.

1295 2561 1516 2606 Horrifhrum
1542 2561 1765 2611 Aquilonem.
1793 2560 1832 2596 δί
1854 2558 1990 2595 Avien.
2012 2569 2092 2606 pag.
2127 2557 2185 2605 85.
2210 2560 2338 2595 Horri-

1288 2611 1379 2657 Jeros
1409 2610 1611 2659 Aquilones.
1648 2610 1806 2653 Horrifer
1837 2606 2026 2657 Aquilonis
2040 2608 2193 2656 stridor,
2231 2617 2337 2646 vetus

1296 2659 1414 2695 Poe'ta
1437 2658 1534 2705 apud
1547 2658 1667 2695 Cicer.
1680 2656 1829 2694 Tuscul.
1852 2657 2001 2706 Quaest.
2025 2671 2052 2696 1.
2076 2660 2209 2697 Cicero
2232 2659 2335 2696 Arar,

1295 2718 1376 2755 pag.
1402 2706 1435 2743 8.
1469 2720 1512 2746 φ·
1540 2709 1649 2758 magis
1670 2707 1847 2755 horriferis
1869 2708 2041 2759 aquilonis
2072 2708 2231 2760 tangitur
2258 2709 2338 2747 alis.

1299 2757 1348 2793 ita
1371 2757 1477 2794 MSS.
1500 2759 1604 2808 vulgo
1627 2759 1818 2808 horrifimis.
1843 2760 2052 2798 HEINSXUS.

1350 2807 1409 2856 69.
1442 2808 1505 2844 Vix
1536 2810 1588 2845 ita
1619 2809 1788 2846 limitibus
1820 2809 2028 2859 discreverat
2059 2811 2175 2848 omnia
2197 2809 2337 2861 tellus]

1300 2857 1353 2895 Ita
1376 2858 1482 2895 estin
1503 2859 1676 2908 impressis
1699 2860 1881 2899 omnibus.
1922 2861 1964 2898 In
1994 2873 2072 2899 uno
2103 2861 2225 2898 Vatic.
2256 2862 2342 2911 Disi-

1298 2910 1465 2957 cepserat:
1494 2910 1542 2946 ast
1564 2911 1600 2947 in
1623 2911 1697 2948 aliis
1718 2911 1850 2959 scriptis
1873 2911 2045 2950 omnibus
2059 2941 2070 2958 ‚
2098 2912 2338 2962 Discerpserat.

1297 2958 1401 3007 quod
1430 2960 1550 2997 verius
1581 2972 1623 2997 ac
1654 2962 1862 3010 germanius
1893 2963 2056 3000 arbitror.
2094 2962 2204 2999 Valet
2236 2962 2336 2999 enim

1297 3010 1486 3059 Discerpere
1500 3038 1510 3054 ,
1537 3011 1728 3048 distrahere
1742 3040 1752 3057 ,
1781 3013 1818 3049 ὃς
1841 3013 1879 3050 in
1900 3021 2017 3061 partes
2029 3011 2202 3050 dividere.
2218 3011 2338 3050 Catul.

1298 3059 1337 3096 in
1352 3060 1450 3108 Nup.
1466 3060 1534 3098 Pel.
1558 3062 1597 3098 &
1619 3062 1733 3099 Thet.

1352 3112 1452 3159 Qiae
1473 3114 1595 3147 cuneta
1617 3113 1705 3149 a‘e'rii
1727 3112 1917 3163 diſserpunt
1940 3113 2044 3150 irrita
2065 3112 2176 3149 venti.

1298 3160 1356 3197 M.
1379 3160 1523 3199 Tullius
1551 3162 1610 3199 lib.
1646 3175 1677 3199 ι.
1710 3163 1820 3200 Tusc.
1857 3164 1963 3211 <Quod
1985 3163 2064 3200 cum
2085 3163 2136 3199 ita
2151 3161 2224 3211 sit,
2251 3163 2346 3200 cert!-

1298 3224 1356 3248 nec
1378 3210 1532 3260 secerni,
1570 3214 1628 3249 ne'c
1659 3213 1800 3258 aiz-idi,
1839 3227 1896 3250 nec
1912 3211 2078 3263 discerpi,
2106 3227 2162 3250 nec
2190 3212 2337 3261 distrahi

1287 3261 1404 3312 potest.
1427 3264 1601 3303 CLOFAN.
1623 3263 1657 3302 E
1679 3263 1842 3304 ralatino
1862 3263 1928 3303 suo
1949 3272 2190 3308 ¹annotaverat
2202 3259 2345 3317 Clari-si?

2284 3323 2345 3352 vu·
