2483 3616
150 187 323 261 &970
720 174 1871 239 P.OV1D11NASONIS

791 314 960 361 FAB.
1028 307 1094 356 X.
1163 308 1769 362 ARGUMENTUM.

995 400 1243 450 Diomedis
1267 400 1378 448 socii
1402 399 1450 447 in
1472 417 1589 449 aves.

277 532 292 551 ²
324 528 422 574 Nec
445 527 580 573 minus
613 523 847 570 [Macareus
870 522 1004 585 refert
1037 519 1300 582 insttlentiam
1311 515 1525 579 sociorum
1547 534 1645 581 erga
1672 518 1903 579 Venerem,
1938 538 2031 570 cam
2053 520 2072 548 ³²
2105 524 2268 571 AEneas
2289 527 2367 572 ad.

207 592 353 649 versas
381 592 562 639 Rutulos
589 602 666 649 pro
702 590 864 635 Latino
899 588 1145 634 dimicantes
1180 585 1234 630 ab
1259 584 1468 631 Evandro
1493 586 1705 630 auxilinm
1722 586 1922 645 petiiſjet.
1946 587 2000 640 &2⁹
2024 585 2379 650 quemadmodum

209 661 375 705 Turnus
401 657 560 705 Venulo
583 656 716 715 legato
740 655 768 699 a
791 654 999 701 Diomede
1021 656 1122 698 item
1146 650 1357 697 auxilium
1375 650 1645 711 postulafflt‚
1681 651 1753 709 qui
1766 648 1848 709 fab
1861 649 2020 698 Dauno
2045 655 2259 718 Japygiae
2280 672 2371 717 rege

208 724 463 770 domicilium
480 720 676 781 posmffi’t
701 735 718 766 .·
750 724 766 743 ⁶
780 729 954 782 negante
967 734 1028 777 eo,
1054 718 1096 762 eo
1110 715 1219 778 qaod
1222 729 1300 776 pro
1314 716 1460 762 AEnea
1480 711 1498 739 ‘³
1520 713 1723 776 adversas
1741 715 1792 760 V
1785 731 1944 760 enerem
1949 715 2125 776 stetiffit
2142 753 2156 778 ‚
2181 724 2208 767 a
2211 721 2259 782 se
2272 723 2372 767 vul-

209 800 404 834 neratam
436 788 653 834 inimicam
687 784 873 831 haberet.
942 785 1007 829 Et
1042 793 1090 828 ut
1125 784 1296 829 comites
1330 780 1417 842 ejas
1452 792 1685 840 contempta
1724 781 1846 826 Deae
1871 783 2076 840 capientes
2095 787 2300 846 proficisci
2328 789 2376 832 in

209 853 390 912 bellam,
425 856 469 899 in
493 854 608 897 mari
640 856 658 876 ‘³
691 850 916 897 volucram
919 849 1068 912 figura
1088 848 1244 908 decepti
1256 845 1543 908 ficbstiterint.
1592 848 1754 891 Eorum
1781 848 1951 892 nomina
1974 845 2220 909 haecsnnt:
2252 848 2373 914 ‘Ag-

210 933 304 965 mon
316 952 332 979 ,
367 920 533 978 Lyciis,
569 916 701 976 Idas,
737 915 983 974 Rhetenor‚
1021 915 1229 974 Nycteus.

1301 912 1432 978 ‚Quae
1455 913 1645 959 volucres
1667 913 1758 958 albi
1782 913 1925 958 coloris
1949 915 1967 943 g
1989 922 2037 957 ut
2061 917 2177 976 cygni
2188 913 2311 976 sant.

613 1030 804 1085 Inierat
834 1030 1116 1084 Macareus
1142 1046 1153 1083 :
1193 1029 1437 1101 urnaque
1462 1026 1661 1082 AEne'i'a
1687 1027 1872 1083 nutrix

626 1102 867 1159 Condita
892 1103 1222 1166 marmoren,
1261 1102 1473 1158 tumulo
1500 1100 1662 1155 breve
1688 1118 1905 1157 carmen
1930 1100 2185 1157 habebat:

505 1178 625 1233 Hic
652 1198 731 1231 ME
755 1176 1001 1231 CAffiTEN
1028 1194 1211 1230 NOTAE
1242 1192 1476 1231 PIETATIS
1504 1191 1814 1238 ALUMNUS,

506 1253 808 1306 ARGOLICO
834 1269 1119 1314 EREPTAM,
1158 1268 1280 1316 QUO
1306 1267 1500 1303 DEBUIT
1528 1267 1683 1312 IGNE,
1725 1267 2024 1304 CREMAVIT.

2268 1320 2383 1378 Sol-

265 1459 521 1509 aivecminas]
535 1463 650 1510 Refert
662 1469 846 1500 Macareus
857 1467 1009 1500 AEneam
1021 1460 1188 1510 adverfics
1201 1468 1272 1500 Ru-
1325 1471 1417 1498 mer.
1437 1459 1482 1499 ad
1506 1459 1609 1499 Iliad.
1629 1461 1678 1498 N.
1697 1473 1790 1500 vers.
1814 1472 1896 1510 324.
1928 1461 2108 1500 Ceterum
2133 1468 2173 1499 ut
2197 1460 2383 1501 G.locum
2442 1509 2446 1512 .

217 1515 305 1551 talos
321 1525 380 1563 pro
395 1512 535 1550 Latinis
552 1526 624 1554 eom.
644 1515 754 1564 petisse
782 1514 938 1551 Raener.
967 1512 1201 1551 Colonienfis
1223 1515 1272 1552 ita
1327 1513 1390 1549 τοῦ
1410 1511 1442 1548 C
1457 1540 1466 1556 ‚
1495 1514 1543 1551 ita
1566 1511 1593 1549 B
1615 1511 1719 1561 saepe
1739 1513 1866 1551 locum
1891 1515 1958 1550 τοῦ
1978 1514 2015 1550 V
2030 1542 2040 1556 ‚
2072 1513 2111 1550 ὃς
2134 1512 2303 1557 viciffim‚
2322 1524 2388 1551 oc-

216 1566 397 1604 contiahit
410 1574 625 1612 argumenta
639 1566 771 1603 2'AEnea
779 1574 840 1614 pro
856 1564 1009 1601 Lavinia
1021 1564 1190 1612 adversas
1201 1572 1273 1602 Ru-

217 1617 304 1653 tulos
318 1615 507 1652 dimicante
518 1644 526 1658 ‚
548 1629 626 1653 cum
640 1616 805 1665 utrinque
817 1615 908 1652 vires
919 1616 1003 1663 suas
1014 1617 1163 1652 externis
1173 1628 1276 1664 auge-

216 1679 292 1704 rent
305 1667 416 1715 copiis,
431 1666 578 1704 Venulus
588 1680 610 1703 a
624 1672 738 1704 Turno
748 1666 796 1704 ad
809 1666 1011 1703 Diomedem
1023 1665 1137 1714 miffics
1147 1666 1203 1713 est,
1214 1666 1277 1716 qui

209 1718 276 1767 sab
299 1719 432 1766 Japyge
455 1722 581 1755 Dauno
596 1717 744 1765 sedebat.
781 1717 847 1754 Hic
863 1727 1004 1761 autem,
1032 1720 1196 1764 excusans
1219 1717 1277 1753 vi-

219 1782 271 1805 res
284 1796 294 1812 ,
322 1770 424 1814 refert
444 1780 508 1818 quo
526 1770 624 1806 modo
644 1768 780 1807 comites
797 1768 867 1817 ejus
880 1796 890 1813 ,
919 1767 957 1804 ob
969 1766 1189 1816 infidentium
1209 1767 1278 1804 ad-

218 1820 338 1867 versus
361 1825 517 1855 Venerem
532 1847 542 1862 ‚
573 1820 611 1857 in
633 1833 717 1857 aves
734 1818 863 1868 Cygnis
873 1817 1006 1868 fimiles
1025 1816 1116 1867 versi
1122 1821 1224 1867 sunt.

270 1869 289 1896 b
315 1869 485 1918 AEneas.]
527 1876 686 1908 Venerem
718 1876 857 1908 Aeneae
884 1870 1051 1917 adversas
1081 1882 1154 1909 wc.
1181 1875 1274 1907 Cam

218 1921 397 1958 auxilium
412 1930 445 1969 p.
475 1921 591 1959 Parin.
614 1921 737 1971 Lugd.
758 1933 853 1971 quae
874 1921 912 1959 ὃ(
935 1920 1151 1958 dimicantis.

271 1979 287 1998 c
316 1978 473 2019 Negante
490 1972 563 2020 eo.]
590 1973 665 2021 {Qui
685 1972 723 2009 id
731 1974 770 2021 se
782 1973 968 2020 facturum
991 1972 1133 2021 negasset
1152 1972 1276 2012 Parm.

222 2021 344 2071 Lugd.
369 2021 513 2070 Micyll.
533 2023 690 2061 Raener.

271 2071 291 2099 d
318 2072 503 2121 Adversus
536 2073 734 2123 Venerem]
775 2080 840 2111 Pro
868 2078 982 2109 AEnea
1007 2079 1118 2109 Venus
1140 2073 1248 2120 staret
1266 2102 1276 2119 ,

221 2135 330 2175 quam
358 2124 396 2160 in
426 2122 510 2159 bello
541 2126 688 2172 Trojano
717 2137 738 2160 a
755 2123 1036 2172 sevulneratam
1056 2124 1122 2160 ait.
1149 2124 1183 2160 h.
1215 2131 1281 2162 Re-

213 2177 288 2222 fert
315 2187 447 2225 quoque
468 2183 507 2210 ut
533 2175 713 2212 Diomedis
732 2174 893 2218 comites,
927 2174 1061 2210 Veneris
1084 2185 1279 2224 contemptu

222 2226 388 2275 cupientes
421 2225 460 2261 in
489 2223 584 2262 illud
610 2225 775 2275 proficisci
807 2224 957 2268 bellum,
996 2238 1018 2261 a
1040 2231 1115 2261 Dea
1137 2226 1172 2261 in
1195 2239 1281 2263 aves

223 2276 359 2313 mutati
380 2277 469 2324 sunt
485 2304 494 2320 ,
523 2290 611 2324 quae
640 2277 680 2314 de
699 2276 836 2314 nomine
857 2276 953 2313 ducis
974 2276 1181 2314 Diomedeae
1194 2278 1280 2326 sunt

225 2327 416 2378 appellatae
445 2328 603 2365 Raener.

277 2386 294 2405 e
325 2378 506 2414 Volucrum
521 2378 638 2427 figura
659 2377 820 2428 decepti]
849 2377 952 2415 Male
973 2377 1064 2416 haec
1081 2387 1198 2416 narrat
1213 2380 1285 2418 La—

228 2429 394 2466 stantius.
426 2429 626 2468 Historiam
646 2430 731 2468 vide
742 2429 839 2479 apud
850 2428 1010 2466 Plin.lib.
1024 2442 1124 2476 x.4-4.
1141 2429 1283 2469 AElian.

227 2480 286 2517 11¹0.
310 2493 334 2517 1.
358 2492 434 2527 cap.
454 2492 481 2517 1.
510 2480 644 2519 Tzetz.
667 2482 705 2519 in
728 2481 994 2530 Liycoph.pag.
1014 2492 1096 2518 100.
1114 2480 1215 2519 SerV.
1237 2482 1282 2520 ad

232 2530 382 2568 AEneid.
401 2543 453 2569 xi.
473 2542 567 2569 vers.
588 2543 674 2578 271.
702 2532 854 2580 August.
873 2530 979 2568 C.D.
1000 2531 1185 2569 lib.xv111.
1204 2544 1282 2582 cap.

234 2583 289 2618 16.
318 2581 440 2618 Schol.
461 2582 625 2621 Homer.
647 2582 691 2620 ad
712 2582 814 2621 Iliad.
831 2583 874 2620 E.
894 2593 980 2628 412.
1008 2582 1153 2620 Anton.
1167 2584 1283 2620 Libe·

230 2631 292 2668 ral.
317 2642 392 2679 cap.
409 2643 467 2680 37.
488 2633 673 2672 Aristotel.
687 2632 906 2672 Admirand.
925 2632 1181 2682 Auscultpag.
1198 2634 1283 2680 878.

232 2681 304 2719 Ed.
327 2681 478 2719 Casaub.
504 2683 630 2722 Ifidor.
651 2685 758 2734 Orig.
778 2697 849 2722 ΧΠ.
871 2696 904 2728 7.
933 2685 1043 2732 Quae
1064 2696 1188 2722 autem
1200 2697 1285 2724 aves

233 2733 320 2770 istae
342 2730 409 2768 fint
436 2732 628 2773 dubitatur.
659 2732 804 2779 Ε’ρωδιοῖ
819 2735 977 2773 Aeliano
996 2735 1077 2773 sunt
1091 2763 1102 2780 ‚
1131 2732 1288 2780 Ε’ρωδιοὶ

233 2783 251 2824 ἦ
280 2784 381 2827 λάροι
410 2782 588 2821 Tzetzae.
645 2785 784 2823 Ifidoro
813 2787 941 2823 forma-
969 2786 1100 2824 fulicae
1127 2787 1286 2832 ssmiles,

233 2833 489 2882 magnitudine
504 2832 736 2882 Cygnorum.
748 2836 859 2873 Unde
872 2837 909 2872 δε
921 2836 1019 2879 ’devea
1031 2836 1130 2879 ἵμοιει
1143 2840 1287 2880 Κύκνοις

233 2884 390 2933 appellat
421 2883 594 2921 Tzetzes.
620 2895 699 2933 pag.
725 2897 806 2923 101.
832 2886 962 2929 ’ὄρνιθας
991 2890 1179 2932 μεγάλους
1214 2890 1287 2930 τοῖς

235 2936 398 2982 μεγέθεσι
420 2934 508 2972 dicit
524 2935 746 2973 Aristoteles.
776 2938 836 2971 καὶ
859 2935 977 2981 ρῦγχν]
999 2936 1156 2982 ἔχοντας
1169 2939 1287 2982 μέγα·

235 2992 288 3022 λα
307 2988 368 3022 καὶ
388 2985 536 3027 canipa.
572 2985 716 3023 videtur
745 2986 874 3024 sentire
904 2986 1060 3024 Isidorus
1081 2999 1166 3026 curn
1190 2989 1287 3027 Cha-

234 3037 317 3078 rilio
333 3065 343 3081 ‚
372 3037 431 3074 cui
451 3037 559 3081 λάρος
578 3036 626 3074 est
644 3036 754 3075 fulica
775 3036 835 3074 lib.
855 3049 882 3073 1.
911 3037 1133 3075 Mnncxex.

286 3087 302 3115 f
327 3087 505 3137 Agmon.]
535 3091 672 3124 Acmon
697 3088 735 3125 δί
758 3099 847 3125 mox
872 3087 1050 3124 Rhexenor
1074 3088 1141 3126 Ms.
1153 3088 1286 3127 codex.

236 3142 347 3189 Quae
361 3167 372 3184 ,
402 3147 440 3176 ut
463 3139 578 3186 magis
596 3138 736 3176 Graeca
751 3167 761 3184 ,
790 3138 976 3188 probanda
988 3140 1147 3177 omnino
1168 3140 1288 3178 existi-

237 3203 304 3228 mo
319 3218 329 3234 ‚
356 3201 426 3227 nec
447 3189 599 3233 dubito,
637 3190 726 3238 quin
747 3201 788 3227 ea
810 3191 965 3227 nomina
984 3191 1020 3227 in
1043 3189 1191 3229 Nasone
1212 3190 1288 3239 ipso

236 3243 287 3278 iia
318 3241 427 3278 etiam
461 3239 646 3278 scribenda
666 3239 746 3277 sint.
775 3241 919 3277 Notum
942 3242 979 3278 ὃς
1001 3241 1032 3277 C
1056 3241 1093 3279 &
1118 3242 1153 3279 G
1175 3254 1289 3290 quam

238 3292 330 3328 inter
359 3290 392 3327 se
424 3291 461 3327 ὃ(
490 3290 596 3328 facile
629 3292 665 3328 ὃζ
698 3292 823 3328 crebro
844 3301 1108 3340 permutentur.
1138 3293 1290 3340 Ρὴξήυωρ

239 3342 286 3380 est
310 3339 483 3387 Α’νόρεῖες
505 3344 603 3388 παρὰ
626 3341 668 3380 τὸ
688 3340 839 3388 ineatur,
869 3351 908 3381 ut
931 3342 1042 3382 docet
1059 3343 1182 3384 Schol.
1202 3344 1288 3383 Ho-

1331 1564 1494 1611 cupavit.
1537 1563 1639 1601 Hinc
1671 1573 1862 1613 corruptus
1883 1564 2066 1602 Asconius
2089 1564 2127 1601 in
2149 1563 2387 1612 Argumento

1330 1614 1523 1652 Prooemii
1554 1614 1724 1653 Anionis
1756 1616 1793 1652 in
1822 1616 2010 1652 Verrem:
2039 1616 2136 1664 {Qtia
2157 1614 2304 1663 pedestre
2323 1615 2390 1652 iter

1332 1678 1373 1701 ex
1393 1665 1510 1702 Sicilia
1534 1677 1576 1705 ω’
1594 1675 1727 1715 propter
1738 1666 1914 1715 fugitivos
1928 1694 1938 1711 ,
1966 1677 2011 1705 cv*
2025 1675 2157 1714 propter
2180 1665 2291 1702 Verris
2307 1665 2399 1714 infi-'

1333 1715 1410 1752 dias
1439 1715 1642 1755 dubitabat.
1681 1719 1812 1767 Lego,
1841 1716 2038 1754 devitabat.
2067 1715 2179 1754 Certe
2203 1728 2281 1754 non
2304 1723 2390 1764 Α’γ-

1333 1780 1428 1813 μων,
1456 1767 1517 1806 sed
1542 1764 1694 1814 Α”κμων,
1717 1781 1859 1807 nomen
1882 1768 2067 1806 Graecum
2083 1767 2144 1805 est.
2170 1767 2389 1806 Acmonem

1333 1825 1473 1866 patrem
1508 1819 1618 1860 Coeli
1647 1821 1800 1871 quidam
1835 1821 1980 1861 fecere;
2021 1818 2119 1857 unde
2141 1818 2390 1864 Α’κμόνιδιιςὸ

1333 1868 1471 1913 θῦρᾱνῧς
1506 1871 1545 1909 in
1583 1872 1662 1911 Alis
1694 1872 1884 1910 Simmiae.
1930 1870 2008 1909 Ubi
2040 1869 2187 1908 Scholia
2220 1870 2390 1910 videnda.

1333 1920 1559 1961 Muncxan.

1383 1979 1401 2008 g
1432 1977 1477 2010 Ut
1508 1974 1620 2024 Cygni
1640 1973 1769 2023 sunt.]
1807 1972 1939 2010 Coloris
1976 1970 2088 2020 Cygni
2126 1971 2226 2020 effent
2269 1973 2388 2010 Parin.

1333 2023 1459 2072 Lugd.
1489 2034 1530 2061 ut
1559 2025 1674 2074 Cygni
1700 2026 1799 2075 effent
1833 2022 1978 2073 Micyll.
2006 2023 2134 2072 Cygnis
2150 2021 2279 2071 fimiles
2301 2029 2390 2073 sunt

1334 2075 1492 2113 Raener.

1385 2137 1469 2171 441.
1500 2126 1634 2163 Aene'ia
1667 2124 1831 2174 nutrix.]
1871 2124 2040 2168 Servius,
2076 2125 2271 2173 explanans
2300 2125 2388 2164 illud

1334 2176 1438 2225 Virg.
1466 2176 1528 2215 lib.
1550 2188 1622 2214 vu.
1649 2189 1680 2215 1.
1709 2183 1760 2213 Tu
1790 2189 1922 2226 quoque
1945 2174 2103 2212 litoribus
2123 2176 2240 2224 nostris
2262 2180 2389 2214 AEne'z'a

1337 2227 1464 2263 natrix
1478 2256 1488 2273 ,
1516 2228 1566 2266 ait
1587 2242 1595 2266 ε
1626 2228 1707 2265 Alii
1726 2231 1866 2264 Aeneae
1881 2256 1889 2269 ,
1917 2225 1983 2263 alii
1999 2226 2167 2276 Creusae,
2196 2226 2261 2263 alii
2279 2228 2393 2275 Asca-

1340 2278 1391 2314 nii
1412 2278 1583 2316 nutricem
1604 2279 1744 2316 volant.
1788 2280 1928 2315 Lectum
1950 2287 2071 2314 tamen
2090 2277 2133 2325 est
2152 2278 2189 2314 in
2212 2277 2393 2328 philologis

1340 2328 1379 2366 in
1410 2329 1469 2366 hoc
1495 2329 1562 2367 loco
1592 2330 1725 2379 classem
1758 2330 1987 2378 Trojanoram
2016 2328 2096 2377 casu
2126 2341 2391 2368 concrematam.

1340 2379 1436 2417 Unde
1457 2381 1583 2417 Caieta
1602 2382 1696 2417 dara
1717 2379 1760 2427 est
1781 2382 1854 2417 ano
1876 2381 1938 2416 τοῦ
1959 2379 2081 2416 καίειν.
2109 2379 2279 2418 CIOFAN.

1390 2443 1474 2478 442.
1501 2432 1656 2468 Condita
1684 2430 1919 2480 marmorea}
1961 2436 2162 2467 Marmorea
2195 2431 2271 2469 duo
2293 2439 2394 2470 vete-

1340 2493 1393 2519 res
1409 2510 1419 2525 ‚
1448 2484 1666 2521 concinnius
1689 2484 1735 2521 ad
1760 2495 1886 2520 urnam
1911 2482 2119 2519 referentes.
2140 2493 2207 2530 pro
2228 2482 2390 2520 Caietam

1339 2533 1447 2580 prim.
1481 2533 1586 2572 ssafil.
1613 2536 1650 2572 δε
1672 2543 1742 2572 tres
1764 2534 1847 2576 alii,
1877 2533 2044 2570 Caietem.
2071 2533 2146 2571 hoc
2167 2534 2214 2571 est
2238 2535 2394 2572 Caieten.

1340 2584 1508 2633 Taygetin
1531 2597 1623 2624 unus
1646 2585 1756 2623 Palat.
1785 2585 1932 2621 Hms.

1391 2647 1476 2684 443.
1507 2642 1619 2673 Notae
1643 2635 1820 2684 pataria]
1861 2634 2083 2683 Singularis,
2119 2634 2288 2683 insignis,
2316 2634 2393 2672 exi-

1341 2686 1453 2723 miae.
1492 2687 1662 2725 CIOFAN.
1698 2687 1846 2724 Petron.
1880 2698 1954 2724 cxx.
1993 2692 2165 2722 Matrona
2200 2694 2301 2721 notae
2326 2695 2393 2734 pu-

1342 2736 1493 2774 dicitiae.

1393 2800 1476 2835 445.
1504 2786 1699 2838 Solvitur.]
1731 2786 1880 2824 Tollitur
1891 2787 1959 2824 sec.
1971 2785 2081 2823 Palat.
2091 2783 2187 2822 male
2200 2800 2211 2830 ;
2231 2798 2285 2824 iv.
2305 2786 2392 2825 Fast.

1345 2848 1432 2887 333.
1459 2841 1601 2886 Qerno
1620 2838 1762 2883 solvunt
1783 2851 1804 2873 a
1825 2837 2081 2886 stipitefunem.

1394 2900 1477 2935 447.
1506 2888 1657 2925 Nubilus
1676 2887 1841 2936 zambrid]
1873 2886 2039 2923 Umbram
2060 2898 2153 2924 unus
2176 2886 2392 2931 Bafi1.mox,

1344 2950 1423 2974 cum
1443 2937 1550 2988 flava
1580 2952 1710 2982 arena,
1749 2950 1827 2975 non
1849 2937 1984 2983 fulva,
2013 2937 2046 2974 S.
2078 2939 2197 2975 Marci
2228 2937 2390 2975 Florent.

1343 2996 1425 3026 tert.
1455 2989 1603 3026 Bonon.
1635 2989 1741 3036 prim.
1768 2989 1971 3037 Hamburg.
1992 2989 2030 3026 ὅ(
2052 3000 2145 3026 unus
2163 2985 2264 3025 Voss.
2284 2987 2391 3025 bene.

1343 3039 1503 3077 imitatio
1524 3039 1571 3076 est
1592 3039 1743 3078 istorum
1765 3040 2059 3088 Virgilianorum
2078 3051 2124 3077 ex
2142 3037 2234 3077 libro
2247 3050 2317 3077 vn.
2332 3049 2390 3088 30.

1562 3089 1678 3140 fluvio
1702 3091 1890 3140 Tyberinus
1912 3104 2074 3133 amoeno,

1393 3140 1584 3178 Vorticibus
1606 3141 1734 3189 rapidis
1753 3154 1796 3182 ω’
1813 3142 1928 3180 multa
1941 3140 2065 3193 flavus
2082 3153 2212 3186 arena,

1399 3198 1438 3228 In
1459 3206 1554 3228 mare
1567 3194 1774 3243 prorumpit,

1347 3241 1453 3280 Silius
1470 3244 1529 3281 hb.
1550 3256 1577 3281 1.

1401 3300 1440 3329 In
1455 3304 1602 3344 pontum
1620 3292 1716 3342 flavo
1736 3294 1906 3342 descendit
1918 3294 2052 3346 gurgite
2074 3294 2206 3346 Tybris.

1345 3344 1479 3384 Noster
1499 3347 1538 3384 in
1560 3344 1661 3384 Ibide
1677 3373 1688 3392 ,
1720 3345 1801 3395 138.

2293 3399 2389 3433 Dum
