2483 3616
332 126 1563 238 METAMORPHOSEON
1634 175 1928 235 Lavi.

2096 173 2189 238 383

354 285 592 356 Utraque
617 281 886 336 festinant:
928 281 1235 355 cineiaeque
1259 284 1324 338 ad
1351 282 1566 356 peciora
1591 282 1756 338 vestes

250 361 318 410 60
356 356 571 410 Brachia
598 353 751 407 dotia
781 369 1024 418 movent,
1064 355 1236 409 studio
1262 356 1473 410 fallente
1496 356 1748 410 laborem.

361 428 468 482 lllic
497 438 547 480 δε
572 427 804 497 Tyrium
830 445 964 500 quae
989 445 1218 500 purpura
1242 429 1393 483 senlit
1419 435 1612 482 aenum

351 498 612 561 Texitur,
650 500 702 551 &
733 515 916 553 tenues
944 501 1086 571 parvi
1113 501 1423 555 discriminis
1451 501 1696 555 umbrae:

353 571 535 642 Qualis
568 572 631 625 ab
656 571 824 625 imbre
850 573 975 625 solet
1003 572 1267 644 perculsus
1292 573 1482 627 solibus
1505 590 1654 626 arcus

352 642 576 697 Inficcre
603 645 807 714 ingenti
833 646 1051 714 longum
1077 646 1383 700 curvamine
1408 646 1646 700 coelum:

255 719 317 784 65
360 715 412 768 ln
440 734 549 787 quo
579 716 769 769 diversi
796 718 995 770 niteant
1022 735 1143 770 cum
1171 719 1312 771 mille
1338 721 1573 780 coloreS‚

352 787 627 842 Transitus
651 789 756 859 ipse
784 804 959 843 tamen
984 790 1260 859 spectantia
1286 791 1482 844 lumina
1507 790 1651 844 fallit.

352 859 535 932 Usque
559 861 693 914 adeo
720 861 867 933 quod
896 861 1062 930 tangit
1091 860 1233 913 idem
1261 863 1358 915 est:
1403 878 1582 916 tamen
1606 862 1787 916 ultima
1815 858 2017 914 distant.

363 931 471 985 Illic
499 933 550 985 δε
577 934 779 986 lentum
804 933 899 986 filis
923 931 1227 985 immittitur
1254 952 1466 997 aurum,

360 1002 433 1058 Et
460 1017 607 1057 vetus
632 1005 685 1057 in
712 1005 813 1057 tela
838 1003 1125 1057 deducitur
1155 1020 1541 1074 argumentum.

252 1095 317 1145 70
354 1074 621 1148 Cecropia
650 1076 809 1130 Pallas
833 1076 1103 1149 scopulum
1130 1074 1391 1131 Mavortis
1419 1079 1473 1132 in
1499 1094 1620 1132 arce

69 1280 212 1329 penitus
231 1278 345 1316 veteri
365 1277 542 1326 scriptura.
570 1277 606 1315 in
628 1278 773 1326 optimo
787 1275 989 1321 Thuaneo,
1007 1278 1106 1317 Can-

72 1331 160 1367 tabr.
181 1332 218 1367 ὃ(
248 1330 357 1366 tribus
387 1330 487 1371 aliis,
520 1329 697 1378 quatiunt.
724 1328 921 1377 quomodo
944 1331 979 1366 ὃ(
1010 1331 1106 1377 prior

72 1380 284 1418 Erfurtanus
307 1390 372 1426 pro
395 1378 530 1416 diversa
551 1380 719 1416 lectione.
751 1379 923 1415 Putabam
945 1380 1108 1428 aliquan·

70 1430 144 1472 do,
152 1439 344 1477 paverant,
372 1429 428 1465 vel
446 1429 606 1476 paviunt.
645 1428 690 1466 de
724 1441 800 1478 quo
828 1429 939 1465 verbo
969 1430 1041 1467 fuse
1062 1430 1107 1468 ad

69 1479 270 1528 Apulejum
308 1478 461 1516 Colvius
488 1491 565 1527 pag.
597 1478 643 1515 88
685 1480 881 1528 quomodo
907 1481 1030 1528 pavire
1052 1481 1107 1529 β-

71 1529 144 1566 lum
169 1529 355 1574 dicebant,
380 1529 466 1566 hinc
486 1531 522 1566 ὃ(
541 1529 794 1568 pavimentum.
824 1530 933 1566 Nunc
953 1531 1002 1567 nil
1025 1543 1106 1569 rnu-

69 1587 122 1618 to.
138 1580 252 1617 Varro
265 1580 323 1615 lib.
345 1579 451 1616 1v.de
476 1580 520 1616 L.
536 1581 566 1616 L
612 1579 918 1626 Stamenastando
932 1608 942 1623 ‚
963 1581 1052 1629 quod
1071 1595 1105 1618 eo

65 1629 138 1677 stat
169 1642 264 1665 omne
294 1629 332 1665 in
358 1629 429 1665 tela
460 1630 709 1666 velamentum.
764 1630 943 1666 Subtemen
966 1658 976 1675 ‚
1016 1632 1105 1680 quod

63 1678 162 1729 subit
182 1678 345 1723 stamini?
390 1687 535 1725 Imma,
562 1681 652 1731 quod
675 1691 820 1716 tramat.
857 1680 1045 1729 Phrygium
1067 1682 1105 1718 id

66 1742 171 1779 genus
190 1729 392 1776 vestimenti.
426 1731 574 1778 Densum
589 1759 599 1774 ,
627 1731 651 1767 ὰ
673 1730 830 1767 dentibus
845 1732 984 1780 peHinis
997 1760 1007 1776 ,
1027 1732 1102 1782 qui-

70 1778 134 1816 bus
144 1780 285 1823 seritur.
318 1780 457 1826 feriunt
478 1793 630 1830 quoque
651 1781 787 1818 Seneca
813 1782 848 1818 in
871 1781 1027 1829 Epistola
1052 1795 1107 1820 xc.

69 1829 442 1879 agnoscit,produ6³to
454 1832 527 1868 hoc
549 1831 624 1879 ipso
643 1831 741 1868 loco.
768 1831 862 1879 apud
882 1832 1108 1869 eundemin-

60 1880 170 1929 secti,
197 1889 236 1917 ut
251 1880 328 1929 jam
350 1881 573 1918 scribendum
591 1883 813 1919 monuimus.
869 1881 957 1918 Plin.
976 1883 1033 1919 lib,
1057 1896 1109 1921 ix.

73 1941 132 1979 35⁶.
157 1929 258 1975 Juba
280 1931 390 1967 tradit
412 1930 574 1968 Arabicis
592 1931 752 1967 concham
774 1933 828 1980 effe
838 1929 989 1980 similem
1004 1934 1109 1981 pecti-

71 1981 109 2017 ni
126 1980 254 2028 insee'to.
283 1987 456 2018 Percutere
485 1983 635 2019 verbum
668 1985 892 2027 tinctorium,
922 1984 1018 2021 utin
1041 1984 1105 2022 illo

72 2030 255 2076 Juvenalis
277 2031 348 2068 Sat.
368 2045 420 2068 ix.
447 2044 502 2079 30.

126 2084 170 2115 Et
187 2080 280 2116 ‘male
290 2082 451 2130 percussas
472 2082 612 2119 textoris
626 2084 753 2131 peb'line
771 2083 878 2122 Galli.

23 2130 24 2137 ¹
75 2127 122 2167 de
139 2129 300 2167 lacernis.
329 2132 497 2169 Lucanus
516 2132 606 2169 libro
627 2147 660 2171 x.
682 2147 760 2180 141.

123 2179 287 2215 candida
309 2181 439 2217 sidonio
457 2182 629 2229 perlucent
647 2187 779 2232 peelora
792 2184 876 2232 filo,

124 2229 229 2277 Quod
252 2229 377 2266 Nilotis
394 2244 474 2267 acus
486 2234 672 2282 percuffum
689 2236 817 2284 peHine
837 2241 957 2272 Serum

124 2279 234 2315 Solvit
248 2306 258 2322 ,
287 2290 329 2317 ω’
345 2290 479 2328 extenso
497 2282 638 2320 laxavit
649 2285 805 2330 stamina
825 2286 912 2322 velo.

73 2328 129 2368 Ita
157 2329 468 2378 praestantiffimuS
495 2332 610 2370 codex
639 2334 834 2373 Voffianae
855 2337 1106 2377 bibliothecae.

72 2379 218 2417 namin
249 2379 398 2427 vulgatis
432 2383 717 2428 exemplaribus,
745 2386 955 2434 compressum
982 2390 1109 2436 peeline

71 2429 212 2478 legitur.
240 2429 456 2468 ΗΕῐΝειυς.
488 2432 607 2478 Inseclo
630 2433 770 2471 refturn
800 2436 859 2471 est.
917 2437 1014 2474 ldem
1039 2439 1105 2475 Pli-

72 2481 153 2566 nibus
173 2479 235 2535 lib.
253 2491 331 2517 xvi.
351 2492 408 2527 24.
438 2480 531 2517 folia
550 2482 674 2530 infesta
686 2484 861 2531 pectinum
872 2486 968 2521 modo
986 2487 1113 2535 piceae,

75 2542 97 2566 a
120 2540 190 2566 ten.

126 2592 184 2628 59.
210 2586 360 2629 Utraque
378 2580 534 2627 festinat.
556 2581 572 2631 ]
627 2582 801 2627 Festinant
833 2584 927 2622 bene
949 2585 1112 2624 Florent.

76 2631 195 2679 Neap.
214 2632 320 2680 prim.
340 2632 459 2668 Vatic.
480 2633 547 2669 sec.
566 2633 706 2670 Medic.
727 2635 762 2670 &
785 2634 872 2671 osto
886 2635 1113 2675 aliiflnws.

125 2693 183 2729 59.
210 2681 461 2733 cinctaeque]
493 2681 612 2719 Posset
639 2695 702 2730 per
725 2683 978 2722 Graecismum
1002 2688 1114 2735 expli-

75 2733 169 2775 cari,
188 2731 246 2769 sed
260 2732 357 2769 malo
384 2732 504 2780 legere
528 2760 539 2776 ,
578 2733 757 2782 antraque
786 2734 834 2769 ad
854 2738 987 2784 pectora
1015 2737 1111 2784 veste.

34 2810 35 2813 ,
75 2782 279 2869 ζὶζιὲἶαειικι
318 2782 488 2821 Gronov.
519 2782 544 2819 a
577 2785 705 2833 pectore
742 2786 851 2822 etiam
889 2796 1045 2835 quatuor
1071 2788 1114 2825 li-

100 2843 140 2869 ri.

35 2901 36 2904 =
129 2881 190 2918 60.
217 2881 334 2917 Studio
353 2881 501 2928 fallente
532 2882 691 2922 laborem.
713 2883 728 2933 ]
785 2885 823 2922 ln
853 2885 936 2923 eod.
961 2886 1110 2925 caelest.

36 2958 37 2965 ,
80 2930 261 2968 Minuente
279 2931 416 2969 labores.
447 2933 656 2970 Cromnos.
689 2935 786 2972 Vide
807 2935 880 2983 sup.
902 2948 953 2973 iv.
978 2949 1060 2985 295.

133 2981 191 3017 61.
217 2980 321 3029 Senfit
338 2981 530 3029 ahenum]
560 2984 666 3020 Multi
688 2996 732 3022 ex
751 2987 1000 3024 vetustioribus
1014 2989 1108 3036 ‚sen-

85 3028 143 3083 tit.
168 3041 279 3074 mox,
302 3029 452 3078 percuffis
464 3033 590 3079 solibus
614 3046 714 3070 arcus
735 3063 746 3079 ,
773 3047 847 3072 non
863 3037 1028 3085 percussus
1050 3050 1109 3075 ca-

86 3078 290 3125 stigatiores.
316 3092 382 3127 pro
407 3094 505 3117 arcus
538 3095 627 3121 unus
648 3084 746 3121 ssafii.
776 3086 848 3122 tris.
899 3087 1109 3126 Heinsius.

89 3125 244 3174 Percuffis
263 3129 406 3166 nubibus
420 3131 561 3176 Junian.
584 3135 621 3169 &
641 3144 798 3182 quatuor
816 3135 887 3173 alii.
1095 3162 1106 3172 ·

142 3175 201 3212 61.
231 3179 422 3227 Purpura]
450 3180 547 3217 Vide
567 3182 653 3230 quid
688 3195 749 3229 per
787 3197 979 3232 purpuram
1008 3188 1114 3225 intel-

91 3227 231 3274 ligatur.
257 3226 353 3264 Nam
374 3239 443 3276 ego
465 3229 508 3267 de
524 3230 589 3267 filis
606 3232 782 3280 intelligo,
796 3236 831 3270 &
844 3245 956 3272 tenues
974 3238 1115 3274 umbrae

93 3274 360 3365 deic’loriiius'
385 3278 486 3326 quod
516 3280 554 3318 in
574 3280 668 3321 Iride
686 3282 875 3328 videmus,
900 3284 945 3324 de
963 3298 1034 3334 qua
1052 3298 1119 3334 ve}

174 3337 239 3363 om.
303 3352 313 3365 .

1990 1144 2199 1216 Pingit,

1161 1280 1295 1317 riffime
1318 1280 1431 1323 dicit,
1460 1278 1635 1329 Tranfitus
1655 1278 1718 1329 ipse
1749 1287 1865 1314 tamen
1879 1272 2070 1325 speetantia
2092 1270 2199 1329 lumi-

1162 1344 1207 1366 na
1218 1331 1332 1377 fallit.
1362 1332 1436 1368 Vix
1458 1333 1556 1369 enim
1588 1330 1755 1368 colorum
1785 1329 1918 1366 limites
1938 1327 1974 1363 in
2005 1336 2047 1362 ea
2071 1323 2200 1365 discet-3
2256 1376 2258 1378 Ι

1162 1390 1307 1418 nuntur.
1338 1382 1545 1419 Gricium.
1988 1426 1992 1432 ⁵

1213 1431 1271 1480 63.
1302 1432 1429 1478 {Qualis
1449 1432 1492 1468 ab
1511 1431 1619 1468 imbre
1641 1431 1725 1480 sblet
1752 1429 1915 1478 percuffus
1928 1424 2078 1476 fhltbus,
2105 1420 2199 1470 effa]

1161 1481 1222 1518 De
1244 1482 1337 1520 lride
1360 1482 1406 1520 fic
1427 1484 1534 1520 etiam
1558 1483 1659 1531 Virg.
1670 1483 1729 1519 lib.
1744 1483 1877 1527 v.609.
1977 1499 1983 1502 ·

1215 1543 1283 1580 Illa
1305 1545 1404 1581 viam
1429 1546 1575 1582 celerans
1593 1555 1650 1593 per
1673 1543 1767 1581 mille
1789 1541 1952 1579 coloribus
1970 1551 2113 1583 arcum,

1214 1594 1318 1630 Nulli
1345 1596 1422 1643 viisa
1442 1596 1506 1632 cito
1527 1596 1676 1632 decurrit
1701 1595 1843 1631 tramite
1866 1593 1973 1640 Virgo.

1162 1655 1220 1692 De
1245 1656 1338 1693 Iride
1358 1657 1470 1695 multa
1490 1657 1579 1695 scitu
1608 1656 1715 1704 digna
1744 1655 1861 1692 scribit
1884 1652 2118 1690 Marcellinus
2136 1650 2202 1687 ex2

1161 1714 1280 1743 tremo
1303 1707 1361 1744 lib.
1388 1719 1446 1745 xx,
1475 1708 1587 1745 Cior.
1616 1704 1985 1752 Vid.Cael.Rhodig.
2003 1700 2098 1739 Le&
2121 1700 2206 1745 An‹=¹

1160 1765 1225 1806 tiq.
1249 1769 1343 1794 xxn.
1366 1769 1424 1805 35.

1212 1808 1273 1844 66.
1302 1807 1478 1857 Tranfitus
1498 1807 1600 1857 ipse]
1639 1806 1700 1843 Ille
1721 1806 1881 1855 plurimi.
1907 1806 2029 1850 forte,
2047 1802 2137 1841 inde.
2164 1806 2205 1839 ut

1163 1869 1224 1895 XV.
1243 1858 1289 1903 46
1320 1888 1327 1895 .

1213 1871 1480 1958 {luo9tranfitus
1500 1909 1579 1946 inde
1591 1917 1752 1958 paratur.
1788 1908 2004 1944 Hfimsws.
2194 1955 2205 1960 ἢ

1213 1959 1275 1997 68.
1304 1960 1553 2008 Immittitur.]
1586 1960 1760 1995 intexitur
1780 1960 1940 1995 maxima
1965 1968 2040 2005 pars
2052 1957 2203 2005 scripto=

1160 2021 1256 2047 rum.
1285 2009 1471 2047 sedmodo
1503 2009 1866 2059 praeceffit‚texitur.
1893 2008 2081 2045 innec‘titur
2112 2017 2206 2056 qua-z

1164 2068 1262 2098 tuor.

1208 2112 1281 2158 69(
1296 2116 1341 2148 Et
1360 2121 1460 2148 vetus
1478 2111 1515 2148 in
1537 2111 1609 2148 teld
1627 2110 1807 2147 deducitur
1816 2106 2099 2158 argumentum]
2129 2110 2204 2143 De-'

1163 2160 1324 2204 ducitur,
1352 2161 1377 2199 fi
1398 2163 1569 2199 haberem
1591 2162 1706 2198 socios
1722 2189 1730 2202 .
1759 2163 1821 2209 qui
1845 2171 1991 2197 mecum
2013 2158 2201 2202 sentirent,

1161 2212 1332 2250 libentius
1351 2212 1530 2250 hocloco
1561 2223 1785 2260 exponerem
1802 2240 1811 2253 ,
1839 2209 2060 2257 inscribitur,
2087 2218 2203 2256 quam

1162 2262 1343 2311 effingitur.
1386 2263 1483 2299 Nam
1508 2264 1630 2311 postea
1654 2265 1765 2310 poeta
1786 2261 1921 2298 subdit:
1950 2265 2203 2312 Sua-quemque

1162 2318 1315 2350 Deorum
1339 2312 1493 2358 Inscribit
1508 2313 1629 2360 facies.
1660 2310 1869 2359 Aliquando
1889 2310 1985 2348 valer
2006 2310 2204 2357 depellere,

1162 2362 1331 2411 dejicere.
1371 2364 1503 2400 Cicero
1535 2375 1601 2410 pro
1631 2362 1809 2398 Caecina:
1839 2366 1891 2396 De
1911 2359 2027 2406 fundo
2053 2360 2206 2397 Caecina

1163 2413 1312 2449 moribus
1330 2412 1558 2449 deduceretur.
1607 2413 1691 2449 Hoc
1714 2411 1827 2458 ipsum
1852 2411 1992 2448 videtur
2012 2409 2205 2451 declarasse

1162 2463 1224 2498 M.
1246 2463 1318 2510 ipse
1349 2464 1503 2499 Tullius.
1532 2473 1614 2499 cuin
1647 2461 1767 2509 postea
1803 2462 1839 2497 in
1866 2461 1994 2498 eadem
2024 2460 2127 2499 Orat.
2154 2463 2206 2502 ita.

1167 2512 1311 2550 locutus
1329 2513 1396 2548 est:
1427 2514 1506 2560 Quo
1524 2512 1589 2548 loco
1610 2511 1760 2559 depulsus
1780 2512 1940 2548 Caecina.
1967 2512 2024 2548 Sic
2034 2511 2129 2559 apud
2143 2514 2208 2549 Se-

1170 2573 1297 2598 necam
1321 2562 1356 2598 in
1389 2563 1546 2598 l-lercule
1578 2562 1703 2598 Oeteo
1728 2575 1736 2597 2
1766 2563 1864 2609 {Qud
1885 2561 1946 2598 hoc
1964 2571 1980 2599 ἓ
2007 2562 2083 2610 quis
2101 2575 2205 2599 axem

1169 2611 1276 2647 eludit
1289 2622 1303 2649 ,θ
1318 2623 1362 2650 (9⁴
1380 2611 1424 2647 ab
1443 2611 1515 2660 ipsis
1532 2623 1631 2660 pater
1653 2612 1796 2648 deducor
1814 2611 1922 2658 astris,
1976 2612 2065 2650 Alio
2084 2613 2204 2652 modo

1169 2664 1315 2710 ponitur
1334 2661 1430 2709 apud
1453 2664 1618 2699 Plautum
1641 2664 1677 2699 in
1698 2661 1922 2700 Curculione
1944 2674 1997 2700 11.
2011 2673 2045 2712 3.

1221 2732 1305 2762 Tace
1319 2735 1502 2775 parumper
1514 2753 1524 2768 ,
1545 2726 1635 2775 jacit
1654 2726 1819 2762 volturios
1838 2736 2015 2774 quattuor.

1221 2776 1319 2813 Tales
1353 2778 1483 2826 arripio
1516 2792 1526 2812 .·
1572 2777 1692 2813 invoco
1725 2776 1861 2813 almam
1889 2790 2004 2815 meam
2031 2780 2203 2819 nutricem

1348 2834 1493 2863 Herem:

1220 2877 1326 2923 Jabto
1352 2875 1527 2964 ὂίιέὶίίειιηπ
1548 2893 1559 2922 5
1582 2878 1718 2927 propino
1745 2891 1911 2927 magnum
1933 2879 2118 2929 poculum,
2144 2879 2204 2917 ille

1217 2983 1331 3027 Caput
1342 2940 1496 3063 Zdipbizit.
1524 2992 1627 3028 quom
1653 2979 1828 3029 dormiscit
1849 3008 1860 3027 ‚
1887 2980 1916 3018 ei
1934 2979 2084 3030 subduco
2109 2980 2202 3023 anu-j

1216 3043 1464 3129 Dedacossdes
1483 3080 1523 3116 de
1542 3080 1626 3117 letto
1647 3079 1738 3117 clam
1754 3109 1764 3125 ,
1792 3094 1833 3117 ne
1850 3080 1946 3116 miles
1961 3078 2104 3126 sentiat.

1218 3136 1350 3178 Rogant
1360 3144 1448 3216 θῖεῖὲἷ
1454 3131 1552 3178 servi
1575 3159 1585 3175 ‚
1619 3144 1682 3180 quo
1710 3144 1807 3167 eam:
1838 3130 1908 3166 dico
1925 3129 1974 3165 ire
1992 3142 2057 3178 quo
2079 3128 2201 3179 saturi

1170 3180 1434 3277 Huic⁶vidsetur
1454 3240 1652 3276 convenire
1671 3238 1757 3276 illud
1781 3237 1939 3275 Tibulli:

1226 3288 1292 3325 Illa
1310 3288 1400 3325 docet
1408 3289 1543 3334 furtim
1567 3288 1664 3326 molli
1682 3287 1830 3324 decedere
1848 3286 1942 3339 leel-03

1703 3337 1736 3375 C
1748 3347 1766 3374 c
1778 3348 1798 3376 c
2089 3336 2208 3389 Alitei
