2483 3616
269 193 368 252 228

738 191 798 252 P.
872 192 1291 253 OVIDII
1364 180 1898 249 NASONIS

562 281 655 339 Est
670 283 868 352 Deus)
905 283 1120 364 adjum,
1144 295 1253 343 tam
1281 298 1369 335 me
1393 281 1490 335 tibi
1517 299 1639 336 vera
1663 281 1893 344 referre,

420 359 525 413 660

563 357 744 430 Quam
768 357 883 412 veri
907 374 1105 427 majora
1127 355 1250 409 fide.
1288 353 1429 407 stetit
1453 371 1685 426 aequore
1711 355 1901 427 puppis

562 431 737 488 Haud
764 431 944 494 aliter,
978 445 1139 501 quam
1161 428 1200 482 fi
1227 427 1422 481 ficcum
1446 427 1629 480 navale
1653 439 1880 481 teneret.

563 505 640 560 Illi
664 503 985 558 admirantes
1009 517 1284 556 remorum
1313 501 1369 553 in
1393 498 1618 552 verbere
1643 499 1901 571 perstant:

565 577 815 648 Velaque
845 575 1153 636 deducunt3
1196 572 1513 645 geminaque
1538 588 1642 643 ope
1681 590 1896 627 currere
1921 582 2145 628 tentaret.

563 650 870 722 Impediunt
894 647 1125 702 hederae
1149 662 1327 700 remos
1342 683 1356 706 ‚

1394 659 1646 716 HCXquC
1671 662 1897 700 l‘CCUI'VO

426 727 521 798 665
567 723 829 795 Sei-punt3
873 720 929 773 &
955 719 1185 789 gravidis
1212 715 1531 787 distringunt
1555 716 1672 770 vela
1695 719 1977 790 corymbis,

565 795 706 865 Ipse,
741 792 1067 848 racemiferis
1090 789 1328 844 frontem
1356 788 1718 843 circumdatus
1743 791 1886 855 uviS‚

563 865 865 937 Pampineis
890 865 1052 936 agitat
1079 864 1306 917 velatam
1329 861 1608 916 frondibus
1633 861 1844 916 hastam.

567 939 751 1010 Quem
779 937 920 992 circa
945 937 1127 1009 tigreS,
1168 935 1548 1007 fimulacraque
1574 935 1745 988 inania
1767 936 1983 1007 lyncum
2003 977 2030 1001 ,.

563 1011 943 1083 Piciarumque
967 1009 1144 1080 jacent
1169 1009 1279 1063 fera
1303 1025 1531 1080 corpora
1557 1008 1956 1080 pantherarum.

416 1090 522 1154 670
559 1084 834 1140 Exsiluere
860 1082 991 1145 viri;
1034 1083 1138 1138 sive
1162 1083 1266 1137 hoc
1291 1081 1484 1136 insania
1505 1081 1663 1145 fecit,

323 1232 414 1273 660.
440 1235 519 1272 Veri
539 1235 675 1284 majora
688 1233 792 1283 fide]
822 1238 907 1270 Vera
931 1231 1022 1270 olim
1045 1230 1192 1269 volebat
1202 1230 1324 1268 Heinss

275 1285 360 1326 [iius.v
380 1286 454 1324 vid.
477 1285 523 1323 ad
543 1286 650 1334 Epist.
676 1297 755 1322 xvx.
777 1284 840 1322 60.
1309 1306 1312 1309 -

328 1337 414 1375 662.
441 1336 640 1387 Perstant.]
669 1335 809 1384 Restant
832 1334 950 1372 Gebh.
974 1345 1019 1371 ex
1036 1333 1119 1371 MS.
1142 1331 1323 1372 Palanlib.

279 1400 326 1427 Π.
349 1387 535 1437 Crepund.
560 1400 605 1425 11.

329 1438 416 1488 663.
444 1438 589 1489 Velaque
613 1437 825 1487 deducam]
854 1435 1015 1484 Regius,
1043 1433 1322 1478 deducunt,dis-

274 1488 447 1535 solvunt,
476 1490 650 1539 exponit:
680 1489 788 1526 nimis
818 1486 947 1536 frigide
973 1516 984 1531 ,
1022 1487 1061 1524 &
1089 1485 1217 1523 otiose.
1255 1485 1322 1522 Tu

275 1553 368 1579 vero
392 1540 567 1589 explana:
593 1541 751 1585 tollunt,
779 1538 1007 1582 extendunt,
1036 1539 1100 1582 &‚
1126 1544 1167 1573 ut
1200 1536 1323 1585 loqui-

276 1600 336 1642 tur
358 1591 501 1629 Plautus
531 1591 569 1628 in
591 1591 712 1628 Milite
734 1589 892 1639 glorioso
908 1617 918 1633 ,
937 1589 1120 1638 explicant.
1148 1587 1247 1624 Infra
1268 1599 1323 1625 VI.

273 1653 299 1681 ¹2
351 1659 364 1678 ³,

305 1653 490 1743 33carbasa
510 1694 648 1731 deducit
661 1720 671 1738 ,
699 1706 739 1730 ne
760 1706 829 1743 qua
851 1690 937 1728 levis
958 1691 1074 1741 effluat
1095 1703 1197 1728 aura.

280 1743 456 1782 Lucanus
476 1744 538 1783 lib.·
555 1757 582 1783 1·.

334 1796 528 1846 Strieiaque
542 1796 725 1845 pendentes
747 1795 922 1830 deducunt
944 1792 1085 1839 turbasti
1108 1803 1250 1831 nautae.

276 1845 407 1895 Hujus
435 1847 643 1883 antitheton
676 1844 725 1881 est
753 1844 965 1881 contrahere
996 1844 1088 1881 vela.
1126 1844 1260 1881 Cicero
1282 1843 1329 1881 ad

285 1896 368 1935 Att.
407 1895 507 1943 Qid
532 1895 667 1945 quaeris
688 1909 730 1931 ex
758 1909 811 1932 me
834 1923 845 1940 ,
872 1895 959 1945 quid
983 1895 1144 1931 acciderit
1171 1896 1212 1932 de
1230 1895 1329 1944 judi-

280 1947 335 1983 cio
349 1974 359 1991 ,
388 1946 510 1984 multis
531 1945 748 1994 interpositis
776 1947 893 1983 verbis
907 1958 917 1991 ‚‘
930 1946 1090 1983 contraxi
1111 1945 1211 1984 vela„
1231 1946 1330 1984 Alibi

284 1996 347 2035 hic
369 1996 523 2034 Noster:

337 2045 565 2099 Propofitique
577 2057 694 2097 precor
714 2048 876 2086 contrahe
897 2049 976 2086 vela
1004 2049 1069 2088 tui.

285 2097 421 2136 Horat.
439 2098 501 2137 lib.
519 2112 563 2137 11.
588 2099 702 2137 Odar.
914 2134 917 2136 .

543 2165 548 2169 ·
648 2151 823 2200 Sapienter
843 2150 936 2187 idem
976 2179 977 2182 η

434 2218 437 2221 ’
469 2200 662 2239 Contrahes
684 2212 789 2238 vento
811 2202 962 2238 nimium
973 2199 1123 2250 secundo
1159 2203 1162 2205 ’

641 2252 797 2301 Turgida
817 2251 911 2290 vela.
947 2287 951 2288 ⁷

282 2303 387 2343 'Alibi
405 2303 516 2342 alter:

287 2385 291 2390 .
340 2361 447 2393 Aura
466 2355 552 2393 levis
575 2355 681 2404 rigido
697 2355 887 2405 pendentia
907 2354 1000 2391 malo
1022 2352 1183 2402 suscitat.
1217 2352 1330 2390 C1ott.

288 2403 376 2444 Imo
398 2407 534 2455 Regius
554 2406 663 2452 reete,
682 2405 836 2454 exponit
847 2419 869 2449 ;Α
886 2405 996 2454 ligata
1018 2405 1118 2442 enim
1142 2403 1188 2442 ad
1207 2412 1336 2441 anten-

284 2468 358 2493 nas
380 2466 481 2494 erant
492 2456 599 2502 vela,
624 2457 711 2494 inde
732 2456 888 2501 ¹solvunt
914 2458 955 2494 ὃς
984 2455 1173 2493 deducunt
1192 2462 1339 2492 nautae,

288 2505 375 2548 =Val.
400 2508 515 2544 Flacc.
549 2520 595 2545 11.
617 2519 701 2557 403.

348 2556 483 2601 Jamne
497 2558 620 2607 placet'
624 2559 738 2608 primo
761 2559 920 2596 deducere
938 2557 1027 2596 vela*
1034 2557 1164 2607 sereno.

290 2606 382 2643 Hoc
408 2610 558 2657 pandere
587 2609 688 2646 idem
728 2618 851 2646 vocat.
884 2621 929 2646 11.
966 2609 1050 2657 580.
1084 2610 1123 2646 ὃς
1153 2620 1226 2645 vix.
1258 2618 1342 2654 474.

290 2656 425 2694 scilicet
449 2670 656 2708 numquam
684 2671 786 2696 mare
807 2657 980 2706 ingressus
1004 2660 1100 2697 forte
1122 2660 1190 2696 fuit
1222 2658 1341 2696 bonus

294 2706 498 2752 Ciofanus‚
526 2709 564 2745 ὃ(
596 2721 641 2746 ex
671 2709 873 2746 minoribus
905 2710 943 2745 ὃς
972 2709 1202 2747 fluviatilibus
1235 2709 1341 2746 navi-

293 2757 382 2794 culis
405 2758 484 2795 vela
515 2759 594 2796 tolli
614 2759 751 2796 didicit.
786 2758 845 2796 sed
866 2759 1026 2796 deducere
1055 2760 1106 2798 est
1135 2772 1181 2799 ex
1204 2759 1338 2797 altoin

293 2808 468 2846 inferiora
489 2809 639 2846 trahere.
669 2809 931 2847 ssuammsus.

349 2858 435 2908 663.
462 2860 675 2909 Geminasque
694 2869 746 2909 ope
769 2873 898 2896 currere
930 2860 1108 2910 tentant]
1146 2861 1340 2899 Mediceus

295 2920 388 2947 unus
411 2911 448 2947 ὅ(
471 2909 780 2954 Mediolanenfis,
807 2920 953 2947 certant.
984 2923 1078 2960 quae
1112 2911 1244 2949 eadem
1275 2922 1339 2948 va-

294 2960 402 2998 rietas
417 2960 477 2998 lib.
500 2972 528 2998 1.
552 2959 635 3006 684.
663 2961 834 3009 Virgilius
858 2973 909 2996 xx.
938 2973 1019 3009 519.

851 3011 914 3047 Sed
928 3011 1050 3060 pellere
1072 3012 1167 3049 vallo

350 3060 532 3108 Miffilibus
553 3073 698 3099 certant.

298 3110 346 3148 Et
366 3112 414 3149 ibi
434 3112 584 3162 quidam
608 3112 753 3151 codices
776 3140 787 3157 ,
815 3123 965 3150 tentant.
993 3112 1040 3150 fic
1062 3112 1158 3162 apud
1180 3112 1339 3150 Martial.

296 3160 355 3198 lib.
380 3175 433 3200 xx.
454 3163 558 3211 Epig.
582 3175 610 3200 1·.

352 3215 536 3262 Numquid
558 3214 789 3253 Parthenium
812 3216 929 3252 videre
951 3225 1077 3252 tentas.

299 3261 431 3299 Codex
462 3276 553 3319 unus
575 3265 769 3303 Voffianus
791 3267 829 3304 ὃς
850 3265 1000 3315 quidam
1031 3265 1200 3303 Scriverii
1220 3288 1244 3311 ‚·
1269 3280 1339 3303 cer-

297 3321 368 3359 ras.
397 3312 471 3352 duo
483 3315 611 3355 itidem
622 3316 909 3364 Voffianncerte.
921 3316 981 3356 sed
990 3316 1205 3365 legencium,
1218 3328 1341 3365 certas,

2295 1158 2429 1212 Sive²

1378 1229 1437 1267 vel
1468 1240 1591 1269 cet-test
1619 1242 1706 1269 nam
1728 1231 1855 1270 odiose
1877 1230 1992 1270 tentat
2005 1231 2105 1280 ‚post
2125 1228 2239 1268 simile
2260 1232 2414 1275 verbum

1378 1281 1490 1318 tendis
1510 1283 1630 1330 primo
1644 1283 1761 1327 versu,
1779 1283 1920 1330 legitur.
1947 1292 2111 1320 ceterum
2132 1283 2292 1320 imitatus
2315 1282 2415 1318 hunc

1380 1331 1510 1368 Ovidii
1528 1333 1654 1370 locum
1673 1333 1930 1380 Hildebertus,
1958 1334 2058 1382 cujus
2088 1345 2238 1371 carmen
2270 1333 2314 1371 de
2342 1332 2420 1369 exi-

1377 1382 1428 1419 lio
1467 1382 1532 1420 suo
1572 1383 1684 1422 edidit
1724 1385 1882 1434 Homey
1923 1386 1961 1423 in
1985 1384 2234 1433 Supplement.
2268 1385 2420 1423 Pan-um.

1377 1444 1459 1482 Pag·
1482 1445 1590 1491 4532

1479 1485 1620 1535 Duplici
1638 1486 1758 1535 cymba
1771 1487 1929 1535 juvatur
1944 1496 2010 1537 ope.
2036 1487 2168 1526 Euam.

1439 1537 1522 1585 665.
1560 1537 1789 1586 Distinguunt
1829 1537 1910 1574 vela
1940 1539 2146 1587 corymbis]
2196 1537 2421 1586 Distringunt

1380 1587 1478 1635 prior
1501 1588 1636 1636 Regius
1660 1589 1698 1625 &
1727 1588 1833 1624 multi
1863 1588 1933 1625 aiii.
1958 1588 2018 1626 lib.
2042 1600 2094 1625 1v.
2122 1589 2202 1637 562.

1435 1643 1599 1689 Aequora
1621 1639 1831 1687 distringunt
1843 1638 1975 1686 fimitis
1997 1639 2178 1688 Ismenides
2199 1639 2276 1676 alis.

1383 1690 1557 1739 Utroque
1578 1690 1664 1727 loco
1688 1690 1900 1738 destringunt
1919 1689 2131 1738 legendum.
2152 1690 2331 1727 Proximo
2343 1692 2435 1726 vero*-

1382 1740 1444 1785 su,
1471 1753 1538 1789 pro
1560 1741 1767 1789 racemiferis
1797 1741 1878 1777 uvis
1901 1769 1912 1785 ‚
1939 1740 2150 1778 Scholiastes
2181 1741 2282 1777 Statii
2305 1739 2429 1777 Theb.

1384 1803 1438 1829 ιν.
1461 1792 1546 1841 656.
1574 1792 1812 1829 circumdatus
1825 1791 1968 1828 umbris.
1997 1792 2127 1829 Statius
2148 1802 2184 1829 v.
2206 1790 2426 1838 Theb.269.

1486 1849 1567 1880 Non
1589 1842 1644 1879 ille
1665 1844 1804 1893 quidem
1826 1842 2000 1891 turgentia
2012 1842 2116 1891 sertis

1436 1899 1597 1944 Tempora
1611 1922 1622 1939 ,
1651 1908 1709 1930 nec
1727 1893 1827 1942 flava
1849 1894 1978 1930 crinem
1998 1893 2228 1939 destrinxerat
2247 1905 2334 1930 uva.

1386 1945 1441 1983 Ita
1461 1944 1735 1994 praestantiores
1755 1944 1898 1992 scripti,
1925 1956 2003 1981 non
2026 1944 2243 1991 distinxerat.
2268 1943 2431 1991 constrin-

1381 2007 1478 2045 gunt
1497 1996 1558 2033 hic
1579 2007 1672 2033 unus
1703 1995 1857 2032 Moreti.
1887 1994 2108 2044 stringuntur
2141 1995 2250 2041 Junii.
2286 1994 2359 2032 vid.
2387 1994 2433 2030 ad

1390 2059 1454 2084 111.
1475 2047 1582 2084 Pont.
1604 2059 1668 2083 111.
1693 2059 1748 2094 52.
1778 2046 1921 2083 Hzms.
1974 2045 2066 2084 illud
2086 2057 2176 2082 vero
2207 2045 2339 2083 umbris
2370 2044 2447 2089 adf,

1391 2097 1549 2135 modum
1573 2096 1765 2135 blanditur.
1791 2096 1841 2134 ita
1860 2097 1989 2145 Virgil.
2011 2109 2064 2133 vr.
2088 2107 2173 2143 772,

1442 2153 1563 2197 Atque
1580 2147 1747 2184 umbrata
1763 2158 1890 2197 gerunt
1911 2147 2009 2185 civili
2030 2156 2181 2197 tempora
2204 2158 2343 2197 quercu.

1392 2198 1440 2237 Et
1460 2199 1544 2237 Val.
1563 2198 1750 2237 Flacc.1v.
1777 2210 1858 2249 137.

1862 2250 2099 2300 Umbrataque
2120 2248 2218 2285 vidit

1445 2308 1607 2351 Tempora
1628 2298 1813 2347 Parrhasio
1829 2300 1942 2350 patris
1966 2302 2006 2337 de
2027 2314 2117 2338 more
2135 2299 2260 2349 galero.

1395 2353 1450 2390 Ita
1462 2353 1558 2402 apud
1581 2353 1734 2392 Statium
1757 2351 1816 2389 lib.
1840 2363 1883 2388 vi
1898 2363 1952 2388 11.
1976 2363 2059 2400 572,

1629 2404 1681 2440 Sic
1700 2403 1857 2439 Hircana
1880 2402 1926 2438 leo
1949 2402 2092 2452 Caspius
2111 2402 2238 2439 umbra

1447 2456 1574 2492 Nudus
1594 2454 1709 2491 adhuc
1721 2481 1731 2499 ,
1759 2453 1919 2503 nulloque
1933 2453 2038 2503 jubae
2048 2452 2221 2502 flaventis
2241 2451 2365 2490 honore

1449 2505 1633 2543 Terribilis.

1396 2557 1472 2594 Ubi
1494 2557 1592 2594 reue
1610 2557 1776 2594 Barthius
1798 2556 1961 2593 umbram
1983 2555 2029 2592 de
2051 2555 2190 2592 Leonis
2217 2554 2304 2603 juba
2328 2555 2455 2604 expli-2-

1397 2616 1466 2645 cat.
1492 2608 1541 2645 ita
1563 2608 1663 2645 enim
1698 2609 1737 2645 ὃς
1768 2607 1945 2645 Martialis
1972 2606 2032 2643 lib.
2064 2616 2175 2644 vixx.
2199 2619 2256 2654 ςς,
2292 2607 2369 2642 fere
2399 2606 2438 2642 in

1397 2659 1558 2696 eundem
1583 2668 1756 2695 morem:

1451 2715 1481 2745 O
1503 2719 1679 2758 quantum
1695 2717 1756 2756 per
1779 2707 1863 2744 colla
1876 2708 1972 2744 decus
1987 2734 1996 2750 ‚
2009 2720 2109 2757 quem
2127 2705 2252 2756 sparsit
2264 2706 2439 2752 honorem,

1497 2764 1623 2795 Aurea
1646 2757 1790 2794 limatae
1812 2772 1890 2795 cum
1913 2758 2010 2805 stetit
2032 2757 2158 2794 umbra
2171 2757 2290 2806 jubae.

1396 2809 1450 2847 Ita
1472 2810 1572 2847 enim
1586 2809 1739 2846 Thuani
1752 2808 1871 2846 codex
1885 2809 1922 2845 &
1944 2808 2179 2857 alius,quem
2208 2808 2298 2845 vidit
2321 2807 2450 2844 Hein*

1395 2860 1464 2898 sius
1478 2888 1488 2904 ,
1503 2862 1542 2898 &
1565 2859 1732 2896 Vossiani
1754 2861 1930 2909 quinque.
1962 2870 2049 2896 nam
2078 2858 2180 2908 quod
2201 2858 2314 2906 vulgo
2344 2859 2454 2894 unda*

1393 2912 1560 2960 legatur,
1585 2910 1672 2947 huic
1694 2910 1780 2947 loco
1811 2911 1933 2947 minus
1963 2909 2214 2954 conveniens,
2233 2909 2320 2957 quia
2344 2908 2441 2954 stetit

1395 2962 1512 2999 comis
1525 2960 1744 2999 undantibus
1756 2973 1833 2998 non
1845 2969 1921 2998 tam
1935 2959 2029 2998 bene
2042 2959 2222 3008 congruit.
2245 2958 2334 2996 ficut
2349 2970 2454 2996 con--

1394 3021 1448 3049 tra
1468 3013 1604 3049 undam
1625 3011 1722 3059 apud
1751 3011 1872 3048 Valet.
1887 3011 2059 3048 Flaccum
2078 3022 2114 3046 11
2129 3021 2157 3046 r.
2173 3022 2254 3058 525.
2278 3020 2345 3057 pro
2363 3022 2441 3045 um-

1395 3062 1457 3099 bra
1479 3063 1745 3101 vindicabimus
1778 3070 1905 3099 contra
1929 3062 2098 3098 Gronov.
2119 3059 2180 3096 lib.
2207 3071 2262 3098 xv.
2283 3058 2369 3096 Obs.
2387 3057 2440 3096 18.

1394 3113 1456 3149 ubi
1489 3114 1604 3151 multa
1636 3112 1781 3162 egregia
1811 3113 1907 3150 hanc
1938 3112 1977 3149 in
2007 3122 2085 3149 rem
2106 3109 2228 3149 habet.
2261 3109 2363 3148 idem
2395 3109 2453 3148 de*

1394 3163 1501 3201 barba
1524 3165 1584 3201 lib.
1612 3175 1668 3201 IV.
1700 3163 1783 3212 336.

1498 3221 1597 3252 Dum
1620 3214 1717 3256 roseis
1739 3214 1839 3251 venit
1859 3213 1984 3250 umbra
2002 3212 2109 3262 genis.

1397 3265 1472 3302 Ubi
1485 3265 1570 3303 vide
1593 3264 1770 3303 eumdem
1793 3264 1995 3310 flaminum,
2010 3265 2049 3304 ὃς
2061 3263 2127 3304 adl
2139 3274 2196 3315 151.
2208 3261 2292 3303 Silv.
2311 3274 2366 3305 1.v.
2378 3263 2442 3314 795

1384 3315 1589 3357 Claudi-an.
1616 3315 1726 3369 Confi
1749 3314 1861 3365 Olyb.
1884 3315 1944 3363 69.
2281 3314 2296 3354 .’
2365 3314 2414 3405 A'

2406 3373 2456 3399 az*
