2483 3616
695 175 756 235 Ρ.
829 170 1247 236 OVIDII
1319 170 1854 229 NASONIS

522 285 680 360 Quae
703 287 867 352 freta,
901 303 1033 359 quas
1059 298 1227 341 terras
1249 281 1342 337 sub
1366 283 1418 337 se
1444 283 1654 338 vidisset
1679 284 1741 338 ab
1766 285 1900 339 alto:

524 361 600 418 Et
623 379 759 436 quae
781 360 980 433 ja&atis
1005 355 1255 430 tetigisset
1282 355 1448 412 fidera
1473 357 1676 428 pennis.

524 439 674 492 Ante
702 432 1062 506 exspeRatum
1085 430 1251 485 tacuit
1279 445 1470 483 tamen.
1512 430 1712 502 excipit
1738 448 1872 485 unus

382 528 482 581 790
517 508 568 565 E
593 524 820 564 numero
843 523 1161 579 procerum,
1200 520 1488 576 quaerens.‚
1527 521 1621 556 cur
1649 503 1754 556 sola
1779 504 2025 561 sororum

524 580 758 637 Gefferit
784 578 998 634 alternis
1022 577 1301 633 immixtos
1328 575 1561 629 crinibus
1587 592 1799 646 angues,

601 653 819 726 Hospes
844 653 944 716 ait,
983 651 1256 724 Quoniam
1283 648 1478 702 scitaris
1506 647 1665 719 digna
1690 648 1907 712 relatu&

484 763 487 766 -
527 727 738 799 Accipe
765 725 986 799 quaesiti
1013 723 1253 778 caussam.
1295 720 1570 776 clarissima
1599 721 1815 784 forma,>

529 797 949 872 Multorumque
975 797 1076 853 fuit
1106 798 1222 870 spes
1245 794 1504 850 invidiosa
1529 812 1842 868 procorum..

243 1007 282 1045 δε
312 1004 387 1042 hoc
416 999 548 1040 melius
581 999 661 1039 collo
692 1000 870 1041 convenit
902 1030 914 1048 ,

241 1057 501 1095 Buammws.

294 1107 376 1153 784.
401 1105 589 1155 Penmsque
600 1105 763 1154 fugacem
779 1104 929 1155 Pegafim
951 1115 996 1145 ω’
1008 1104 1205 1155 fratrem]
1219 1105 1289 1142 Pe-

241 1158 341 1207 gasus
371 1168 486 1207 equus
517 1157 654 1202 alatus,
681 1156 721 1193 &
753 1156 958 1207 Chrysaor,
987 1156 1111 1194 ensem
1134 1168 1290 1194 aureum

242 1211 280 1247 in
304 1220 417 1246 manu
437 1217 567 1246 tenens
580 1236 590 1254 ‚
618 1207 806 1257 finguntur
828 1221 875 1247 ex
895 1208 993 1245 collo
1006 1206 1186 1245 Medusae
1197 1206 1292 1244 reci-

238 1260 277 1298 so
289 1260 405 1308 capite
418 1287 428 1304 ,
448 1259 567 1297 statim
581 1257 741 1297 exiliiffe.
771 1260 955 1309 Quamvis
966 1258 1100 1296 Aratus
1112 1257 1209 1297 dicat
1223 1259 1291 1296 Pe-

241 1310 366 1360 gasum
389 1311 556 1359 Neptuni
586 1312 626 1348 &
655 1310 834 1349 Medusae
855 1310 972 1348 filiurn
1001 1308 1118 1348 fuiffe.
1172 1310 1292 1359 Chry-

244 1362 345 1400 saora
367 1372 455 1411 ergo
484 1363 634 1399 fratrem
667 1362 793 1411 Pegasi
822 1370 933 1400 vocat
953 1364 1092 1410 po'e'ta,
1120 1361 1289 1410 quamvis

963 1013 1077 1052 quain
1124 1000 1286 1050 exsecare.

242 1413 283 1450 in
317 1412 582 1461 exemplaribus
613 1414 751 1458 fratres
783 1412 908 1461 plurali
937 1424 1096 1450 numero
1121 1421 1314 1460 corrupte·

242 1463 396 1512 legatur.
435 1462 514 1500 Nisi
542 1464 667 1501 fratres
686 1464 782 1501 forte
800 1463 1021 1512 accipiamus
1042 1463 1222 1511 serpentes
1245 1474 1290 1500 ex

242 1514 422 1557 Medusae
441 1514 615 1563 sanguine
645 1524 746 1553 ortos
760 1543 770 1559 ,
799 1516 847 1552 ita
860 1526 1023 1564 namque
1035 1517 1171 1562 fratres
1188 1514 1288 1552 recte

244 1565 438 1614 legeretur.
464 1567 636 1603 Rmms.
665 1566 832 1613 Quidam
844 1566 1049 1615 legunt,c9⁴
1061 1567 1200 1613 fontem
1212 1579 1290 1602 ma-

247 1618 333 1661 tris,
361 1629 433 1656 cyc.
472 1616 545 1655 Sed
574 1629 653 1655 non
681 1616 765 1654 sane
799 1617 938 1662 video,
964 1628 1076 1667 quare
1099 1628 1145 1654 eo
1170 1616 1288 1654 modo

244 1667 444 1715 legendum
467 1666 648 1706 censeant.
675 1667 718 1705 In
742 1668 897 1718 antiquis
920 1668 1094 1705 omnibus
1104 1676 1227 1717 aperte
1239 1668 1309 1705 le--

247 1718 367 1767 gitur,
403 1730 445 1758 (φ
467 1720 603 1766 fratres
636 1720 762 1756 matris
785 1748 795 1763 ‚
829 1721 867 1757 ὃς
898 1718 1047 1768 reliqua.
1068 1718 1108 1755 de
1123 1719 1295 1768 sanguine

249 1769 375 1806 matris
388 1786 398 1805 .·
427 1770 496 1808 Per
518 1779 670 1809 matrem
689 1770 764 1807 hoc
781 1770 869 1808 loco
885 1798 894 1813 ,
907 1777 947 1808 ut
970 1771 1009 1808 δε
1029 1769 1188 1817 superius
1200 1782 1295 1820 quo-

248 1831 347 1869 que,
374 1828 507 1859 terram
529 1849 540 1866 ,
568 1833 614 1858 ex
645 1832 719 1870 qua
748 1821 818 1858 orti
842 1828 944 1858 erant
974 1822 1120 1864 fratres,
1147 1821 1222 1858 hoc
1244 1821 1294 1859 est

247 1870 429 1919 serpentes
443 1899 453 1916 ‚
481 1871 648 1920 accipere
670 1871 859 1909 debemus.
912 1872 955 1909 In
975 1871 1024 1909 lib
1060 1870 1183 1910 Urfini
1204 1872 1315 1921 legia

245 1929 306 1959 tur
319 1949 331 1966 ,
349 1923 465 1969 fimtes
487 1933 645 1960 numero
659 1922 912 1962 multitudinis.
939 1923 1154 1960 Cromnos.
1174 1923 1296 1973 Chry-

246 1971 391 2010 saorem
412 1972 591 2023 intelligit.
610 2012 612 2014 ,
645 1975 771 2022 Quare
793 1985 883 2010 cave
906 1973 1030 2011 audias
1059 1974 1206 2012 codices
1221 2003 1231 2019 ‚
1257 1975 1296 2012 in

249 2023 380 2072 quibus
401 2035 469 2073 pro
488 2026 659 2069 fratrem,
686 2024 746 2061 vel
755 2048 758 2049 ν
760 2026 896 2072 fontem
911 2053 921 2070 ‚
949 2024 1009 2061 vel
1023 2026 1139 2072 fontes
1150 2025 1295 2075 legitur.
1316 2062 1319 2064 .

251 2074 366 2111 Multi
403 2083 530 2112 tamen
563 2087 609 2111 ex
639 2074 892 2114 vetustioribus
913 2105 924 2120 ‚
953 2078 1089 2123 fratres
1107 2105 1118 2121 ‚
1140 2085 1185 2119 *ut
1213 2089 1298 2114 cum

252 2124 456 2173 Chrysaore
471 2125 647 2163 Cerberus
658 2125 886 2175 intelligatur.
902 2128 1045 2165 Hiatus.
1058 2127 1159 2164 Male
1173 2128 1303 2165 Ciofa-

253 2187 320 2213 nus
340 2175 401 2213 hic
431 2188 494 2226 per
516 2185 672 2214 matrem
687 2184 840 2222 ‚terram
853 2178 1035 2226 intelligit,
1045 2189 1130 2215 cum
1146 2180 1303 2216 manife-

253 2226 349 2264 stum
371 2225 414 2264 sit
432 2227 545 2275 ipsam
559 2227 752 2265 Medusam
765 2228 915 2278 intelligi
929 2257 938 2273 ‚
952 2240 996 2266 ex
1018 2229 1119 2278 cujus
1130 2228 1303 2278 sanguine

253 2286 506 2326 provenerunt
526 2278 677 2327 Pegasus
691 2280 729 2316 &
751 2279 952 2328 Chrysaor;
968 2288 1008 2316 ut
1027 2280 1136 2317 tradit
1157 2289 1299 2329 praeter

257 2328 347 2365 alios
369 2328 543 2367 Pindarus
566 2330 642 2368 Od.
665 2329 795 2379 Olym.
819 2342 908 2368 xm.
931 2331 991 2377 89.
1018 2331 1293 2380 (ubiPegasum

257 2377 374 2416 filium
408 2379 585 2418 Medusae
606 2389 728 2418 vocat.
761 2381 834 2419 vid.
860 2381 909 2419 ibi
943 2382 1091 2430 Schol.)
1120 2382 1300 2420 Tatianus

260 2432 428 2468 oratione
439 2431 606 2469 adversus
627 2440 762 2481 gentes.
785 2434 891 2474 §.12.
916 2433 930 2481 ζ
942 2434 1003 2470 ubi
1022 2432 1202 2471 Gesnerus
1219 2434 1299 2482 jam

261 2479 359 2517 reae
381 2481 480 2519 hunc
495 2483 624 2520 Ovidii
644 2484 769 2520 locum
785 2484 973 2533 explicuit)
998 2484 1300 2532 &Apollodorus

259 2529 318 2585 lib..
356 2544 411 2569 11.
448 2534 480 2574 ᾗ.
503 2546 536 2570 2.
582 2534 646 2582 qui
679 2534 883 2583 Chrysaora
925 2536 1128 2585 Geryonae
1160 2544 1301 2584 patrem

260 2579 364 2617 fuiffe
393 2582 489 2620 dicit.
514 2585 553 2621 ὃς
575 2585 801 2634 Anonymus
833 2586 877 2623 de
910 2585 1110 2624 duodecim
1135 2588 1306 2625 Herculis

260 2629 442 2670 laboribus
464 2645 541 2682 cap.
566 2647 600 2672 x.
629 2647 673 2672 ex
697 2635 898 2674 Callirrhoe
924 2638 1071 2675 Oceani
1093 2637 1164 2675 filia
1188 2638 1307 2686 Chry-

262 2680 364 2718 saora
385 2682 567 2733 suscepisse
589 2686 626 2722 &
650 2686 854 2735 Geryonen
874 2689 943 2731 ait3
973 2697 1013 2725 ut
1035 2690 1073 2726 δε
1096 2689 1308 2727 Scholiastes

263 2731 421 2769 Hesiodi
442 2734 478 2770 in
501 2736 727 2783 Theogonia
757 2737 844 2774 vers.
868 2739 952 2784 287.
980 2740 1150 2788 quamvis
1182 2740 1310 2777 auecor

265 2782 519 2831 allegoriarum
560 2786 734 2834 Pegasum
777 2787 884 2824 faciat
922 2797 1063 2836 patrem
1096 2791 1310 2838 Geryonae.

265 2832 410 2871 Servius
430 2846 520 2871 vero
542 2835 587 2871 ad
608 2836 710 2884 Virg.
733 2849 778 2873 11.
802 2838 897 2874 Aen.
920 2840 1006 2877 616.
1035 2841 1229 2878 Medusam
1259 2852 1306 2877 ex

266 2884 448 2932 Neptuno
477 2884 651 2933 peperisse
686 2887 883 2934 Pegasum,
923 2890 1026 2937 quod
1058 2899 1097 2927 ut
1128 2891 1306 2927 intellexit

263 2934 437 2972 Minerva
451 2964 462 2980 ,
490 2936 565 2985 ejus
587 2946 694 2984 caput
724 2937 922 2985 amputasse
945 2942 982 2975 ἅ
1005 2940 1147 2987 Ρεξὶοῑί
1167 2940 1231 2977 suo
1252 2942 1307 2977 af-

263 2983 402 3031 fixisse,
425 2987 463 3023 &
486 2987 656 3035 Hyginus
678 2987 748 3024 fab.
777 3000 911 3036 151.ex
925 2990 1104 3037 Neptuno
1127 2990 1305 3038 Pegasum

267 3036 306 3072 ὃ(
328 3037 530 3085 Chrysaora
548 3047 676 3075 natum
699 3039 758 3075 ait.
781 3038 866 3075 vide
888 3040 925 3075 ὃς
948 3040 1070 3077 Lutat.
1091 3039 1137 3077 ad
1153 3041 1305 3077 Stat.1v.

266 3086 389 3124 Theb.
409 3087 468 3125 60.
503 3090 540 3126 ὃς
563 3089 694 3125 Tzetz.
718 3089 764 3126 ad
798 3089 970 3138 Lycoph.
1001 3102 1055 3136 ¹7-
1082 3098 1159 3127 tota
1180 3099 1305 3127 autem

266 3136 391 3186 Pegafi
420 3139 502 3176 alati
544 3139 664 3176 fabula
708 3139 753 3177 ad
783 3139 1072 3178 velificationem
1104 3141 1303 3179 referenda.

270 3188 344 3223 vid.
372 3189 493 3226 Lutat.
517 3189 563 3226 ad
592 3189 679 3227 Stat.
696 3202 726 3228 1.
747 3191 870 3228 Theb.
894 3205 974 3240 545.
1003 3193 1042 3230 ὃς
1063 3192 1232 3240 Palaepli.
1260 3191 1306 3229 de

269 3236 448 3276 lncredib.
472 3251 503 3276 c.
526 3252 586 3289 30.
622 3241 819 3290 quomodo
840 3252 964 3279 autem
989 3243 1138 3292 Pegasus
1159 3244 1306 3280 fontem

272 3286 537 3344 {lippocrenen
560 3291 786 3339 produxerit,
808 3292 883 3332 vid.
908 3294 994 3333 Stat.
1017 3306 1071 3332 vt.
1086 3293 1210 3332 Theb.
1225 3305 1243 3344 3
1252 3293 1310 3344 38.

274 3347 311 3373 c<
331 3338 378 3373 ibi
399 3338 598 3379 Barihium.
625 3342 758 3382 Euam.

2233 901 2245 914 ³.
2273 868 2359 923 iiia
2373 886 2406 924 ε·
2476 855 2478 858 ’

1397 999 1482 1048 789.
1511 1004 1609 1037 Ante
1627 995 1899 1050 exspeffatmm]
1937 996 2038 1036 Vide
2060 995 2117 1036 Cl.
2137 994 2326 1056 Drakenb.
2347 993 2413 1035 ad..
2478 1022 2479 1026 =

1347 1051 1422 1090 Silii
1443 1052 1503 1089 lib.
1527 1064 1583 1089 11.
1631 1065 1657 1088 ¹.

1398 1116 1482 1152 790.
1511 1063 1628 1153 ΜΒ]
1659 1109 1735 1141 Una
1754 1114 1892 1152 magna
1903 1112 1983 1150 pars
2003 1099 2225 1140 veterum&
2244 1097 2397 1148 quidam
2411 1123 2416 1135 -.
2478 1103 2480 1119 ³

1349 1154 1450 1192 editi.
2478 1167 2480 1174 ι

1402 1217 1486 1254 791.
1515 1205 1726 1256 Immistos.]
1758 1205 1930 1253 Immistas
1961 1216 2053 1242 unus
2075 1200 2284 1241 Voffianus.
2313 1204 2400 1238 mo-⁴

1346 1257 1411 1295 nui
1442 1257 1554 1306 supra.
1598 1258 1734 1294 rimus.
1788 1257 1954 1293 Alternos
1994 1256 2187 1294 immixtos.
2226 1251 2418 1291 cantabr..

1349 1309 1387 1347 &
1408 1308 1467 1345 sex
1478 1309 1547 1346 aiii.
1575 1308 1734 1357 imwifflvs
1757 1308 1916 1356 Neapol.

1403 1371 1486 1407 792.
1515 1360 1668 1397 scitaris.
1682 1365 1696 1409 j
1726 1359 1898 1396 Scrutaris
1928 1359 2093 1396 Vossian.
2117 1359 2155 1396 δε
2177 1357 2354 1396 Gronov.
2369 1404 2378 1411 ⁴

1399 1421 1482 1460 793.
1512 1410 1709 1458 Clarissima
1737 1409 1897 1458 forma]
1937 1409 2225 1448 Pulcherrimam
2260 1409 2404 1445 foemi-v‘

1345 1473 1476 1500 narum
1498 1460 1601 1499 fuiffe
1617 1461 1809 1499 Medusam
1834 1462 1967 1498 ferunt.
1997 1460 2295 1505 sz’mdpuovvocat
2312 1457 2401 1494 Pin-2
2420 1479 2422 1482 v

1345 1513 1450 1551 datus
1470 1513 1532 1551 od.
1554 1526 1606 1551 η.
1636 1514 1740 1563 Pyth.
1769 1513 1861 1550 illius
1883 1513 2008 1562 itaque
2032 1523 2163 1550 amore
2181 1518 2305 1559 captos
2332 1507 2400 1544 ob-

1345 1563 1524 1613 stupuiffe.
1562 1565 1720 1602 Narrant
1740 1563 1931 1602 Diodorus
1953 1564 2011 1601 lib.
2026 1575 2079 1601 xv.
2094 1563 2131 1600 8<
2145 1560 2331 1600 Pausanias
2353 1569 2425 1595 Π...
2481 1553 2483 1577 ⁴

1353 1616 1549 1654 Medusam
1593 1616 1758 1664 reginam
1792 1612 1896 1652 fuiffe
1937 1614 2054 1663 gentis
2084 1613 2274 1651 bellicosae
2298 1612 2425 1660 juxta2
2481 1615 2483 1641 l

1350 1667 1592 1705 Tritonidem
1615 1667 1787 1715 paludem
1803 1695 1814 1711 ‚
1842 1666 1881 1703 ὃς
1903 1665 2018 1703 noc‘tu
2036 1676 2100 1713 per
2120 1664 2263 1702 insidias
2276 1661 2296 1699 a
2311 1662 2396 1699 Per-

1349 1718 1410 1755 seo
1434 1716 1664 1766 oppressam,
1694 1726 1865 1755 mortuae
1896 1716 2207 1764 pulchritudinem
2238 1711 2415 1750 admira--

1349 1776 1430 1806 tum
1456 1768 1625 1807 Perseum
1649 1766 1858 1817 praecidisse
1890 1776 2022 1814 caput,
2051 1769 2089 1804 ὃς
2104 1794 2115 1811 ,
2137 1774 2175 1803 ut
2195 1760 2430 1814 spectaculo‘-
2482 1803 2483 1813 η

1352 1818 1460 1865 ess'et,
1487 1820 1525 1857 in
1538 1820 1732 1856 Graeciam
1757 1817 1972 1868 deportasse.
1986 1817 2177 1855 Pausanias
2189 1824 2317 1853 tamen
2336 1812 2405 1851 ibi·
2424 1835 2428 1838 -
2482 1821 2483 1869 J

1349 1870 1435 1908 dem
1462 1871 1586 1914 refert,
1612 1871 1782 1908 l'roclum
1797 1867 2135 1917 Carthaginiensem
2159 1867 2269 1904 literis
2296 1875 2404 1902 man-

1350 1920 1468 1968 daffe,
1495 1921 1628 1959 bestiae
1649 1922 1724 1959 hoc
1746 1933 1860 1970 genus
1881 1918 1975 1964 effe,
2003 1919 2108 1969 quod
2131 1917 2403 1956 &Athenaeus

1349 1973 1459 2012 lib.v.
1473 1984 1552 2022 cap.
1581 1985 1636 2020 19.
1656 1972 1764 2010 tradit
1786 1971 1858 2009 effe
1888 1971 1973 2018 ζῶον
2003 1972 2107 2006 κάτω
2133 1969 2274 2014 βλέπον
2297 1977 2403 2004 exeo

1353 2036 1503 2074 genere,
1514 2024 1658 2074 quaein
1670 2022 1795 2061 Afric-a·
1806 2022 1885 2060 sunt
1897 2021 2142 2062 ἀπολεθώτεως
2153 2018 2337 2061 ἀνθρώποις
2348 2015 2407 2053 αἱ·
2482 2033 2483 2068 3

1357 2077 1429 2113 trix.
1449 2087 1563 2125 quem
1574 2075 1654 2124 lege
1668 2103 1679 2120 ,
1701 2075 1739 2112 ὅ(
1752 2074 1841 2111 Plin.
1853 2073 1912 2110 lib.
1930 2085 2020 2109 vm.
2035 2083 2066 2108 c.
2079 2083 2131 2108 21.
2148 2072 2187 2108 ὃ(
2200 2069 2342 2107 Aelian.
2356 2066 2404 2105 de
2429 2084 2432 2088 ⁴
2482 2076 2483 2106 ἦ

1357 2127 1497 2164 Anima
1508 2126 1567 2163 lib.
1584 2138 1680 2163 xvir.
1693 2137 1723 2163 c.
1738 2125 1974 2172 Palaephatus
1985 2123 2045 2161 lib.
2058 2134 2085 2160 1.
2098 2130 2216 2160 narrat
2228 2120 2406 2174 Phorcyn
2482 2130 2483 2177 ᾗ

1356 2190 1482 2226 regem
1510 2177 1771 2226 Cyreneorum
1801 2174 1923 2213 feciffe
1955 2175 2109 2212 statuam
2142 2182 2292 2210 auream
2328 2170 2406 2225 Mi·
2430 2194 2433 2196 -
2481 2187 2483 2201 ι

1357 2240 1517 2274 nervae,
1545 2239 1658 2277 quam
1690 2227 1852 2276 Cyrenei
1884 2226 2106 2274 Gorgonem
2129 2222 2322 2279 vocabant.
2350 2232 2408 2276 γι·
2481 2250 2483 2271 2

1358 2291 1440 2317 rum
1462 2279 1605 2316 bonum
1627 2279 1735 2327 liujus
1755 2276 1946 2315 custodem
1961 2278 1998 2314 δε
2021 2275 2170 2324 vigilem
2195 2270 2407 2330 intercepis-
2482 2295 2483 2330 3

1353 2330 1388 2369 se
1413 2331 1499 2368 navi
1521 2329 1759 2379 praedatoria.
1787 2328 1807 2366 ὲ
1839 2328 1950 2365 tribus
1973 2326 2128 2364 Phorcei
2157 2324 2295 2362 filiabus
2319 2323 2408 2379 Me·-

1357 2381 1505 2426 dusam,
1531 2381 1615 2431 quia
1648 2380 1796 2429 negavit
1827 2378 1862 2416 se
1883 2377 2104 2415 ostensuram
2120 2405 2132 2420 ‚
2154 2376 2215 2413 ubi
2238 2372 2324 2412 effet
2346 2373 2407 2411 illa
2428 2390 2429 2394 ¹
2482 2403 2483 2420 ³

1357 2433 1494 2477 statua,
1516 2430 1757 2476 interfecisse,
1789 2431 1861 2468 &c.
1889 2429 2049 2467 Tzetzes
2071 2427 2188 2465 adfert
2209 2424 2404 2474 mytholo-

1357 2485 1455 2531 giam
1488 2482 1549 2520 sub
1571 2483 1678 2519 initio
1709 2488 1915 2519 comment.
1937 2481 1975 2518 in
1997 2478 2185 2528 Lycophr.
2217 2477 2372 2531 Περ-σεῦς
2394 2473 2413 2512 ὅ
2482 2510 2483 2530 3

1361 2534 1457 2577 ἥλιός
1475 2533 1545 2579 ἐςι,
1567 2530 1689 2572 Α’θκνέ
1709 2533 1749 2569 δὲ
1762 2532 1793 2578 ,ὃ
1813 2532 1878 2576 ἀὴρ
1891 2560 1902 2576 ,
1925 2532 1997 2568 &e
2010 2530 2118 2567 aliam
2132 2527 2340 2576 Fulgentius
2351 2524 2414 2563 sub
2435 2545 2438 2552 ι
2482 2553 2483 2580 ἢ

1362 2586 1463 2623 exitu
1483 2586 1541 2622 lib.
1558 2597 1588 2622 r.
1612 2584 1751 2621 Natalis
1781 2583 1922 2620 Comes
1951 2582 2061 2618 aliam
2082 2579 2143 2616 lib.
2163 2589 2236 2615 vn.
2258 2588 2337 2624 cap.
2358 2587 2414 2613 11.
2482 2582 2483 2621 j

1364 2638 1468 2674 &m
1482 2638 1520 2673 ὃς
1538 2648 1594 2684 13.
1622 2634 1758 2672 Noster
1778 2632 1939 2670 fabulose
1961 2631 2158 2679 det01quet
2183 2627 2229 2666 ad
2250 2625 2413 2665 offensae
2433 2643 2438 2663 .·

1365 2687 1559 2725 Minervae
1583 2684 1797 2721 vindictam.
1825 2681 1897 2718 Sed
1917 2681 1998 2718 finis
2019 2680 2071 2717 sit.
2099 2682 2275 2717 FARNAB.

1416 2748 1498 2783 794.
1524 2741 1598 2783 Spes
1618 2731 1833 2781 invidiosa]

1368 2799 1424 2824 1x.
1446 2799 1498 2823 io.
1524 2787 1562 2822 ὃς
1586 2783 1779 2832 utrobique
1802 2781 1961 2832 insidiosa
1981 2781 2149 2819 sollemni
2171 2779 2413 2830 permutatio·
2435 2802 2438 2805 >

1362 2849 1422 2875 ne.
1461 2836 1520 2873 sed
1551 2835 1711 2872 imitatus
1740 2834 1972 2882 Propertium
1996 2833 2130 2870 Noster
2146 2860 2157 2877 ,
2180 2832 2243 2882 qui
2269 2831 2330 2869 lib.
2356 2841 2436 2868 11..
2482 2834 2483 2839 ’

1366 2902 1398 2927 1.
1424 2889 1482 2937 83.

1413 2955 1595 2986 Maecenas
1618 2947 1746 2991 nostrae
1761 2949 1832 2999 spes
1856 2947 2035 2996 invidiosa
2051 2948 2236 2997 juventae.

1410 3016 1493 3063 796.
1522 3016 1738 3066 Referrent]
1776 3019 1929 3065 Referret
1941 3023 2101 3066 quatuor
2124 3013 2285 3057 codices,
2298 3010 2411 3055 redte}
2430 3040 2436 3048 .

1358 3075 1522 3115 utputo.
1564 3068 1608 3103 de
1633 3068 1727 3103 Nnc.
1759 3068 1817 3115 58.

1409 3129 1575 3166 Invenias
1589 3158 1599 3174 ,
1628 3131 1687 3180 qui
1711 3130 1767 3166 det
1790 3129 1842 3167 nil
1867 3130 1955 3167 mihi
1970 3137 2106 3180 praeter
2129 3126 2290 3164 humum.

1361 3191 1424 3229 ubi
1452 3192 1536 3229 vide
1560 3194 1670 3240 plura.
1729 3192 1909 3241 Quinctil.
1944 3205 1995 3229 1x.
2020 3202 2052 3238 3.
2095 3189 2221 3227 Inveni
2242 3216 2251 3232 ‚
2292 3187 2353 3239 qui
2373 3189 2414 3226 (θ’
2437 3200 2443 3207 ·’

1362 3242 1422 3279 hoc
1444 3253 1583 3279 vocaret
1606 3246 1754 3283 πλοκὴν.
1786 3244 1833 3281 Et
1853 3245 1903 3281 ita
1923 3242 1982 3279 ille
2005 3241 2154 3290 saepius,
2181 3238 2242 3277 sed
2264 3240 2303 3277 ὅ(
2328 3234 2415 3275 vers.
2438 3267 2441 3272 .

1366 3305 1426 3341 97.
1455 3293 1616 3341 ejusdem
1637 3295 1806 3331 carminis
1820 3294 1864 3331 de
1889 3293 1998 3330 Nuce
2014 3321 2025 3337 ‚

1416 3343 1510 3392 chm
1532 3354 1651 3383 tamen
1672 3345 1834 3382 invenias
1847 3372 1858 3389 ‚
1887 3344 1947 3394 qai
1968 3357 2021 3381 me
2037 3342 2253 3393 jaculentur.

2299 3387 2421 3427 Faber.
2444 3417 2448 3422 .

1876 2732 1982 2769 Idem
2014 2731 2133 2768 versus
2155 2730 2332 2779 repetitur
2350 2728 2414 2766 lib.
2433 2759 2436 2762 .
2482 2747 2483 2772 3
