<?xml version="1.0" encoding="UTF-8"?>
<!DOCTYPE html PUBLIC "-//W3C//DTD XHTML 1.0 Transitional//EN"
    "http://www.w3.org/TR/xhtml1/DTD/xhtml1-transitional.dtd">
<html xmlns="http://www.w3.org/1999/xhtml" xml:lang="en" lang="en">
 <head>
  <title>
</title>
<meta http-equiv="Content-Type" content="text/html;charset=utf-8" />
  <meta name='ocr-system' content='tesseract 3.04.00' />
  <meta name='ocr-capabilities' content='ocr_page ocr_carea ocr_par ocr_line ocrx_word'/>
</head>
<body>
  <div class='ocr_page' id='page_1' title='image "./publiiovidiinaso02ovid_0511.png"; bbox 0 0 2483 3616; ppageno 0'>
   <div class='ocr_carea' id='block_1_1' title="bbox 299 145 1912 215">
    <p class='ocr_par' dir='ltr' id='par_1_1' title="bbox 299 145 1912 215">
     <span class='ocr_line' id='line_1_1' title="bbox 299 145 1912 215; baseline 0.001 -4"><span class='ocrx_word' id='word_1_1' title='bbox 299 145 1546 211; x_wconf 87' lang='lat' dir='ltr'><strong>METAMORPHOSEON</strong></span> <span class='ocrx_word' id='word_1_2' title='bbox 1619 154 1912 215; x_wconf 76' lang='lat' dir='ltr'><strong>L1B.VII.</strong></span> 
     </span>
    </p>
   </div>
   <div class='ocr_carea' id='block_1_2' title="bbox 2090 175 2188 228">
    <p class='ocr_par' dir='ltr' id='par_1_2' title="bbox 2090 175 2188 228">
     <span class='ocr_line' id='line_1_2' title="bbox 2090 175 2188 228; baseline -0.02 -14"><span class='ocrx_word' id='word_1_3' title='bbox 2090 175 2188 228; x_wconf 85' lang='lat'><strong>501</strong></span> 
     </span>
    </p>
   </div>
   <div class='ocr_carea' id='block_1_3' title="bbox 187 234 1848 894">
    <p class='ocr_par' dir='ltr' id='par_1_3' title="bbox 341 234 1666 298">
     <span class='ocr_line' id='line_1_3' title="bbox 341 234 1666 298; baseline -0.002 1"><span class='ocrx_word' id='word_1_4' title='bbox 341 242 496 298; x_wconf 88' lang='lat' dir='ltr'><strong>Colla</strong></span> <span class='ocrx_word' id='word_1_5' title='bbox 520 236 696 293; x_wconf 86' lang='lat' dir='ltr'>torosa</span> <span class='ocrx_word' id='word_1_6' title='bbox 720 234 886 291; x_wconf 90' lang='lat' dir='ltr'><strong>boum</strong></span> <span class='ocrx_word' id='word_1_7' title='bbox 902 273 917 298; x_wconf 89' lang='lat'>‚</span> <span class='ocrx_word' id='word_1_8' title='bbox 955 235 1256 293; x_wconf 60' lang='lat' dir='ltr'><strong>vinstorum</strong></span> <span class='ocrx_word' id='word_1_9' title='bbox 1282 256 1482 296; x_wconf 89' lang='lat' dir='ltr'><strong>cornua</strong></span> <span class='ocrx_word' id='word_1_10' title='bbox 1505 240 1666 296; x_wconf 76' lang='lat' dir='ltr'><strong>vittis,</strong></span> 
     </span>
    </p>

    <p class='ocr_par' dir='ltr' id='par_1_4' title="bbox 200 307 1800 675">
     <span class='ocr_line' id='line_1_4' title="bbox 200 307 1550 384; baseline -0.001 -15"><span class='ocrx_word' id='word_1_11' title='bbox 200 333 303 384; x_wconf 84' lang='lat'><strong>430</strong></span> <span class='ocrx_word' id='word_1_12' title='bbox 338 315 522 368; x_wconf 91' lang='lat' dir='ltr'><strong>Nullus</strong></span> <span class='ocrx_word' id='word_1_13' title='bbox 554 307 898 366; x_wconf 85' lang='lat' dir='ltr'><strong>Erechthidis</strong></span> <span class='ocrx_word' id='word_1_14' title='bbox 923 307 1092 365; x_wconf 86' lang='lat' dir='ltr'><strong>fertur</strong></span> <span class='ocrx_word' id='word_1_15' title='bbox 1116 310 1433 367; x_wconf 82' lang='lat' dir='ltr'>celebratior</span> <span class='ocrx_word' id='word_1_16' title='bbox 1460 312 1550 368; x_wconf 93' lang='lat' dir='ltr'><strong>illo</strong></span> 
     </span>
     <span class='ocr_line' id='line_1_5' title="bbox 339 382 1447 457; baseline -0.001 -17"><span class='ocrx_word' id='word_1_17' title='bbox 339 382 561 440; x_wconf 82' lang='lat' dir='ltr'><strong>Illuxiffe</strong></span> <span class='ocrx_word' id='word_1_18' title='bbox 585 383 713 438; x_wconf 90' lang='lat' dir='ltr'><strong>dies.</strong></span> <span class='ocrx_word' id='word_1_19' title='bbox 753 382 954 455; x_wconf 85' lang='lat' dir='ltr'><strong>agitant</strong></span> <span class='ocrx_word' id='word_1_20' title='bbox 978 383 1223 439; x_wconf 87' lang='lat' dir='ltr'><strong>convivia</strong></span> <span class='ocrx_word' id='word_1_21' title='bbox 1246 397 1447 457; x_wconf 78' lang='lat' dir='ltr'><strong>patreS,</strong></span> 
     </span>
     <span class='ocr_line' id='line_1_6' title="bbox 330 456 1723 528; baseline 0.001 -17"><span class='ocrx_word' id='word_1_22' title='bbox 330 457 404 512; x_wconf 88' lang='lat' dir='ltr'><strong>Et</strong></span> <span class='ocrx_word' id='word_1_23' title='bbox 427 456 668 512; x_wconf 91' lang='lat' dir='ltr'><strong>medium</strong></span> <span class='ocrx_word' id='word_1_24' title='bbox 692 457 906 528; x_wconf 88' lang='lat' dir='ltr'><strong>vulgus:</strong></span> <span class='ocrx_word' id='word_1_25' title='bbox 948 473 1048 511; x_wconf 89' lang='lat' dir='ltr'><strong>nec</strong></span> <span class='ocrx_word' id='word_1_26' title='bbox 1074 474 1184 511; x_wconf 91' lang='lat' dir='ltr'><strong>non</strong></span> <span class='ocrx_word' id='word_1_27' title='bbox 1211 456 1267 511; x_wconf 82' lang='lat'>&amp;</span> <span class='ocrx_word' id='word_1_28' title='bbox 1294 459 1527 513; x_wconf 89' lang='lat' dir='ltr'><strong>carmina</strong></span> <span class='ocrx_word' id='word_1_29' title='bbox 1544 497 1558 522; x_wconf 94' lang='lat'>‚</span> <span class='ocrx_word' id='word_1_30' title='bbox 1596 459 1723 513; x_wconf 89' lang='lat' dir='ltr'><strong>vino</strong></span> 
     </span>
     <span class='ocr_line' id='line_1_7' title="bbox 329 528 1800 599; baseline 0.002 -15"><span class='ocrx_word' id='word_1_31' title='bbox 329 528 607 599; x_wconf 84' lang='lat' dir='ltr'><strong>Ingenium</strong></span> <span class='ocrx_word' id='word_1_32' title='bbox 633 529 890 593; x_wconf 81' lang='lat' dir='ltr'><strong>faciente,</strong></span> <span class='ocrx_word' id='word_1_33' title='bbox 926 542 1137 585; x_wconf 88' lang='lat' dir='ltr'><strong>canunt.</strong></span> <span class='ocrx_word' id='word_1_34' title='bbox 1178 544 1259 594; x_wconf 87' lang='lat' dir='ltr'><strong>te,</strong></span> <span class='ocrx_word' id='word_1_35' title='bbox 1296 531 1527 584; x_wconf 83' lang='lat' dir='ltr'><strong>maxime</strong></span> <span class='ocrx_word' id='word_1_36' title='bbox 1554 530 1800 597; x_wconf 83' lang='lat' dir='ltr'><strong>TheseU,</strong></span> 
     </span>
     <span class='ocr_line' id='line_1_8' title="bbox 330 600 1649 675; baseline 0.001 -19"><span class='ocrx_word' id='word_1_37' title='bbox 330 600 529 657; x_wconf 87' lang='lat' dir='ltr'><strong>Mirata</strong></span> <span class='ocrx_word' id='word_1_38' title='bbox 555 602 631 657; x_wconf 90' lang='lat' dir='ltr'><strong>est</strong></span> <span class='ocrx_word' id='word_1_39' title='bbox 653 601 945 657; x_wconf 83' lang='lat' dir='ltr'><strong>Marathon</strong></span> <span class='ocrx_word' id='word_1_40' title='bbox 971 601 1187 658; x_wconf 85' lang='lat' dir='ltr'><strong>Cretaei</strong></span> <span class='ocrx_word' id='word_1_41' title='bbox 1211 602 1461 675; x_wconf 89' lang='lat' dir='ltr'><strong>sanguine</strong></span> <span class='ocrx_word' id='word_1_42' title='bbox 1487 603 1649 658; x_wconf 88' lang='lat' dir='ltr'><strong>tauri:</strong></span> 
     </span>
    </p>

    <p class='ocr_par' dir='ltr' id='par_1_5' title="bbox 187 673 1848 894">
     <span class='ocr_line' id='line_1_9' title="bbox 187 673 1737 749; baseline 0.003 -21"><span class='ocrx_word' id='word_1_43' title='bbox 187 692 288 746; x_wconf 83' lang='lat'><strong>435</strong></span> <span class='ocrx_word' id='word_1_44' title='bbox 327 673 604 748; x_wconf 89' lang='lat' dir='ltr'><strong>Quodque</strong></span> <span class='ocrx_word' id='word_1_45' title='bbox 628 674 744 730; x_wconf 87' lang='lat' dir='ltr'><strong>Suis</strong></span> <span class='ocrx_word' id='word_1_46' title='bbox 768 675 982 730; x_wconf 88' lang='lat' dir='ltr'><strong>securus</strong></span> <span class='ocrx_word' id='word_1_47' title='bbox 1007 689 1115 729; x_wconf 88' lang='lat' dir='ltr'><strong>arat</strong></span> <span class='ocrx_word' id='word_1_48' title='bbox 1141 673 1454 749; x_wconf 86' lang='lat' dir='ltr'><strong>Cromyona</strong></span> <span class='ocrx_word' id='word_1_49' title='bbox 1487 676 1737 742; x_wconf 90' lang='lat' dir='ltr'><strong>colonus,</strong></span> 
     </span>
     <span class='ocr_line' id='line_1_10' title="bbox 333 747 1848 823; baseline 0.002 -20"><span class='ocrx_word' id='word_1_50' title='bbox 333 748 564 812; x_wconf 74' lang='lat' dir='ltr'><strong>MunUS,</strong></span> <span class='ocrx_word' id='word_1_51' title='bbox 603 765 845 821; x_wconf 82' lang='lat' dir='ltr'><strong>opusque</strong></span> <span class='ocrx_word' id='word_1_52' title='bbox 873 762 1027 821; x_wconf 87' lang='lat' dir='ltr'><strong>tuum</strong></span> <span class='ocrx_word' id='word_1_53' title='bbox 1052 747 1140 801; x_wconf 88' lang='lat' dir='ltr'><strong>est.</strong></span> <span class='ocrx_word' id='word_1_54' title='bbox 1182 749 1332 804; x_wconf 89' lang='lat' dir='ltr'><strong>tellus</strong></span> <span class='ocrx_word' id='word_1_55' title='bbox 1355 748 1646 822; x_wconf 88' lang='lat' dir='ltr'><strong>Epidauria</strong></span> <span class='ocrx_word' id='word_1_56' title='bbox 1673 768 1768 823; x_wconf 88' lang='lat' dir='ltr'><strong>per</strong></span> <span class='ocrx_word' id='word_1_57' title='bbox 1794 762 1848 805; x_wconf 88' lang='lat' dir='ltr'><strong>te</strong></span> 
     </span>
     <span class='ocr_line' id='line_1_11' title="bbox 333 819 1688 894; baseline 0.001 -19"><span class='ocrx_word' id='word_1_58' title='bbox 333 820 668 893; x_wconf 81' lang='lat' dir='ltr'><strong>Clavigeram</strong></span> <span class='ocrx_word' id='word_1_59' title='bbox 692 820 827 875; x_wconf 88' lang='lat' dir='ltr'><strong>vidit</strong></span> <span class='ocrx_word' id='word_1_60' title='bbox 858 819 1083 875; x_wconf 77' lang='lat' dir='ltr'><strong>Vulcani</strong></span> <span class='ocrx_word' id='word_1_61' title='bbox 1107 821 1431 877; x_wconf 86' lang='lat' dir='ltr'><strong>occumbere</strong></span> <span class='ocrx_word' id='word_1_62' title='bbox 1453 822 1688 894; x_wconf 85' lang='lat' dir='ltr'><strong>prolem:</strong></span> 
     </span>
    </p>
   </div>
   <div class='ocr_carea' id='block_1_4' title="bbox 333 891 1672 965">
    <p class='ocr_par' dir='ltr' id='par_1_6' title="bbox 333 891 1672 965">
     <span class='ocr_line' id='line_1_12' title="bbox 333 891 1672 965; baseline -0.001 -15"><span class='ocrx_word' id='word_1_63' title='bbox 333 891 489 950; x_wconf 89' lang='lat' dir='ltr'><strong>Vidit</strong></span> <span class='ocrx_word' id='word_1_64' title='bbox 515 893 569 948; x_wconf 86' lang='lat'>&amp;</span> <span class='ocrx_word' id='word_1_65' title='bbox 597 894 863 950; x_wconf 88' lang='lat' dir='ltr'><strong>immitem</strong></span> <span class='ocrx_word' id='word_1_66' title='bbox 891 891 1174 965; x_wconf 88' lang='lat' dir='ltr'><strong>Cephefias</strong></span> <span class='ocrx_word' id='word_1_67' title='bbox 1200 911 1295 950; x_wconf 85' lang='lat' dir='ltr'><strong>ora</strong></span> <span class='ocrx_word' id='word_1_68' title='bbox 1324 894 1672 952; x_wconf 87' lang='lat' dir='ltr'><strong>Procrusten:</strong></span> 
     </span>
    </p>
   </div>
   <div class='ocr_carea' id='block_1_5' title="bbox 37 1094 1088 3323">
    <p class='ocr_par' dir='ltr' id='par_1_7' title="bbox 171 1094 676 1144">
     <span class='ocr_line' id='line_1_13' title="bbox 171 1094 676 1144; baseline 0.002 -13"><span class='ocrx_word' id='word_1_69' title='bbox 171 1118 317 1131; x_wconf 81' lang='lat'><strong>...—.-</strong></span> <span class='ocrx_word' id='word_1_70' title='bbox 338 1094 406 1144; x_wconf 83' lang='lat' dir='ltr'><strong>fibi</strong></span> <span class='ocrx_word' id='word_1_71' title='bbox 423 1094 551 1144; x_wconf 84' lang='lat' dir='ltr'><strong>tristius</strong></span> <span class='ocrx_word' id='word_1_72' title='bbox 572 1094 676 1134; x_wconf 80' lang='lat' dir='ltr'><strong>illum</strong></span> 
     </span>
    </p>

    <p class='ocr_par' dir='ltr' id='par_1_8' title="bbox 95 1142 567 1194">
     <span class='ocr_line' id='line_1_14' title="bbox 95 1142 567 1194; baseline 0.006 -12"><span class='ocrx_word' id='word_1_73' title='bbox 95 1142 245 1194; x_wconf 83' lang='lat' dir='ltr'><strong>Illuxiffe</strong></span> <span class='ocrx_word' id='word_1_74' title='bbox 268 1145 369 1184; x_wconf 84' lang='lat' dir='ltr'><strong>diem.</strong></span> <span class='ocrx_word' id='word_1_75' title='bbox 398 1148 567 1185; x_wconf 79' lang='lat' dir='ltr'><strong>CIOFAN.</strong></span> 
     </span>
    </p>

    <p class='ocr_par' dir='ltr' id='par_1_9' title="bbox 42 1194 1088 1446">
     <span class='ocr_line' id='line_1_15' title="bbox 95 1194 1086 1246; baseline 0.005 -14"><span class='ocrx_word' id='word_1_76' title='bbox 95 1207 181 1245; x_wconf 83' lang='lat'><strong>431.</strong></span> <span class='ocrx_word' id='word_1_77' title='bbox 208 1197 362 1245; x_wconf 81' lang='lat' dir='ltr'><strong>Agitant</strong></span> <span class='ocrx_word' id='word_1_78' title='bbox 392 1198 555 1234; x_wconf 85' lang='lat' dir='ltr'><strong>convivia</strong></span> <span class='ocrx_word' id='word_1_79' title='bbox 578 1194 737 1246; x_wconf 87' lang='lat' dir='ltr'><strong>patres.]</strong></span> <span class='ocrx_word' id='word_1_80' title='bbox 782 1195 967 1235; x_wconf 83' lang='lat' dir='ltr'><strong>Celebrant</strong></span> <span class='ocrx_word' id='word_1_81' title='bbox 993 1209 1086 1237; x_wconf 91' lang='lat' dir='ltr'><strong>unus</strong></span> 
     </span>
     <span class='ocr_line' id='line_1_16' title="bbox 43 1246 1088 1298; baseline 0.003 -14"><span class='ocrx_word' id='word_1_82' title='bbox 43 1246 363 1296; x_wconf 89' lang='lat' dir='ltr'><strong>Mediceus,quod</strong></span> <span class='ocrx_word' id='word_1_83' title='bbox 383 1246 584 1298; x_wconf 71' lang='lat' dir='ltr'><strong>glossatoris</strong></span> <span class='ocrx_word' id='word_1_84' title='bbox 607 1254 710 1294; x_wconf 87' lang='lat' dir='ltr'><strong>puto.</strong></span> <span class='ocrx_word' id='word_1_85' title='bbox 737 1247 870 1295; x_wconf 82' lang='lat' dir='ltr'><strong>agitare</strong></span> <span class='ocrx_word' id='word_1_86' title='bbox 892 1250 991 1286; x_wconf 92' lang='lat' dir='ltr'><strong>enim</strong></span> <span class='ocrx_word' id='word_1_87' title='bbox 1003 1262 1088 1297; x_wconf 91' lang='lat' dir='ltr'><strong>pro-</strong></span> 
     </span>
     <span class='ocr_line' id='line_1_17' title="bbox 42 1297 1088 1347; baseline 0.003 -13"><span class='ocrx_word' id='word_1_88' title='bbox 42 1298 163 1346; x_wconf 90' lang='lat' dir='ltr'><strong>prium</strong></span> <span class='ocrx_word' id='word_1_89' title='bbox 184 1298 221 1335; x_wconf 90' lang='lat' dir='ltr'><strong>in</strong></span> <span class='ocrx_word' id='word_1_90' title='bbox 242 1299 310 1335; x_wconf 87' lang='lat' dir='ltr'><strong>hac</strong></span> <span class='ocrx_word' id='word_1_91' title='bbox 330 1311 368 1336; x_wconf 87' lang='lat' dir='ltr'><strong>re</strong></span> <span class='ocrx_word' id='word_1_92' title='bbox 386 1300 551 1336; x_wconf 88' lang='lat' dir='ltr'><strong>verbum.</strong></span> <span class='ocrx_word' id='word_1_93' title='bbox 591 1297 688 1335; x_wconf 88' lang='lat' dir='ltr'><strong>Suet.</strong></span> <span class='ocrx_word' id='word_1_94' title='bbox 714 1298 842 1336; x_wconf 66' lang='lat' dir='ltr'><strong>Claud.</strong></span> <span class='ocrx_word' id='word_1_95' title='bbox 870 1310 926 1347; x_wconf 86' lang='lat'><strong>32.</strong></span> <span class='ocrx_word' id='word_1_96' title='bbox 954 1300 1088 1338; x_wconf 86' lang='lat' dir='ltr'><strong>Convi—</strong></span> 
     </span>
     <span class='ocr_line' id='line_1_18' title="bbox 43 1346 1087 1401; baseline 0.007 -18"><span class='ocrx_word' id='word_1_97' title='bbox 43 1346 106 1384; x_wconf 86' lang='lat' dir='ltr'><strong>via</strong></span> <span class='ocrx_word' id='word_1_98' title='bbox 123 1348 276 1397; x_wconf 79' lang='lat' dir='ltr'><strong>agitavit</strong></span> <span class='ocrx_word' id='word_1_99' title='bbox 294 1360 337 1389; x_wconf 73' lang='lat'><strong>(9⁵</strong></span> <span class='ocrx_word' id='word_1_100' title='bbox 358 1349 527 1401; x_wconf 64' lang='lat' dir='ltr'><strong>ampla&amp;</strong></span> <span class='ocrx_word' id='word_1_101' title='bbox 544 1347 685 1397; x_wconf 77' lang='lat' dir='ltr'><strong>affidua.</strong></span> <span class='ocrx_word' id='word_1_102' title='bbox 715 1349 870 1388; x_wconf 85' lang='lat' dir='ltr'><strong>Terent.</strong></span> <span class='ocrx_word' id='word_1_103' title='bbox 893 1351 1033 1401; x_wconf 89' lang='lat' dir='ltr'><strong>Hecyr.</strong></span> <span class='ocrx_word' id='word_1_104' title='bbox 1058 1363 1087 1390; x_wconf 91' lang='lat'><strong>1.</strong></span> 
     </span>
     <span class='ocr_line' id='line_1_19' title="bbox 49 1408 180 1446; baseline 0.008 -9"><span class='ocrx_word' id='word_1_105' title='bbox 49 1408 105 1437; x_wconf 78' lang='grc' dir='ltr'><strong>ιι.</strong></span> <span class='ocrx_word' id='word_1_106' title='bbox 124 1410 180 1446; x_wconf 90' lang='lat'><strong>17.</strong></span> 
     </span>
    </p>

    <p class='ocr_par' dir='ltr' id='par_1_10' title="bbox 345 1450 830 1502">
     <span class='ocr_line' id='line_1_20' title="bbox 345 1450 830 1502; baseline -0.002 -13"><span class='ocrx_word' id='word_1_107' title='bbox 345 1451 513 1502; x_wconf 77' lang='lat' dir='ltr'><strong>Antiqua</strong></span> <span class='ocrx_word' id='word_1_108' title='bbox 531 1461 572 1488; x_wconf 86' lang='lat' dir='ltr'><strong>ut</strong></span> <span class='ocrx_word' id='word_1_109' title='bbox 593 1450 830 1500; x_wconf 85' lang='lat' dir='ltr'><strong>consuetudine</strong></span> 
     </span>
    </p>

    <p class='ocr_par' dir='ltr' id='par_1_11' title="bbox 93 1500 834 1550">
     <span class='ocr_line' id='line_1_21' title="bbox 93 1500 834 1550; baseline 0.003 -12"><span class='ocrx_word' id='word_1_110' title='bbox 93 1500 279 1550; x_wconf 77' lang='lat' dir='ltr'><strong>Agitarem</strong></span> <span class='ocrx_word' id='word_1_111' title='bbox 299 1501 389 1540; x_wconf 77' lang='lat' dir='ltr'><strong>inter</strong></span> <span class='ocrx_word' id='word_1_112' title='bbox 410 1517 470 1539; x_wconf 86' lang='lat' dir='ltr'><strong>vos</strong></span> <span class='ocrx_word' id='word_1_113' title='bbox 490 1501 592 1539; x_wconf 84' lang='lat' dir='ltr'><strong>libere</strong></span> <span class='ocrx_word' id='word_1_114' title='bbox 617 1503 834 1540; x_wconf 79' lang='lat' dir='ltr'><strong>convivium.</strong></span> 
     </span>
    </p>

    <p class='ocr_par' dir='ltr' id='par_1_12' title="bbox 42 1548 1084 1641">
     <span class='ocr_line' id='line_1_22' title="bbox 42 1548 1084 1604; baseline 0.005 -15"><span class='ocrx_word' id='word_1_115' title='bbox 42 1548 91 1589; x_wconf 89' lang='lat' dir='ltr'><strong>Et</strong></span> <span class='ocrx_word' id='word_1_116' title='bbox 118 1553 254 1590; x_wconf 83' lang='lat' dir='ltr'><strong>Heaut.</strong></span> <span class='ocrx_word' id='word_1_117' title='bbox 279 1565 333 1591; x_wconf 73' lang='lat' dir='ltr'><strong>iv,</strong></span> <span class='ocrx_word' id='word_1_118' title='bbox 346 1566 380 1600; x_wconf 88' lang='lat'><strong>4.</strong></span> <span class='ocrx_word' id='word_1_119' title='bbox 407 1553 516 1602; x_wconf 82' lang='lat' dir='ltr'><strong>Apud</strong></span> <span class='ocrx_word' id='word_1_120' title='bbox 547 1566 624 1591; x_wconf 88' lang='lat' dir='ltr'><strong>eum</strong></span> <span class='ocrx_word' id='word_1_121' title='bbox 656 1553 754 1590; x_wconf 80' lang='lat' dir='ltr'><strong>miles</strong></span> <span class='ocrx_word' id='word_1_122' title='bbox 776 1552 943 1604; x_wconf 74' lang='lat' dir='ltr'><strong>Dionysia</strong></span> <span class='ocrx_word' id='word_1_123' title='bbox 960 1554 1084 1604; x_wconf 84' lang='lat' dir='ltr'><strong>agitat.</strong></span> 
     </span>
     <span class='ocr_line' id='line_1_23' title="bbox 43 1601 330 1641; baseline 0.007 -2"><span class='ocrx_word' id='word_1_124' title='bbox 43 1601 84 1639; x_wconf 73' lang='grc' dir='ltr'>δί</span> <span class='ocrx_word' id='word_1_125' title='bbox 104 1602 175 1640; x_wconf 78' lang='lat' dir='ltr'><strong>alii.</strong></span> <span class='ocrx_word' id='word_1_126' title='bbox 201 1603 330 1641; x_wconf 67' lang='lat' dir='ltr'><strong>Euam.</strong></span> 
     </span>
    </p>

    <p class='ocr_par' dir='ltr' id='par_1_13' title="bbox 39 1653 1085 1894">
     <span class='ocr_line' id='line_1_24' title="bbox 93 1653 1085 1704; baseline 0.006 -15"><span class='ocrx_word' id='word_1_127' title='bbox 93 1663 179 1702; x_wconf 78' lang='lat'>433.</span> <span class='ocrx_word' id='word_1_128' title='bbox 207 1659 251 1690; x_wconf 88' lang='lat' dir='ltr'><strong>Te</strong></span> <span class='ocrx_word' id='word_1_129' title='bbox 270 1654 424 1691; x_wconf 82' lang='lat' dir='ltr'><strong>maxime</strong></span> <span class='ocrx_word' id='word_1_130' title='bbox 449 1653 583 1702; x_wconf 84' lang='lat' dir='ltr'><strong>Theseu.</strong></span> <span class='ocrx_word' id='word_1_131' title='bbox 608 1653 624 1704; x_wconf 84' lang='lat'>]</span> <span class='ocrx_word' id='word_1_132' title='bbox 660 1653 718 1692; x_wconf 92' lang='lat' dir='ltr'><strong>Sic</strong></span> <span class='ocrx_word' id='word_1_133' title='bbox 739 1653 884 1694; x_wconf 89' lang='lat' dir='ltr'><strong>solitum</strong></span> <span class='ocrx_word' id='word_1_134' title='bbox 908 1657 978 1695; x_wconf 88' lang='lat' dir='ltr'><strong>fuit</strong></span> <span class='ocrx_word' id='word_1_135' title='bbox 988 1671 999 1700; x_wconf 86' lang='lat'>;</span> <span class='ocrx_word' id='word_1_136' title='bbox 1028 1656 1085 1695; x_wconf 88' lang='lat' dir='ltr'><strong>su-</strong></span> 
     </span>
     <span class='ocr_line' id='line_1_25' title="bbox 39 1705 1084 1756; baseline 0.004 -16"><span class='ocrx_word' id='word_1_137' title='bbox 39 1712 104 1752; x_wconf 89' lang='lat' dir='ltr'><strong>per</strong></span> <span class='ocrx_word' id='word_1_138' title='bbox 127 1715 259 1741; x_wconf 84' lang='lat' dir='ltr'><strong>coenas</strong></span> <span class='ocrx_word' id='word_1_139' title='bbox 271 1713 432 1743; x_wconf 86' lang='lat' dir='ltr'><strong>cantatae</strong></span> <span class='ocrx_word' id='word_1_140' title='bbox 457 1705 581 1743; x_wconf 83' lang='lat' dir='ltr'><strong>laudes</strong></span> <span class='ocrx_word' id='word_1_141' title='bbox 592 1706 790 1744; x_wconf 85' lang='lat' dir='ltr'><strong>Heroum:</strong></span> <span class='ocrx_word' id='word_1_142' title='bbox 819 1707 868 1745; x_wconf 90' lang='lat' dir='ltr'><strong>ita</strong></span> <span class='ocrx_word' id='word_1_143' title='bbox 891 1707 986 1756; x_wconf 88' lang='lat' dir='ltr'><strong>apud</strong></span> <span class='ocrx_word' id='word_1_144' title='bbox 1000 1707 1084 1744; x_wconf 90' lang='lat' dir='ltr'><strong>Vir-</strong></span> 
     </span>
     <span class='ocr_line' id='line_1_26' title="bbox 39 1752 1084 1802; baseline 0.007 -12"><span class='ocrx_word' id='word_1_145' title='bbox 39 1752 167 1802; x_wconf 88' lang='lat' dir='ltr'><strong>gilium</strong></span> <span class='ocrx_word' id='word_1_146' title='bbox 187 1755 358 1793; x_wconf 87' lang='lat' dir='ltr'><strong>Herculis</strong></span> <span class='ocrx_word' id='word_1_147' title='bbox 375 1756 500 1794; x_wconf 81' lang='lat' dir='ltr'><strong>laudes</strong></span> <span class='ocrx_word' id='word_1_148' title='bbox 523 1757 559 1793; x_wconf 86' lang='lat'>&amp;</span> <span class='ocrx_word' id='word_1_149' title='bbox 579 1756 674 1794; x_wconf 66' lang='lat' dir='ltr'><strong>fasta</strong></span> <span class='ocrx_word' id='word_1_150' title='bbox 696 1758 857 1795; x_wconf 87' lang='lat' dir='ltr'><strong>carmine</strong></span> <span class='ocrx_word' id='word_1_151' title='bbox 879 1758 1010 1796; x_wconf 86' lang='lat' dir='ltr'><strong>ferunt.</strong></span> <span class='ocrx_word' id='word_1_152' title='bbox 1023 1758 1084 1797; x_wconf 90' lang='lat' dir='ltr'><strong>lib.</strong></span> 
     </span>
     <span class='ocr_line' id='line_1_27' title="bbox 40 1804 1083 1858; baseline 0.006 -18"><span class='ocrx_word' id='word_1_153' title='bbox 40 1814 137 1841; x_wconf 90' lang='lat' dir='ltr'>v111.</span> <span class='ocrx_word' id='word_1_154' title='bbox 164 1804 246 1853; x_wconf 86' lang='lat'><strong>287.</strong></span> <span class='ocrx_word' id='word_1_155' title='bbox 280 1806 379 1844; x_wconf 86' lang='lat' dir='ltr'><strong>Vide</strong></span> <span class='ocrx_word' id='word_1_156' title='bbox 409 1806 509 1854; x_wconf 85' lang='lat' dir='ltr'><strong>Junii</strong></span> <span class='ocrx_word' id='word_1_157' title='bbox 530 1806 689 1845; x_wconf 86' lang='lat' dir='ltr'><strong>animad.</strong></span> <span class='ocrx_word' id='word_1_158' title='bbox 715 1819 777 1846; x_wconf 82' lang='lat'><strong>111.</strong></span> <span class='ocrx_word' id='word_1_159' title='bbox 809 1819 887 1858; x_wconf 85' lang='lat' dir='ltr'><strong>cap.</strong></span> <span class='ocrx_word' id='word_1_160' title='bbox 918 1819 951 1855; x_wconf 88' lang='lat'><strong>7.</strong></span> <span class='ocrx_word' id='word_1_161' title='bbox 978 1808 1083 1846; x_wconf 64' lang='lat' dir='ltr'><strong>Bua-</strong></span> 
     </span>
     <span class='ocr_line' id='line_1_28' title="bbox 43 1866 218 1894; baseline 0.011 -2"><span class='ocrx_word' id='word_1_162' title='bbox 43 1866 218 1894; x_wconf 80' lang='lat' dir='ltr'><strong>MANNUS.</strong></span> 
     </span>
    </p>

    <p class='ocr_par' dir='ltr' id='par_1_14' title="bbox 37 1907 1085 2610">
     <span class='ocr_line' id='line_1_29' title="bbox 92 1907 1083 1958; baseline 0.003 -13"><span class='ocrx_word' id='word_1_163' title='bbox 92 1918 175 1955; x_wconf 80' lang='lat'><strong>434.</strong></span> <span class='ocrx_word' id='word_1_164' title='bbox 203 1907 340 1945; x_wconf 88' lang='lat' dir='ltr'><strong>Cretaei</strong></span> <span class='ocrx_word' id='word_1_165' title='bbox 361 1907 493 1958; x_wconf 53' lang='lat' dir='ltr'><strong>mura]</strong></span> <span class='ocrx_word' id='word_1_166' title='bbox 524 1907 714 1946; x_wconf 85' lang='lat' dir='ltr'><strong>Cretenfis.</strong></span> <span class='ocrx_word' id='word_1_167' title='bbox 731 1911 776 1947; x_wconf 69' lang='lat' dir='ltr'><strong>eit</strong></span> <span class='ocrx_word' id='word_1_168' title='bbox 798 1909 905 1948; x_wconf 88' lang='lat' dir='ltr'><strong>Creta</strong></span> <span class='ocrx_word' id='word_1_169' title='bbox 925 1910 1025 1948; x_wconf 89' lang='lat' dir='ltr'><strong>enim</strong></span> <span class='ocrx_word' id='word_1_170' title='bbox 1039 1910 1083 1948; x_wconf 87' lang='lat' dir='ltr'><strong>ab</strong></span> 
     </span>
     <span class='ocr_line' id='line_1_30' title="bbox 39 1955 1085 2008; baseline 0.005 -14"><span class='ocrx_word' id='word_1_171' title='bbox 39 1955 202 1995; x_wconf 81' lang='lat' dir='ltr'><strong>Hercule</strong></span> <span class='ocrx_word' id='word_1_172' title='bbox 220 1958 266 1996; x_wconf 88' lang='lat' dir='ltr'><strong>ad</strong></span> <span class='ocrx_word' id='word_1_173' title='bbox 288 1959 528 2008; x_wconf 87' lang='lat' dir='ltr'><strong>Eurystheum</strong></span> <span class='ocrx_word' id='word_1_174' title='bbox 553 1958 681 1997; x_wconf 62' lang='lat' dir='ltr'><strong>duetus</strong></span> <span class='ocrx_word' id='word_1_175' title='bbox 701 1960 761 1998; x_wconf 90' lang='lat' dir='ltr'><strong>est.</strong></span> <span class='ocrx_word' id='word_1_176' title='bbox 787 1972 872 1998; x_wconf 86' lang='lat' dir='ltr'><strong>nam</strong></span> <span class='ocrx_word' id='word_1_177' title='bbox 889 1961 1030 2005; x_wconf 87' lang='lat' dir='ltr'><strong>Minos,</strong></span> <span class='ocrx_word' id='word_1_178' title='bbox 1043 1970 1085 2000; x_wconf 91' lang='lat' dir='ltr'><strong>ut</strong></span> 
     </span>
     <span class='ocr_line' id='line_1_31' title="bbox 39 2006 1079 2061; baseline 0.007 -18"><span class='ocrx_word' id='word_1_179' title='bbox 39 2006 182 2056; x_wconf 50' lang='lat' dir='ltr'><strong>‚fertum</strong></span> <span class='ocrx_word' id='word_1_180' title='bbox 219 2009 396 2057; x_wconf 85' lang='lat' dir='ltr'><strong>Neptuno</strong></span> <span class='ocrx_word' id='word_1_181' title='bbox 426 2009 681 2048; x_wconf 81' lang='lat' dir='ltr'><strong>sacrificaturus</strong></span> <span class='ocrx_word' id='word_1_182' title='bbox 714 2010 906 2049; x_wconf 66' lang='lat' dir='ltr'><strong>victimam</strong></span> <span class='ocrx_word' id='word_1_183' title='bbox 936 2014 1079 2061; x_wconf 89' lang='lat' dir='ltr'><strong>optavit</strong></span> 
     </span>
     <span class='ocr_line' id='line_1_32' title="bbox 41 2057 1078 2110; baseline 0.008 -17"><span class='ocrx_word' id='word_1_184' title='bbox 41 2057 225 2105; x_wconf 83' lang='lat' dir='ltr'><strong>majestate</strong></span> <span class='ocrx_word' id='word_1_185' title='bbox 235 2058 326 2096; x_wconf 85' lang='lat' dir='ltr'><strong>illius</strong></span> <span class='ocrx_word' id='word_1_186' title='bbox 337 2059 483 2108; x_wconf 85' lang='lat' dir='ltr'><strong>dignam</strong></span> <span class='ocrx_word' id='word_1_187' title='bbox 499 2088 509 2105; x_wconf 90' lang='lat'>‚</span> <span class='ocrx_word' id='word_1_188' title='bbox 538 2062 596 2099; x_wconf 90' lang='lat' dir='ltr'><strong>cui</strong></span> <span class='ocrx_word' id='word_1_189' title='bbox 607 2062 800 2110; x_wconf 88' lang='lat' dir='ltr'><strong>Neptunus</strong></span> <span class='ocrx_word' id='word_1_190' title='bbox 813 2070 958 2100; x_wconf 85' lang='lat' dir='ltr'><strong>taurum</strong></span> <span class='ocrx_word' id='word_1_191' title='bbox 969 2062 1078 2101; x_wconf 91' lang='lat' dir='ltr'><strong>obtu-</strong></span> 
     </span>
     <span class='ocr_line' id='line_1_33' title="bbox 37 2105 1075 2159; baseline 0.008 -16"><span class='ocrx_word' id='word_1_192' title='bbox 37 2105 81 2143; x_wconf 85' lang='lat' dir='ltr'><strong>lit</strong></span> <span class='ocrx_word' id='word_1_193' title='bbox 95 2107 394 2154; x_wconf 75' lang='lat' dir='ltr'><strong>pulcherrimum.</strong></span> <span class='ocrx_word' id='word_1_194' title='bbox 418 2122 502 2148; x_wconf 88' lang='lat' dir='ltr'><strong>eum</strong></span> <span class='ocrx_word' id='word_1_195' title='bbox 523 2123 608 2148; x_wconf 89' lang='lat' dir='ltr'><strong>cum</strong></span> <span class='ocrx_word' id='word_1_196' title='bbox 631 2111 769 2150; x_wconf 89' lang='lat' dir='ltr'><strong>servare</strong></span> <span class='ocrx_word' id='word_1_197' title='bbox 790 2113 900 2151; x_wconf 87' lang='lat' dir='ltr'><strong>vellet</strong></span> <span class='ocrx_word' id='word_1_198' title='bbox 922 2113 1050 2151; x_wconf 89' lang='lat' dir='ltr'><strong>Minos</strong></span> <span class='ocrx_word' id='word_1_199' title='bbox 1065 2142 1075 2159; x_wconf 94' lang='lat'><strong>,</strong></span> 
     </span>
     <span class='ocr_line' id='line_1_34' title="bbox 42 2156 1077 2213; baseline 0.01 -21"><span class='ocrx_word' id='word_1_200' title='bbox 42 2156 154 2194; x_wconf 85' lang='lat' dir='ltr'><strong>iratus</strong></span> <span class='ocrx_word' id='word_1_201' title='bbox 177 2158 369 2205; x_wconf 83' lang='lat' dir='ltr'><strong>Neptunus</strong></span> <span class='ocrx_word' id='word_1_202' title='bbox 391 2168 495 2199; x_wconf 86' lang='lat' dir='ltr'><strong>tauro</strong></span> <span class='ocrx_word' id='word_1_203' title='bbox 518 2163 680 2200; x_wconf 84' lang='lat' dir='ltr'><strong>furorem</strong></span> <span class='ocrx_word' id='word_1_204' title='bbox 702 2163 875 2207; x_wconf 80' lang='lat' dir='ltr'><strong>immisit,</strong></span> <span class='ocrx_word' id='word_1_205' title='bbox 889 2162 909 2200; x_wconf 73' lang='lat' dir='ltr'><strong>a</strong></span> <span class='ocrx_word' id='word_1_206' title='bbox 929 2176 1005 2213; x_wconf 91' lang='lat' dir='ltr'><strong>quo</strong></span> <span class='ocrx_word' id='word_1_207' title='bbox 1018 2174 1077 2202; x_wconf 87' lang='lat' dir='ltr'><strong>to-</strong></span> 
     </span>
     <span class='ocr_line' id='line_1_35' title="bbox 40 2207 1076 2253; baseline 0.01 -10"><span class='ocrx_word' id='word_1_208' title='bbox 40 2212 77 2243; x_wconf 87' lang='lat' dir='ltr'><strong>ta</strong></span> <span class='ocrx_word' id='word_1_209' title='bbox 99 2207 174 2244; x_wconf 86' lang='lat' dir='ltr'><strong>fere</strong></span> <span class='ocrx_word' id='word_1_210' title='bbox 198 2209 307 2246; x_wconf 86' lang='lat' dir='ltr'><strong>insula</strong></span> <span class='ocrx_word' id='word_1_211' title='bbox 338 2210 406 2247; x_wconf 86' lang='lat' dir='ltr'><strong>fuit</strong></span> <span class='ocrx_word' id='word_1_212' title='bbox 433 2211 623 2250; x_wconf 86' lang='lat' dir='ltr'><strong>devastata.</strong></span> <span class='ocrx_word' id='word_1_213' title='bbox 650 2212 694 2250; x_wconf 86' lang='lat' dir='ltr'><strong>ad</strong></span> <span class='ocrx_word' id='word_1_214' title='bbox 726 2225 811 2251; x_wconf 88' lang='lat' dir='ltr'><strong>eum</strong></span> <span class='ocrx_word' id='word_1_215' title='bbox 846 2213 1076 2253; x_wconf 89' lang='lat' dir='ltr'><strong>domandum</strong></span> 
     </span>
     <span class='ocr_line' id='line_1_36' title="bbox 40 2255 1078 2314; baseline 0.01 -20"><span class='ocrx_word' id='word_1_216' title='bbox 40 2255 164 2296; x_wconf 86' lang='lat' dir='ltr'><strong>miffus</strong></span> <span class='ocrx_word' id='word_1_217' title='bbox 185 2259 233 2296; x_wconf 87' lang='lat' dir='ltr'><strong>est</strong></span> <span class='ocrx_word' id='word_1_218' title='bbox 244 2260 443 2306; x_wconf 68' lang='lat' dir='ltr'><strong>Hercules,</strong></span> <span class='ocrx_word' id='word_1_219' title='bbox 470 2273 580 2310; x_wconf 88' lang='lat' dir='ltr'><strong>quem</strong></span> <span class='ocrx_word' id='word_1_220' title='bbox 593 2263 758 2302; x_wconf 72' lang='lat' dir='ltr'><strong>vin&lt;stum</strong></span> <span class='ocrx_word' id='word_1_221' title='bbox 779 2264 823 2302; x_wconf 91' lang='lat' dir='ltr'><strong>ad</strong></span> <span class='ocrx_word' id='word_1_222' title='bbox 835 2265 1078 2314; x_wconf 86' lang='lat' dir='ltr'><strong>Eurystheum</strong></span> 
     </span>
     <span class='ocr_line' id='line_1_37' title="bbox 42 2306 1083 2357; baseline 0.01 -12"><span class='ocrx_word' id='word_1_223' title='bbox 42 2306 158 2346; x_wconf 85' lang='lat' dir='ltr'><strong>duxit.</strong></span> <span class='ocrx_word' id='word_1_224' title='bbox 187 2309 229 2346; x_wconf 84' lang='lat' dir='ltr'><strong>ab</strong></span> <span class='ocrx_word' id='word_1_225' title='bbox 264 2322 310 2348; x_wconf 91' lang='lat' dir='ltr'><strong>eo</strong></span> <span class='ocrx_word' id='word_1_226' title='bbox 330 2322 420 2348; x_wconf 83' lang='lat' dir='ltr'><strong>vero</strong></span> <span class='ocrx_word' id='word_1_227' title='bbox 453 2311 633 2357; x_wconf 86' lang='lat' dir='ltr'><strong>dimiffus,</strong></span> <span class='ocrx_word' id='word_1_228' title='bbox 662 2325 745 2352; x_wconf 89' lang='lat' dir='ltr'><strong>cum</strong></span> <span class='ocrx_word' id='word_1_229' title='bbox 775 2315 940 2354; x_wconf 88' lang='lat' dir='ltr'><strong>Atticam</strong></span> <span class='ocrx_word' id='word_1_230' title='bbox 970 2316 1083 2355; x_wconf 87' lang='lat' dir='ltr'><strong>deva-</strong></span> 
     </span>
     <span class='ocr_line' id='line_1_38' title="bbox 42 2357 1082 2405; baseline 0.01 -10"><span class='ocrx_word' id='word_1_231' title='bbox 42 2357 169 2404; x_wconf 87' lang='lat' dir='ltr'><strong>staret,</strong></span> <span class='ocrx_word' id='word_1_232' title='bbox 201 2358 221 2396; x_wconf 72' lang='lat' dir='ltr'><strong>a</strong></span> <span class='ocrx_word' id='word_1_233' title='bbox 245 2360 395 2399; x_wconf 88' lang='lat' dir='ltr'><strong>Theseo</strong></span> <span class='ocrx_word' id='word_1_234' title='bbox 416 2362 485 2399; x_wconf 83' lang='lat' dir='ltr'><strong>fuit</strong></span> <span class='ocrx_word' id='word_1_235' title='bbox 502 2363 724 2402; x_wconf 69' lang='lat' dir='ltr'><strong>interfectus.</strong></span> <span class='ocrx_word' id='word_1_236' title='bbox 752 2366 922 2403; x_wconf 64' lang='lat' dir='ltr'><strong>Remus.</strong></span> <span class='ocrx_word' id='word_1_237' title='bbox 965 2367 1082 2405; x_wconf 87' lang='lat' dir='ltr'><strong>Diod.</strong></span> 
     </span>
     <span class='ocr_line' id='line_1_39' title="bbox 39 2407 1083 2463; baseline 0.008 -17"><span class='ocrx_word' id='word_1_238' title='bbox 39 2407 100 2446; x_wconf 90' lang='lat' dir='ltr'><strong>lib.</strong></span> <span class='ocrx_word' id='word_1_239' title='bbox 112 2421 146 2447; x_wconf 94' lang='lat' dir='ltr'><strong>v.</strong></span> <span class='ocrx_word' id='word_1_240' title='bbox 174 2422 251 2448; x_wconf 89' lang='lat' dir='ltr'><strong>non</strong></span> <span class='ocrx_word' id='word_1_241' title='bbox 273 2411 388 2449; x_wconf 88' lang='lat' dir='ltr'><strong>statim</strong></span> <span class='ocrx_word' id='word_1_242' title='bbox 410 2412 644 2451; x_wconf 62' lang='lat' dir='ltr'><strong>interfeetum</strong></span> <span class='ocrx_word' id='word_1_243' title='bbox 659 2442 668 2457; x_wconf 94' lang='lat'><em>‚</em></span> <span class='ocrx_word' id='word_1_244' title='bbox 696 2415 756 2452; x_wconf 88' lang='lat' dir='ltr'><strong>sed</strong></span> <span class='ocrx_word' id='word_1_245' title='bbox 779 2415 822 2453; x_wconf 89' lang='lat' dir='ltr'><strong>ad</strong></span> <span class='ocrx_word' id='word_1_246' title='bbox 845 2424 984 2463; x_wconf 85' lang='lat' dir='ltr'><strong>patrem</strong></span> <span class='ocrx_word' id='word_1_247' title='bbox 1005 2417 1083 2454; x_wconf 91' lang='lat' dir='ltr'><strong>Ae-</strong></span> 
     </span>
     <span class='ocr_line' id='line_1_40' title="bbox 39 2461 1083 2513; baseline 0.006 -15"><span class='ocrx_word' id='word_1_248' title='bbox 39 2469 150 2508; x_wconf 87' lang='lat' dir='ltr'><strong>geum</strong></span> <span class='ocrx_word' id='word_1_249' title='bbox 172 2461 370 2500; x_wconf 61' lang='lat' dir='ltr'><strong>adductum</strong></span> <span class='ocrx_word' id='word_1_250' title='bbox 395 2463 536 2506; x_wconf 86' lang='lat' dir='ltr'><strong>scribit,</strong></span> <span class='ocrx_word' id='word_1_251' title='bbox 567 2461 587 2499; x_wconf 71' lang='lat' dir='ltr'><strong>a</strong></span> <span class='ocrx_word' id='word_1_252' title='bbox 609 2475 685 2513; x_wconf 87' lang='lat' dir='ltr'><strong>quo</strong></span> <span class='ocrx_word' id='word_1_253' title='bbox 706 2464 827 2512; x_wconf 87' lang='lat' dir='ltr'><strong>postea</strong></span> <span class='ocrx_word' id='word_1_254' title='bbox 847 2466 1013 2513; x_wconf 88' lang='lat' dir='ltr'><strong>Apollini</strong></span> <span class='ocrx_word' id='word_1_255' title='bbox 1032 2467 1083 2504; x_wconf 86' lang='lat' dir='ltr'><strong>sa-</strong></span> 
     </span>
     <span class='ocr_line' id='line_1_41' title="bbox 42 2512 1082 2555; baseline 0.008 -8"><span class='ocrx_word' id='word_1_256' title='bbox 42 2518 156 2549; x_wconf 88' lang='lat' dir='ltr'><strong>cratus</strong></span> <span class='ocrx_word' id='word_1_257' title='bbox 189 2512 310 2551; x_wconf 84' lang='lat' dir='ltr'><strong>fuerit.</strong></span> <span class='ocrx_word' id='word_1_258' title='bbox 349 2514 574 2551; x_wconf 68' lang='lat' dir='ltr'><strong>Mrcurus.</strong></span> <span class='ocrx_word' id='word_1_259' title='bbox 627 2514 724 2553; x_wconf 84' lang='lat' dir='ltr'><strong>Vide</strong></span> <span class='ocrx_word' id='word_1_260' title='bbox 758 2515 908 2553; x_wconf 87' lang='lat' dir='ltr'><strong>Meurfii</strong></span> <span class='ocrx_word' id='word_1_261' title='bbox 937 2515 1082 2555; x_wconf 83' lang='lat' dir='ltr'><strong>Thesea</strong></span> 
     </span>
     <span class='ocr_line' id='line_1_42' title="bbox 44 2570 170 2610; baseline 0.008 -13"><span class='ocrx_word' id='word_1_262' title='bbox 44 2570 121 2610; x_wconf 85' lang='lat' dir='ltr'><strong>cap.</strong></span> <span class='ocrx_word' id='word_1_263' title='bbox 134 2576 170 2599; x_wconf 90' lang='lat' dir='ltr'><strong>x.</strong></span> 
     </span>
    </p>

    <p class='ocr_par' dir='ltr' id='par_1_15' title="bbox 41 2613 1081 3323">
     <span class='ocr_line' id='line_1_43' title="bbox 88 2613 1078 2665; baseline 0.008 -17"><span class='ocrx_word' id='word_1_264' title='bbox 88 2623 159 2661; x_wconf 79' lang='lat'><strong>435</strong></span> <span class='ocrx_word' id='word_1_265' title='bbox 189 2613 357 2664; x_wconf 73' lang='lat' dir='ltr'><strong>Qodque</strong></span> <span class='ocrx_word' id='word_1_266' title='bbox 372 2615 477 2660; x_wconf 83' lang='lat' dir='ltr'><strong>suam</strong></span> <span class='ocrx_word' id='word_1_267' title='bbox 499 2620 692 2664; x_wconf 66' lang='lat' dir='ltr'><strong>Cremyona</strong></span> <span class='ocrx_word' id='word_1_268' title='bbox 718 2615 734 2665; x_wconf 79' lang='lat'>]</span> <span class='ocrx_word' id='word_1_269' title='bbox 789 2622 959 2665; x_wconf 67' lang='lat' dir='ltr'><strong>Cremyon</strong></span> <span class='ocrx_word' id='word_1_270' title='bbox 977 2618 1078 2656; x_wconf 61' lang='lat' dir='ltr'><strong>v‘icus</strong></span> 
     </span>
     <span class='ocr_line' id='line_1_44' title="bbox 41 2661 1077 2716; baseline 0.005 -16"><span class='ocrx_word' id='word_1_271' title='bbox 41 2661 88 2701; x_wconf 86' lang='lat' dir='ltr'><strong>est</strong></span> <span class='ocrx_word' id='word_1_272' title='bbox 107 2663 212 2712; x_wconf 84' lang='lat' dir='ltr'><strong>juxta</strong></span> <span class='ocrx_word' id='word_1_273' title='bbox 244 2665 466 2703; x_wconf 85' lang='lat' dir='ltr'><strong>Corinthum</strong></span> <span class='ocrx_word' id='word_1_274' title='bbox 490 2694 500 2710; x_wconf 91' lang='lat'><strong>‚</strong></span> <span class='ocrx_word' id='word_1_275' title='bbox 539 2669 602 2715; x_wconf 88' lang='lat' dir='ltr'><strong>qui</strong></span> <span class='ocrx_word' id='word_1_276' title='bbox 624 2666 687 2703; x_wconf 91' lang='lat' dir='ltr'><strong>diu</strong></span> <span class='ocrx_word' id='word_1_277' title='bbox 706 2665 726 2703; x_wconf 72' lang='lat' dir='ltr'><strong>a</strong></span> <span class='ocrx_word' id='word_1_278' title='bbox 749 2666 977 2716; x_wconf 85' lang='lat' dir='ltr'><strong>Cremyonia</strong></span> <span class='ocrx_word' id='word_1_279' title='bbox 995 2667 1077 2713; x_wconf 89' lang='lat' dir='ltr'><strong>sue,</strong></span> 
     </span>
     <span class='ocr_line' id='line_1_45' title="bbox 41 2715 1079 2766; baseline 0.006 -16"><span class='ocrx_word' id='word_1_280' title='bbox 41 2722 156 2751; x_wconf 89' lang='lat' dir='ltr'><strong>matre</strong></span> <span class='ocrx_word' id='word_1_281' title='bbox 176 2715 214 2751; x_wconf 62' lang='grc' dir='ltr'><strong>ὃς</strong></span> <span class='ocrx_word' id='word_1_282' title='bbox 243 2715 427 2753; x_wconf 84' lang='lat' dir='ltr'><strong>Calidonii</strong></span> <span class='ocrx_word' id='word_1_283' title='bbox 454 2718 491 2753; x_wconf 85' lang='lat'>&amp;</span> <span class='ocrx_word' id='word_1_284' title='bbox 522 2717 736 2755; x_wconf 76' lang='lat' dir='ltr'><strong>Erimantliii</strong></span> <span class='ocrx_word' id='word_1_285' title='bbox 772 2729 944 2766; x_wconf 85' lang='lat' dir='ltr'><strong>aprorum</strong></span> <span class='ocrx_word' id='word_1_286' title='bbox 971 2745 981 2762; x_wconf 90' lang='lat'><strong>,</strong></span> <span class='ocrx_word' id='word_1_287' title='bbox 1009 2720 1079 2757; x_wconf 88' lang='lat' dir='ltr'><strong>fuit</strong></span> 
     </span>
     <span class='ocr_line' id='line_1_46' title="bbox 42 2766 1079 2814; baseline 0.008 -14"><span class='ocrx_word' id='word_1_288' title='bbox 42 2772 192 2802; x_wconf 84' lang='lat' dir='ltr'><strong>vexatus</strong></span> <span class='ocrx_word' id='word_1_289' title='bbox 215 2778 241 2808; x_wconf 69' lang='lat'><strong>‚‘</strong></span> <span class='ocrx_word' id='word_1_290' title='bbox 260 2777 354 2814; x_wconf 90' lang='lat' dir='ltr'><strong>quae</strong></span> <span class='ocrx_word' id='word_1_291' title='bbox 372 2778 391 2804; x_wconf 84' lang='lat' dir='ltr'><strong>a</strong></span> <span class='ocrx_word' id='word_1_292' title='bbox 413 2766 448 2803; x_wconf 85' lang='grc' dir='ltr'><strong>Τ</strong></span> <span class='ocrx_word' id='word_1_293' title='bbox 453 2767 563 2805; x_wconf 87' lang='lat' dir='ltr'><strong>heseo</strong></span> <span class='ocrx_word' id='word_1_294' title='bbox 595 2767 785 2806; x_wconf 67' lang='lat' dir='ltr'><strong>interfecta</strong></span> <span class='ocrx_word' id='word_1_295' title='bbox 817 2767 961 2807; x_wconf 85' lang='lat' dir='ltr'><strong>securos</strong></span> <span class='ocrx_word' id='word_1_296' title='bbox 987 2770 1079 2808; x_wconf 89' lang='lat' dir='ltr'><strong>illius</strong></span> 
     </span>
     <span class='ocr_line' id='line_1_47' title="bbox 42 2811 1081 2868; baseline 0.009 -19"><span class='ocrx_word' id='word_1_297' title='bbox 42 2811 116 2850; x_wconf 83' lang='lat' dir='ltr'><strong>loci</strong></span> <span class='ocrx_word' id='word_1_298' title='bbox 134 2814 288 2852; x_wconf 86' lang='lat' dir='ltr'><strong>colonos</strong></span> <span class='ocrx_word' id='word_1_299' title='bbox 308 2817 488 2864; x_wconf 80' lang='lat' dir='ltr'><strong>praestitit.</strong></span> <span class='ocrx_word' id='word_1_300' title='bbox 515 2818 564 2856; x_wconf 90' lang='lat' dir='ltr'><strong>est</strong></span> <span class='ocrx_word' id='word_1_301' title='bbox 586 2820 696 2856; x_wconf 87' lang='lat' dir='ltr'><strong>etiam</strong></span> <span class='ocrx_word' id='word_1_302' title='bbox 716 2824 887 2867; x_wconf 66' lang='lat' dir='ltr'><strong>Cromyon</strong></span> <span class='ocrx_word' id='word_1_303' title='bbox 902 2847 912 2862; x_wconf 93' lang='lat'><strong>,</strong></span> <span class='ocrx_word' id='word_1_304' title='bbox 941 2819 1002 2857; x_wconf 84' lang='lat' dir='ltr'><strong>sed</strong></span> <span class='ocrx_word' id='word_1_305' title='bbox 1017 2832 1081 2868; x_wconf 86' lang='lat' dir='ltr'><strong>per</strong></span> 
     </span>
     <span class='ocr_line' id='line_1_48' title="bbox 43 2862 1079 2916; baseline 0.009 -17"><span class='ocrx_word' id='word_1_306' title='bbox 43 2875 86 2905; x_wconf 86' lang='lat'><strong>0,</strong></span> <span class='ocrx_word' id='word_1_307' title='bbox 112 2862 193 2901; x_wconf 87' lang='lat' dir='ltr'><strong>urbs</strong></span> <span class='ocrx_word' id='word_1_308' title='bbox 215 2864 354 2913; x_wconf 81' lang='lat' dir='ltr'><strong>Libyae</strong></span> <span class='ocrx_word' id='word_1_309' title='bbox 369 2894 379 2910; x_wconf 94' lang='lat'><strong>,</strong></span> <span class='ocrx_word' id='word_1_310' title='bbox 408 2870 504 2906; x_wconf 91' lang='lat' dir='ltr'><strong>unde</strong></span> <span class='ocrx_word' id='word_1_311' title='bbox 525 2869 750 2916; x_wconf 62' lang='lat' dir='ltr'><strong>Cromyonius</strong></span> <span class='ocrx_word' id='word_1_312' title='bbox 769 2870 964 2908; x_wconf 85' lang='lat' dir='ltr'><strong>derivatur.</strong></span> <span class='ocrx_word' id='word_1_313' title='bbox 995 2876 1079 2908; x_wconf 86' lang='lat' dir='ltr'><strong>Cre·</strong></span> 
     </span>
     <span class='ocr_line' id='line_1_49' title="bbox 45 2914 1078 2968; baseline 0.011 -20"><span class='ocrx_word' id='word_1_314' title='bbox 45 2924 146 2961; x_wconf 70' lang='lat' dir='ltr'><strong>myon</strong></span> <span class='ocrx_word' id='word_1_315' title='bbox 162 2914 312 2962; x_wconf 87' lang='lat' dir='ltr'><strong>quidem</strong></span> <span class='ocrx_word' id='word_1_316' title='bbox 336 2927 356 2953; x_wconf 86' lang='lat' dir='ltr'><strong>a</strong></span> <span class='ocrx_word' id='word_1_317' title='bbox 375 2918 522 2956; x_wconf 83' lang='lat' dir='ltr'><strong>Graccis</strong></span> <span class='ocrx_word' id='word_1_318' title='bbox 537 2932 599 2968; x_wconf 88' lang='lat' dir='ltr'><strong>per</strong></span> <span class='ocrx_word' id='word_1_319' title='bbox 611 2920 743 2968; x_wconf 82' lang='lat' dir='ltr'><strong>duplex</strong></span> <span class='ocrx_word' id='word_1_320' title='bbox 764 2934 799 2957; x_wconf 88' lang='lat' dir='ltr'><strong>m</strong></span> <span class='ocrx_word' id='word_1_321' title='bbox 822 2920 982 2958; x_wconf 88' lang='lat' dir='ltr'><strong>scribitur</strong></span> <span class='ocrx_word' id='word_1_322' title='bbox 995 2949 1005 2965; x_wconf 95' lang='lat'><strong>,</strong></span> <span class='ocrx_word' id='word_1_323' title='bbox 1018 2921 1078 2960; x_wconf 91' lang='lat' dir='ltr'><strong>sed</strong></span> 
     </span>
     <span class='ocr_line' id='line_1_50' title="bbox 44 2962 1080 3020; baseline 0.011 -21"><span class='ocrx_word' id='word_1_324' title='bbox 44 2962 197 3001; x_wconf 83' lang='lat' dir='ltr'><strong>alterum</strong></span> <span class='ocrx_word' id='word_1_325' title='bbox 219 2965 262 3002; x_wconf 89' lang='lat' dir='ltr'><strong>ab</strong></span> <span class='ocrx_word' id='word_1_326' title='bbox 284 2966 427 3004; x_wconf 90' lang='lat' dir='ltr'><strong>Ovidio</strong></span> <span class='ocrx_word' id='word_1_327' title='bbox 448 2970 567 3007; x_wconf 83' lang='lat' dir='ltr'><strong>versus</strong></span> <span class='ocrx_word' id='word_1_328' title='bbox 585 2972 696 3018; x_wconf 84' lang='lat' dir='ltr'><strong>gratia</strong></span> <span class='ocrx_word' id='word_1_329' title='bbox 716 2970 1003 3020; x_wconf 76' lang='lat' dir='ltr'><strong>praetermissum</strong></span> <span class='ocrx_word' id='word_1_330' title='bbox 1026 2973 1080 3010; x_wconf 92' lang='lat' dir='ltr'><strong>vi-</strong></span> 
     </span>
     <span class='ocr_line' id='line_1_51' title="bbox 45 3010 1080 3068; baseline 0.011 -18"><span class='ocrx_word' id='word_1_331' title='bbox 45 3010 158 3068; x_wconf 72' lang='lat' dir='ltr'><strong>detur.</strong></span> <span class='ocrx_word' id='word_1_332' title='bbox 186 3015 349 3053; x_wconf 66' lang='lat' dir='ltr'><strong>Remus.</strong></span> <span class='ocrx_word' id='word_1_333' title='bbox 404 3017 512 3064; x_wconf 79' lang='lat' dir='ltr'><strong>Apud</strong></span> <span class='ocrx_word' id='word_1_334' title='bbox 534 3021 758 3068; x_wconf 80' lang='lat' dir='ltr'><strong>Stephanum</strong></span> <span class='ocrx_word' id='word_1_335' title='bbox 778 3050 789 3065; x_wconf 91' lang='lat'><strong>,</strong></span> <span class='ocrx_word' id='word_1_336' title='bbox 816 3022 1008 3067; x_wconf 80' lang='grc' dir='ltr'><em>Κρεμμύων</em></span> <span class='ocrx_word' id='word_1_337' title='bbox 1028 3023 1080 3060; x_wconf 90' lang='lat' dir='ltr'><strong>le-</strong></span> 
     </span>
     <span class='ocr_line' id='line_1_52' title="bbox 43 3066 1079 3114; baseline 0.011 -14"><span class='ocrx_word' id='word_1_338' title='bbox 43 3070 139 3109; x_wconf 80' lang='lat' dir='ltr'><strong>gitur</strong></span> <span class='ocrx_word' id='word_1_339' title='bbox 157 3092 167 3109; x_wconf 92' lang='lat'>‚</span> <span class='ocrx_word' id='word_1_340' title='bbox 202 3066 296 3114; x_wconf 89' lang='lat' dir='ltr'><strong>apud</strong></span> <span class='ocrx_word' id='word_1_341' title='bbox 317 3066 522 3105; x_wconf 71' lang='lat' dir='ltr'><strong>Pausaniam</strong></span> <span class='ocrx_word' id='word_1_342' title='bbox 552 3079 675 3108; x_wconf 89' lang='lat' dir='ltr'><strong>autem</strong></span> <span class='ocrx_word' id='word_1_343' title='bbox 698 3074 735 3109; x_wconf 68' lang='grc' dir='ltr'><strong>ὅ(</strong></span> <span class='ocrx_word' id='word_1_344' title='bbox 761 3073 972 3110; x_wconf 88' lang='lat' dir='ltr'><strong>Diodorum</strong></span> <span class='ocrx_word' id='word_1_345' title='bbox 994 3079 1079 3110; x_wconf 88' lang='lat' dir='ltr'><strong>Cro-</strong></span> 
     </span>
     <span class='ocr_line' id='line_1_53' title="bbox 46 3119 1080 3170; baseline 0.014 -22"><span class='ocrx_word' id='word_1_346' title='bbox 46 3125 146 3160; x_wconf 64' lang='lat' dir='ltr'><strong>myon</strong></span> <span class='ocrx_word' id='word_1_347' title='bbox 164 3126 226 3162; x_wconf 89' lang='lat' dir='ltr'><strong>per</strong></span> <span class='ocrx_word' id='word_1_348' title='bbox 246 3131 262 3152; x_wconf 89' lang='lat' dir='ltr'><strong>o</strong></span> <span class='ocrx_word' id='word_1_349' title='bbox 278 3144 287 3160; x_wconf 92' lang='lat'><strong>,</strong></span> <span class='ocrx_word' id='word_1_350' title='bbox 301 3129 319 3153; x_wconf 90' lang='lat' dir='ltr'><strong>a</strong></span> <span class='ocrx_word' id='word_1_351' title='bbox 333 3122 456 3154; x_wconf 73' lang='lat' dir='ltr'><strong>Cremo</strong></span> <span class='ocrx_word' id='word_1_352' title='bbox 469 3145 478 3158; x_wconf 89' lang='lat'>‚</span> <span class='ocrx_word' id='word_1_353' title='bbox 504 3119 672 3158; x_wconf 89' lang='lat' dir='ltr'><strong>videlicet</strong></span> <span class='ocrx_word' id='word_1_354' title='bbox 691 3123 857 3170; x_wconf 87' lang='lat' dir='ltr'><strong>Neptuni</strong></span> <span class='ocrx_word' id='word_1_355' title='bbox 885 3122 962 3161; x_wconf 89' lang='lat' dir='ltr'><strong>filio</strong></span> <span class='ocrx_word' id='word_1_356' title='bbox 976 3151 986 3168; x_wconf 94' lang='lat'><strong>,</strong></span> <span class='ocrx_word' id='word_1_357' title='bbox 1015 3124 1080 3161; x_wconf 90' lang='lat' dir='ltr'><strong>de-</strong></span> 
     </span>
     <span class='ocr_line' id='line_1_54' title="bbox 45 3161 1077 3220; baseline 0.013 -22"><span class='ocrx_word' id='word_1_358' title='bbox 45 3161 159 3198; x_wconf 63' lang='lat' dir='ltr'><strong>dudio</strong></span> <span class='ocrx_word' id='word_1_359' title='bbox 179 3167 356 3208; x_wconf 85' lang='lat' dir='ltr'><strong>nomine,</strong></span> <span class='ocrx_word' id='word_1_360' title='bbox 384 3178 423 3204; x_wconf 87' lang='lat' dir='ltr'><strong>ut</strong></span> <span class='ocrx_word' id='word_1_361' title='bbox 452 3168 637 3206; x_wconf 78' lang='lat' dir='ltr'><strong>Pausanias</strong></span> <span class='ocrx_word' id='word_1_362' title='bbox 660 3172 718 3208; x_wconf 86' lang='lat' dir='ltr'><strong>ait.</strong></span> <span class='ocrx_word' id='word_1_363' title='bbox 746 3173 818 3220; x_wconf 85' lang='lat' dir='ltr'><strong>ipsa</strong></span> <span class='ocrx_word' id='word_1_364' title='bbox 847 3180 970 3210; x_wconf 87' lang='lat' dir='ltr'><strong>autem</strong></span> <span class='ocrx_word' id='word_1_365' title='bbox 1000 3174 1077 3218; x_wconf 83' lang='lat' dir='ltr'><strong>suS,</strong></span> 
     </span>
     <span class='ocr_line' id='line_1_55' title="bbox 48 3211 1079 3267; baseline 0.015 -22"><span class='ocrx_word' id='word_1_366' title='bbox 48 3211 165 3247; x_wconf 85' lang='lat' dir='ltr'><strong>Phaea</strong></span> <span class='ocrx_word' id='word_1_367' title='bbox 187 3215 354 3261; x_wconf 82' lang='lat' dir='ltr'><strong>peculiari</strong></span> <span class='ocrx_word' id='word_1_368' title='bbox 381 3219 536 3255; x_wconf 88' lang='lat' dir='ltr'><strong>nomine</strong></span> <span class='ocrx_word' id='word_1_369' title='bbox 584 3220 758 3267; x_wconf 88' lang='lat' dir='ltr'><strong>appellata</strong></span> <span class='ocrx_word' id='word_1_370' title='bbox 788 3223 858 3259; x_wconf 89' lang='lat' dir='ltr'><strong>fuit</strong></span> <span class='ocrx_word' id='word_1_371' title='bbox 881 3249 892 3266; x_wconf 91' lang='lat'><strong>,</strong></span> <span class='ocrx_word' id='word_1_372' title='bbox 929 3223 1079 3260; x_wconf 63' lang='lat' dir='ltr'><strong>auctore</strong></span> 
     </span>
     <span class='ocr_line' id='line_1_56' title="bbox 48 3260 1076 3323; baseline 0.013 -24"><span class='ocrx_word' id='word_1_373' title='bbox 48 3260 169 3310; x_wconf 83' lang='lat' dir='ltr'><strong>steph.</strong></span> <span class='ocrx_word' id='word_1_374' title='bbox 205 3265 427 3306; x_wconf 69' lang='lat' dir='ltr'><strong>Mtcrttus.</strong></span> <span class='ocrx_word' id='word_1_375' title='bbox 479 3274 586 3308; x_wconf 79' lang='lat' dir='ltr'><strong>Saum</strong></span> <span class='ocrx_word' id='word_1_376' title='bbox 613 3268 689 3308; x_wconf 83' lang='lat' dir='ltr'><strong>duo</strong></span> <span class='ocrx_word' id='word_1_377' title='bbox 718 3277 870 3311; x_wconf 83' lang='lat' dir='ltr'><strong>veteres.</strong></span> <span class='ocrx_word' id='word_1_378' title='bbox 922 3272 1043 3323; x_wconf 79' lang='lat' dir='ltr'><strong>Scribe</strong></span> <span class='ocrx_word' id='word_1_379' title='bbox 1065 3300 1076 3320; x_wconf 91' lang='lat'>‚</span> 
     </span>
    </p>
   </div>
   <div class='ocr_carea' id='block_1_6' title="bbox 1949 969 2186 1042">
    <p class='ocr_par' dir='ltr' id='par_1_16' title="bbox 1949 969 2186 1042">
     <span class='ocr_line' id='line_1_57' title="bbox 1949 969 2186 1042; baseline 0 -18"><span class='ocrx_word' id='word_1_380' title='bbox 1949 969 2186 1042; x_wconf 80' lang='lat' dir='ltr'><strong>Cercyo-</strong></span> 
     </span>
    </p>
   </div>
   <div class='ocr_carea' id='block_1_7' title="bbox 1132 1093 2189 2109">
    <p class='ocr_par' dir='ltr' id='par_1_17' title="bbox 1132 1093 2188 1399">
     <span class='ocr_line' id='line_1_58' title="bbox 1132 1093 2188 1147; baseline 0.005 -16"><span class='ocrx_word' id='word_1_381' title='bbox 1132 1093 1210 1142; x_wconf 80' lang='lat' dir='ltr'><strong>sus&#39;s</strong></span> <span class='ocrx_word' id='word_1_382' title='bbox 1235 1096 1376 1144; x_wconf 74' lang='lat' dir='ltr'><strong>ficurus</strong></span> <span class='ocrx_word' id='word_1_383' title='bbox 1400 1106 1484 1134; x_wconf 88' lang='lat' dir='ltr'><strong>cum</strong></span> <span class='ocrx_word' id='word_1_384' title='bbox 1520 1094 1706 1145; x_wconf 82' lang='lat' dir='ltr'><strong>Dionysio</strong></span> <span class='ocrx_word' id='word_1_385' title='bbox 1735 1095 1928 1147; x_wconf 85' lang='lat' dir='ltr'><strong>Salvagnio</strong></span> <span class='ocrx_word' id='word_1_386' title='bbox 1967 1096 2114 1135; x_wconf 75' lang='lat' dir='ltr'><strong>Boeffio</strong></span> <span class='ocrx_word' id='word_1_387' title='bbox 2142 1096 2188 1136; x_wconf 85' lang='lat' dir='ltr'><strong>ad</strong></span> 
     </span>
     <span class='ocr_line' id='line_1_59' title="bbox 1143 1145 2185 1197; baseline 0.004 -15"><span class='ocrx_word' id='word_1_388' title='bbox 1143 1145 1234 1183; x_wconf 91' lang='lat' dir='ltr'><strong>Ibid.</strong></span> <span class='ocrx_word' id='word_1_389' title='bbox 1255 1158 1340 1193; x_wconf 74' lang='lat'><strong>409.</strong></span> <span class='ocrx_word' id='word_1_390' title='bbox 1358 1147 1395 1183; x_wconf 70' lang='grc' dir='ltr'>δί</span> <span class='ocrx_word' id='word_1_391' title='bbox 1415 1147 1537 1184; x_wconf 85' lang='lat' dir='ltr'><strong>nostro</strong></span> <span class='ocrx_word' id='word_1_392' title='bbox 1562 1148 1772 1185; x_wconf 88' lang='lat' dir='ltr'><strong>Gronovio.</strong></span> <span class='ocrx_word' id='word_1_393' title='bbox 1799 1148 1844 1185; x_wconf 89' lang='lat' dir='ltr'><strong>de</strong></span> <span class='ocrx_word' id='word_1_394' title='bbox 1866 1150 1924 1186; x_wconf 90' lang='lat' dir='ltr'><strong>sue</strong></span> <span class='ocrx_word' id='word_1_395' title='bbox 1947 1148 2185 1197; x_wconf 89' lang='lat' dir='ltr'><strong>Cromyonio</strong></span> 
     </span>
     <span class='ocr_line' id='line_1_60' title="bbox 1142 1197 2187 1246; baseline 0.004 -14"><span class='ocrx_word' id='word_1_396' title='bbox 1142 1207 1196 1233; x_wconf 89' lang='lat' dir='ltr'><strong>res</strong></span> <span class='ocrx_word' id='word_1_397' title='bbox 1217 1197 1264 1233; x_wconf 90' lang='lat' dir='ltr'><strong>est</strong></span> <span class='ocrx_word' id='word_1_398' title='bbox 1286 1197 1480 1235; x_wconf 87' lang='lat' dir='ltr'><strong>notiffima.</strong></span> <span class='ocrx_word' id='word_1_399' title='bbox 1519 1203 1657 1234; x_wconf 78' lang='lat' dir='ltr'><strong>Securus</strong></span> <span class='ocrx_word' id='word_1_400' title='bbox 1688 1211 1847 1235; x_wconf 82' lang='lat' dir='ltr'><strong>amorum</strong></span> <span class='ocrx_word' id='word_1_401' title='bbox 1877 1204 2070 1235; x_wconf 84' lang='lat' dir='ltr'><strong>Germanae</strong></span> <span class='ocrx_word' id='word_1_402' title='bbox 2089 1198 2187 1246; x_wconf 82' lang='lat' dir='ltr'><strong>apud</strong></span> 
     </span>
     <span class='ocr_line' id='line_1_61' title="bbox 1147 1246 2187 1298; baseline 0.003 -16"><span class='ocrx_word' id='word_1_403' title='bbox 1147 1246 1358 1295; x_wconf 85' lang='lat' dir='ltr'><strong>Virgilium.</strong></span> <span class='ocrx_word' id='word_1_404' title='bbox 1386 1247 1538 1296; x_wconf 85' lang='lat' dir='ltr'><strong>Elegans</strong></span> <span class='ocrx_word' id='word_1_405' title='bbox 1549 1247 1695 1286; x_wconf 89' lang='lat' dir='ltr'><strong>secundi</strong></span> <span class='ocrx_word' id='word_1_406' title='bbox 1706 1249 1800 1286; x_wconf 84' lang='lat' dir='ltr'><strong>casus</strong></span> <span class='ocrx_word' id='word_1_407' title='bbox 1813 1248 1892 1287; x_wconf 88' lang='lat' dir='ltr'><strong>usus</strong></span> <span class='ocrx_word' id='word_1_408' title='bbox 1905 1250 1952 1287; x_wconf 88' lang='lat' dir='ltr'><strong>est</strong></span> <span class='ocrx_word' id='word_1_409' title='bbox 1966 1251 2003 1287; x_wconf 92' lang='lat'>&amp;</span> <span class='ocrx_word' id='word_1_410' title='bbox 2016 1250 2187 1298; x_wconf 87' lang='lat' dir='ltr'><strong>frequens</strong></span> 
     </span>
     <span class='ocr_line' id='line_1_62' title="bbox 1143 1298 2186 1348; baseline 0.002 -13"><span class='ocrx_word' id='word_1_411' title='bbox 1143 1298 1240 1345; x_wconf 83' lang='lat' dir='ltr'><strong>apud</strong></span> <span class='ocrx_word' id='word_1_412' title='bbox 1263 1298 1426 1347; x_wconf 87' lang='lat' dir='ltr'><strong>optimos</strong></span> <span class='ocrx_word' id='word_1_413' title='bbox 1445 1310 1488 1336; x_wconf 87' lang='lat' dir='ltr'><strong>ac</strong></span> <span class='ocrx_word' id='word_1_414' title='bbox 1508 1298 1788 1348; x_wconf 77' lang='lat' dir='ltr'><strong>elegantissimos</strong></span> <span class='ocrx_word' id='word_1_415' title='bbox 1799 1299 1996 1348; x_wconf 87' lang='lat' dir='ltr'><strong>scriptores.</strong></span> <span class='ocrx_word' id='word_1_416' title='bbox 2017 1299 2186 1338; x_wconf 84' lang='lat' dir='ltr'><strong>Emenda</strong></span> 
     </span>
     <span class='ocr_line' id='line_1_63' title="bbox 1146 1347 2033 1399; baseline 0.002 -14"><span class='ocrx_word' id='word_1_417' title='bbox 1146 1347 1300 1386; x_wconf 85' lang='lat' dir='ltr'><strong>Statium</strong></span> <span class='ocrx_word' id='word_1_418' title='bbox 1322 1350 1360 1386; x_wconf 93' lang='lat' dir='ltr'><strong>in</strong></span> <span class='ocrx_word' id='word_1_419' title='bbox 1384 1349 1452 1387; x_wconf 88' lang='lat' dir='ltr'><strong>hac</strong></span> <span class='ocrx_word' id='word_1_420' title='bbox 1471 1349 1663 1387; x_wconf 90' lang='lat' dir='ltr'><strong>locutione</strong></span> <span class='ocrx_word' id='word_1_421' title='bbox 1682 1349 1741 1386; x_wconf 89' lang='lat' dir='ltr'><strong>lib.</strong></span> <span class='ocrx_word' id='word_1_422' title='bbox 1760 1362 1805 1386; x_wconf 84' lang='lat'><strong>11.</strong></span> <span class='ocrx_word' id='word_1_423' title='bbox 1824 1350 1908 1389; x_wconf 84' lang='lat' dir='ltr'><strong>Silv.</strong></span> <span class='ocrx_word' id='word_1_424' title='bbox 1932 1364 1958 1389; x_wconf 87' lang='lat'><strong>1.</strong></span> <span class='ocrx_word' id='word_1_425' title='bbox 1972 1363 2033 1399; x_wconf 87' lang='lat'><strong>99.</strong></span> 
     </span>
    </p>

    <p class='ocr_par' dir='ltr' id='par_1_18' title="bbox 1195 1399 2083 1450">
     <span class='ocr_line' id='line_1_64' title="bbox 1195 1399 2083 1450; baseline 0.003 -15"><span class='ocrx_word' id='word_1_426' title='bbox 1195 1399 1290 1444; x_wconf 80' lang='lat' dir='ltr'><strong>Jam</strong></span> <span class='ocrx_word' id='word_1_427' title='bbox 1302 1401 1423 1448; x_wconf 85' lang='lat' dir='ltr'><strong>secura</strong></span> <span class='ocrx_word' id='word_1_428' title='bbox 1439 1400 1552 1450; x_wconf 82' lang='lat' dir='ltr'><strong>patris</strong></span> <span class='ocrx_word' id='word_1_429' title='bbox 1574 1399 1713 1448; x_wconf 79' lang='lat' dir='ltr'><strong>Thuscis</strong></span> <span class='ocrx_word' id='word_1_430' title='bbox 1735 1399 1900 1450; x_wconf 81' lang='lat' dir='ltr'><strong>regnabat</strong></span> <span class='ocrx_word' id='word_1_431' title='bbox 1920 1402 1958 1439; x_wconf 83' lang='lat' dir='ltr'><strong>in</strong></span> <span class='ocrx_word' id='word_1_432' title='bbox 1980 1400 2083 1438; x_wconf 80' lang='lat' dir='ltr'><strong>undis</strong></span> 
     </span>
    </p>

    <p class='ocr_par' dir='ltr' id='par_1_19' title="bbox 1139 1449 2188 1748">
     <span class='ocr_line' id='line_1_65' title="bbox 1193 1449 1721 1491; baseline 0.009 -5"><span class='ocrx_word' id='word_1_433' title='bbox 1193 1449 1276 1488; x_wconf 80' lang='lat' dir='ltr'><strong>Jlia.</strong></span> <span class='ocrx_word' id='word_1_434' title='bbox 1720 1488 1721 1491; x_wconf 74' lang='grc'>,</span> 
     </span>
     <span class='ocr_line' id='line_1_66' title="bbox 1141 1501 2188 1549; baseline 0.001 -10"><span class='ocrx_word' id='word_1_435' title='bbox 1141 1501 1355 1549; x_wconf 89' lang='lat' dir='ltr'><strong>Quomodo</strong></span> <span class='ocrx_word' id='word_1_436' title='bbox 1377 1501 1414 1539; x_wconf 87' lang='lat' dir='ltr'><strong>in</strong></span> <span class='ocrx_word' id='word_1_437' title='bbox 1445 1501 1583 1540; x_wconf 88' lang='lat' dir='ltr'><strong>vetusta</strong></span> <span class='ocrx_word' id='word_1_438' title='bbox 1599 1501 1784 1541; x_wconf 78' lang='lat' dir='ltr'><strong>Parmensi</strong></span> <span class='ocrx_word' id='word_1_439' title='bbox 1813 1503 1978 1541; x_wconf 88' lang='lat' dir='ltr'><strong>editione</strong></span> <span class='ocrx_word' id='word_1_440' title='bbox 1999 1501 2096 1540; x_wconf 73' lang='lat' dir='ltr'><strong>re&lt;f³te</strong></span> <span class='ocrx_word' id='word_1_441' title='bbox 2106 1502 2188 1540; x_wconf 89' lang='lat' dir='ltr'><strong>scri·</strong></span> 
     </span>
     <span class='ocr_line' id='line_1_67' title="bbox 1140 1550 2186 1602; baseline 0.001 -14"><span class='ocrx_word' id='word_1_442' title='bbox 1140 1550 1247 1590; x_wconf 89' lang='lat' dir='ltr'><strong>bitur.</strong></span> <span class='ocrx_word' id='word_1_443' title='bbox 1274 1564 1359 1591; x_wconf 91' lang='lat' dir='ltr'><strong>cum</strong></span> <span class='ocrx_word' id='word_1_444' title='bbox 1380 1564 1479 1590; x_wconf 87' lang='lat' dir='ltr'><strong>nunc</strong></span> <span class='ocrx_word' id='word_1_445' title='bbox 1495 1554 1610 1600; x_wconf 78' lang='lat' dir='ltr'><strong>secura</strong></span> <span class='ocrx_word' id='word_1_446' title='bbox 1625 1563 1749 1602; x_wconf 84' lang='lat' dir='ltr'><strong>parens</strong></span> <span class='ocrx_word' id='word_1_447' title='bbox 1771 1555 2058 1592; x_wconf 77' lang='lat' dir='ltr'><strong>circumferatur.</strong></span> <span class='ocrx_word' id='word_1_448' title='bbox 2087 1560 2186 1589; x_wconf 74' lang='lat' dir='ltr'><strong>Secu-</strong></span> 
     </span>
     <span class='ocr_line' id='line_1_68' title="bbox 1140 1602 2187 1652; baseline 0.002 -14"><span class='ocrx_word' id='word_1_449' title='bbox 1140 1615 1200 1639; x_wconf 86' lang='lat' dir='ltr'><strong>rus</strong></span> <span class='ocrx_word' id='word_1_450' title='bbox 1212 1602 1321 1652; x_wconf 67' lang='lat' dir='ltr'><strong>pelagi</strong></span> <span class='ocrx_word' id='word_1_451' title='bbox 1343 1603 1475 1640; x_wconf 81' lang='lat' dir='ltr'><strong>Chiron</strong></span> <span class='ocrx_word' id='word_1_452' title='bbox 1495 1604 1630 1641; x_wconf 80' lang='lat' dir='ltr'><strong>Achill.</strong></span> <span class='ocrx_word' id='word_1_453' title='bbox 1657 1616 1686 1642; x_wconf 83' lang='grc' dir='ltr'><strong>Ι.</strong></span> <span class='ocrx_word' id='word_1_454' title='bbox 1707 1605 1848 1652; x_wconf 74' lang='lat' dir='ltr'><strong>securus</strong></span> <span class='ocrx_word' id='word_1_455' title='bbox 1872 1603 1970 1652; x_wconf 79' lang='lat' dir='ltr'><strong>vulgi</strong></span> <span class='ocrx_word' id='word_1_456' title='bbox 1988 1603 2110 1641; x_wconf 83' lang='lat' dir='ltr'><strong>Persio</strong></span> <span class='ocrx_word' id='word_1_457' title='bbox 2124 1604 2187 1640; x_wconf 90' lang='lat' dir='ltr'><strong>Sa-</strong></span> 
     </span>
     <span class='ocr_line' id='line_1_69' title="bbox 1139 1653 2185 1701; baseline 0.001 -11"><span class='ocrx_word' id='word_1_458' title='bbox 1139 1661 1220 1701; x_wconf 89' lang='lat' dir='ltr'><strong>tyra</strong></span> <span class='ocrx_word' id='word_1_459' title='bbox 1241 1666 1295 1691; x_wconf 82' lang='lat' dir='ltr'><strong>vr.</strong></span> <span class='ocrx_word' id='word_1_460' title='bbox 1324 1655 1413 1691; x_wconf 93' lang='lat' dir='ltr'><strong>Non</strong></span> <span class='ocrx_word' id='word_1_461' title='bbox 1434 1653 1596 1692; x_wconf 75' lang='lat' dir='ltr'><strong>absimile</strong></span> <span class='ocrx_word' id='word_1_462' title='bbox 1617 1656 1793 1693; x_wconf 85' lang='lat' dir='ltr'><strong>mendum</strong></span> <span class='ocrx_word' id='word_1_463' title='bbox 1814 1667 1859 1693; x_wconf 86' lang='lat' dir='ltr'><strong>ex</strong></span> <span class='ocrx_word' id='word_1_464' title='bbox 1881 1655 2032 1693; x_wconf 88' lang='lat' dir='ltr'><strong>Valerio</strong></span> <span class='ocrx_word' id='word_1_465' title='bbox 2052 1654 2185 1692; x_wconf 87' lang='lat' dir='ltr'><strong>Flacco</strong></span> 
     </span>
     <span class='ocr_line' id='line_1_70' title="bbox 1139 1703 1662 1748; baseline 0.002 -7"><span class='ocrx_word' id='word_1_466' title='bbox 1139 1703 1346 1743; x_wconf 89' lang='lat' dir='ltr'><strong>tollendum</strong></span> <span class='ocrx_word' id='word_1_467' title='bbox 1365 1705 1490 1742; x_wconf 82' lang='lat' dir='ltr'><strong>lib.vt.</strong></span> <span class='ocrx_word' id='word_1_468' title='bbox 1512 1706 1662 1748; x_wconf 58' lang='lat' dir='ltr'><strong>sss.266.</strong></span> 
     </span>
    </p>

    <p class='ocr_par' dir='ltr' id='par_1_20' title="bbox 1190 1753 2147 1804">
     <span class='ocr_line' id='line_1_71' title="bbox 1190 1753 2147 1804; baseline -0.002 -12"><span class='ocrx_word' id='word_1_469' title='bbox 1190 1760 1296 1792; x_wconf 86' lang='lat' dir='ltr'><strong>Parte</strong></span> <span class='ocrx_word' id='word_1_470' title='bbox 1311 1754 1384 1792; x_wconf 85' lang='lat' dir='ltr'><strong>alia</strong></span> <span class='ocrx_word' id='word_1_471' title='bbox 1402 1755 1528 1802; x_wconf 66' lang='lat' dir='ltr'><strong>infestis</strong></span> <span class='ocrx_word' id='word_1_472' title='bbox 1556 1758 1664 1804; x_wconf 85' lang='lat' dir='ltr'><strong>(nam</strong></span> <span class='ocrx_word' id='word_1_473' title='bbox 1676 1758 1752 1803; x_wconf 80' lang='lat' dir='ltr'><strong>fhrs</strong></span> <span class='ocrx_word' id='word_1_474' title='bbox 1772 1755 1946 1804; x_wconf 79' lang='lat' dir='ltr'><strong>advexit)</strong></span> <span class='ocrx_word' id='word_1_475' title='bbox 1974 1755 2011 1792; x_wconf 86' lang='lat' dir='ltr'><strong>in</strong></span> <span class='ocrx_word' id='word_1_476' title='bbox 2036 1753 2147 1792; x_wconf 84' lang='lat' dir='ltr'><strong>armis</strong></span> 
     </span>
    </p>

    <p class='ocr_par' dir='ltr' id='par_1_21' title="bbox 1136 1805 2189 2109">
     <span class='ocr_line' id='line_1_72' title="bbox 1192 1805 2108 1857; baseline 0 -15"><span class='ocrx_word' id='word_1_477' title='bbox 1192 1810 1313 1854; x_wconf 72' lang='lat' dir='ltr'><strong>Styrus</strong></span> <span class='ocrx_word' id='word_1_478' title='bbox 1330 1805 1421 1853; x_wconf 84' lang='lat' dir='ltr'><strong>adest</strong></span> <span class='ocrx_word' id='word_1_479' title='bbox 1433 1833 1442 1849; x_wconf 90' lang='lat'><strong>,</strong></span> <span class='ocrx_word' id='word_1_480' title='bbox 1470 1806 1645 1857; x_wconf 75' lang='lat' dir='ltr'><strong>laetusque</strong></span> <span class='ocrx_word' id='word_1_481' title='bbox 1663 1807 1735 1845; x_wconf 81' lang='lat' dir='ltr'><strong>viri</strong></span> <span class='ocrx_word' id='word_1_482' title='bbox 1755 1807 1913 1856; x_wconf 83' lang='lat' dir='ltr'><strong>cognoscit</strong></span> <span class='ocrx_word' id='word_1_483' title='bbox 1935 1805 2108 1855; x_wconf 81' lang='lat' dir='ltr'><strong>Anausin.</strong></span> 
     </span>
     <span class='ocr_line' id='line_1_73' title="bbox 1141 1856 2189 1908; baseline 0 -15"><span class='ocrx_word' id='word_1_484' title='bbox 1141 1856 1199 1893; x_wconf 90' lang='lat' dir='ltr'><strong>Sic</strong></span> <span class='ocrx_word' id='word_1_485' title='bbox 1225 1856 1467 1895; x_wconf 89' lang='lat' dir='ltr'><strong>scribendum.</strong></span> <span class='ocrx_word' id='word_1_486' title='bbox 1496 1869 1574 1895; x_wconf 89' lang='lat' dir='ltr'><strong>non</strong></span> <span class='ocrx_word' id='word_1_487' title='bbox 1596 1886 1606 1903; x_wconf 97' lang='lat'><strong>,</strong></span> <span class='ocrx_word' id='word_1_488' title='bbox 1638 1860 1711 1902; x_wconf 81' lang='lat' dir='ltr'><strong>fors</strong></span> <span class='ocrx_word' id='word_1_489' title='bbox 1740 1858 1929 1908; x_wconf 80' lang='lat' dir='ltr'><strong>adjunxit,</strong></span> <span class='ocrx_word' id='word_1_490' title='bbox 1958 1859 1994 1894; x_wconf 61' lang='grc' dir='ltr'>δί</span> <span class='ocrx_word' id='word_1_491' title='bbox 2015 1857 2189 1906; x_wconf 59' lang='lat' dir='ltr'><strong>laetzffque</strong></span> 
     </span>
     <span class='ocr_line' id='line_1_74' title="bbox 1140 1907 2186 1957; baseline 0.002 -15"><span class='ocrx_word' id='word_1_492' title='bbox 1140 1907 1273 1945; x_wconf 82' lang='lat' dir='ltr'><strong>virum.</strong></span> <span class='ocrx_word' id='word_1_493' title='bbox 1325 1908 1427 1946; x_wconf 87' lang='lat' dir='ltr'><strong>Pleni</strong></span> <span class='ocrx_word' id='word_1_494' title='bbox 1459 1909 1593 1946; x_wconf 88' lang='lat' dir='ltr'><strong>horum</strong></span> <span class='ocrx_word' id='word_1_495' title='bbox 1618 1909 1816 1957; x_wconf 79' lang='lat' dir='ltr'><strong>Virgilius,</strong></span> <span class='ocrx_word' id='word_1_496' title='bbox 1844 1909 1998 1953; x_wconf 87' lang='lat' dir='ltr'><strong>Statius,</strong></span> <span class='ocrx_word' id='word_1_497' title='bbox 2026 1909 2086 1945; x_wconf 91' lang='lat' dir='ltr'><strong>hic</strong></span> <span class='ocrx_word' id='word_1_498' title='bbox 2112 1908 2186 1954; x_wconf 84' lang='lat' dir='ltr'><strong>ipse</strong></span> 
     </span>
     <span class='ocr_line' id='line_1_75' title="bbox 1139 1957 2182 2008; baseline 0 -13"><span class='ocrx_word' id='word_1_499' title='bbox 1139 1957 1309 2003; x_wconf 84' lang='lat' dir='ltr'><strong>Flaccus,</strong></span> <span class='ocrx_word' id='word_1_500' title='bbox 1339 1959 1376 1996; x_wconf 68' lang='grc' dir='ltr'><strong>δε</strong></span> <span class='ocrx_word' id='word_1_501' title='bbox 1399 1971 1483 2007; x_wconf 86' lang='lat' dir='ltr'><strong>prae</strong></span> <span class='ocrx_word' id='word_1_502' title='bbox 1505 1960 1631 1997; x_wconf 85' lang='lat' dir='ltr'><strong>ceteris</strong></span> <span class='ocrx_word' id='word_1_503' title='bbox 1661 1960 1768 1997; x_wconf 87' lang='lat' dir='ltr'><strong>Silius.</strong></span> <span class='ocrx_word' id='word_1_504' title='bbox 1787 1960 1942 1997; x_wconf 77' lang='lat' dir='ltr'><strong>Italicus,</strong></span> <span class='ocrx_word' id='word_1_505' title='bbox 1962 1959 2108 2008; x_wconf 85' lang='lat' dir='ltr'><strong>vulgata</strong></span> <span class='ocrx_word' id='word_1_506' title='bbox 2130 1960 2182 1995; x_wconf 79' lang='lat' dir='ltr'><strong>le-</strong></span> 
     </span>
     <span class='ocr_line' id='line_1_76' title="bbox 1141 2008 2181 2058; baseline -0.001 -12"><span class='ocrx_word' id='word_1_507' title='bbox 1141 2008 1215 2046; x_wconf 63' lang='lat' dir='ltr'><strong>etio</strong></span> <span class='ocrx_word' id='word_1_508' title='bbox 1228 2010 1470 2048; x_wconf 80' lang='lat' dir='ltr'><strong>vehementer</strong></span> <span class='ocrx_word' id='word_1_509' title='bbox 1482 2011 1599 2058; x_wconf 83' lang='lat' dir='ltr'><strong>friget.</strong></span> <span class='ocrx_word' id='word_1_510' title='bbox 1627 2012 1702 2058; x_wconf 85' lang='lat' dir='ltr'><strong>pari</strong></span> <span class='ocrx_word' id='word_1_511' title='bbox 1717 2010 1832 2048; x_wconf 86' lang='lat' dir='ltr'><strong>modo</strong></span> <span class='ocrx_word' id='word_1_512' title='bbox 1844 2010 1955 2047; x_wconf 79' lang='lat' dir='ltr'><strong>laetus</strong></span> <span class='ocrx_word' id='word_1_513' title='bbox 1973 2018 2072 2058; x_wconf 71' lang='lat' dir='ltr'><strong>opum</strong></span> <span class='ocrx_word' id='word_1_514' title='bbox 2085 2008 2181 2057; x_wconf 79' lang='lat' dir='ltr'><strong>apud</strong></span> 
     </span>
     <span class='ocr_line' id='line_1_77' title="bbox 1136 2059 1782 2109; baseline 0.003 -13"><span class='ocrx_word' id='word_1_515' title='bbox 1136 2059 1297 2098; x_wconf 89' lang='lat' dir='ltr'><strong>eundem</strong></span> <span class='ocrx_word' id='word_1_516' title='bbox 1320 2061 1511 2098; x_wconf 86' lang='lat' dir='ltr'><strong>Valerium</strong></span> <span class='ocrx_word' id='word_1_517' title='bbox 1534 2061 1595 2098; x_wconf 87' lang='lat' dir='ltr'><strong>lib.</strong></span> <span class='ocrx_word' id='word_1_518' title='bbox 1616 2073 1676 2100; x_wconf 82' lang='lat'><strong>111.</strong></span> <span class='ocrx_word' id='word_1_519' title='bbox 1697 2061 1782 2109; x_wconf 81' lang='lat'>659.</span> 
     </span>
    </p>
   </div>
   <div class='ocr_carea' id='block_1_8' title="bbox 1183 2126 2182 2225">
    <p class='ocr_par' dir='ltr' id='par_1_22' title="bbox 1183 2126 2182 2225">
     <span class='ocr_line' id='line_1_78' title="bbox 1184 2126 2182 2175; baseline -0.001 -14"><span class='ocrx_word' id='word_1_520' title='bbox 1184 2129 1313 2163; x_wconf 71' lang='lat' dir='ltr'><strong>Laetus</strong></span> <span class='ocrx_word' id='word_1_521' title='bbox 1345 2134 1443 2175; x_wconf 76' lang='lat' dir='ltr'><strong>opum</strong></span> <span class='ocrx_word' id='word_1_522' title='bbox 1462 2126 1622 2175; x_wconf 75' lang='lat' dir='ltr'><strong>pacisqzte</strong></span> <span class='ocrx_word' id='word_1_523' title='bbox 1643 2139 1759 2170; x_wconf 83' lang='lat' dir='ltr'><strong>meae,</strong></span> <span class='ocrx_word' id='word_1_524' title='bbox 1798 2127 1960 2174; x_wconf 78' lang='lat' dir='ltr'><strong>tutusque</strong></span> <span class='ocrx_word' id='word_1_525' title='bbox 1983 2136 2182 2168; x_wconf 74' lang='lat' dir='ltr'><strong>manerem,</strong></span> 
     </span>
     <span class='ocr_line' id='line_1_79' title="bbox 1183 2175 1755 2225; baseline 0.005 -13"><span class='ocrx_word' id='word_1_526' title='bbox 1183 2175 1278 2224; x_wconf 68' lang='lat' dir='ltr'><strong>Qis</strong></span> <span class='ocrx_word' id='word_1_527' title='bbox 1297 2178 1431 2225; x_wconf 79' lang='lat' dir='ltr'><strong>genitor</strong></span> <span class='ocrx_word' id='word_1_528' title='bbox 1454 2187 1651 2225; x_wconf 78' lang='lat' dir='ltr'><strong>materque,</strong></span> <span class='ocrx_word' id='word_1_529' title='bbox 1665 2176 1755 2215; x_wconf 82' lang='lat' dir='ltr'><strong>locis.</strong></span> 
     </span>
    </p>
   </div>
   <div class='ocr_carea' id='block_1_9' title="bbox 1135 2237 2184 2740">
    <p class='ocr_par' dir='ltr' id='par_1_23' title="bbox 1135 2237 2184 2740">
     <span class='ocr_line' id='line_1_80' title="bbox 1135 2237 1523 2285; baseline 0 -10"><span class='ocrx_word' id='word_1_530' title='bbox 1135 2237 1183 2275; x_wconf 88' lang='lat' dir='ltr'><strong>Et</strong></span> <span class='ocrx_word' id='word_1_531' title='bbox 1203 2237 1295 2276; x_wconf 89' lang='lat' dir='ltr'><strong>libro</strong></span> <span class='ocrx_word' id='word_1_532' title='bbox 1314 2248 1340 2276; x_wconf 88' lang='lat'><strong>1.</strong></span> <span class='ocrx_word' id='word_1_533' title='bbox 1361 2238 1418 2281; x_wconf 51' lang='lat' dir='ltr'><strong>sss.</strong></span> <span class='ocrx_word' id='word_1_534' title='bbox 1439 2238 1523 2285; x_wconf 73' lang='lat'><strong>485.</strong></span> 
     </span>
     <span class='ocr_line' id='line_1_81' title="bbox 1188 2285 2131 2337; baseline -0.003 -12"><span class='ocrx_word' id='word_1_535' title='bbox 1188 2290 1322 2326; x_wconf 68' lang='lat' dir='ltr'><strong>Dutft‘or</strong></span> <span class='ocrx_word' id='word_1_536' title='bbox 1344 2302 1454 2326; x_wconf 85' lang='lat' dir='ltr'><strong>ovans</strong></span> <span class='ocrx_word' id='word_1_537' title='bbox 1473 2288 1646 2337; x_wconf 79' lang='lat' dir='ltr'><strong>laetusque</strong></span> <span class='ocrx_word' id='word_1_538' title='bbox 1664 2288 1733 2326; x_wconf 83' lang='lat' dir='ltr'><strong>doli</strong></span> <span class='ocrx_word' id='word_1_539' title='bbox 1757 2286 1916 2337; x_wconf 78' lang='lat' dir='ltr'><strong>cognoscit</strong></span> <span class='ocrx_word' id='word_1_540' title='bbox 1939 2285 2106 2334; x_wconf 70' lang='lat' dir='ltr'><strong>Acastum</strong></span> <span class='ocrx_word' id='word_1_541' title='bbox 2120 2314 2131 2332; x_wconf 89' lang='lat'><strong>,</strong></span> 
     </span>
     <span class='ocr_line' id='line_1_82' title="bbox 1189 2340 1612 2388; baseline 0 -13"><span class='ocrx_word' id='word_1_542' title='bbox 1189 2345 1395 2377; x_wconf 83' lang='lat' dir='ltr'><strong>Horrentem</strong></span> <span class='ocrx_word' id='word_1_543' title='bbox 1421 2340 1459 2376; x_wconf 88' lang='lat' dir='ltr'><strong>in</strong></span> <span class='ocrx_word' id='word_1_544' title='bbox 1473 2340 1612 2388; x_wconf 73' lang='lat' dir='ltr'><strong>jaculis.</strong></span> 
     </span>
     <span class='ocr_line' id='line_1_83' title="bbox 1138 2386 2184 2436; baseline -0.005 -9"><span class='ocrx_word' id='word_1_545' title='bbox 1138 2388 1192 2426; x_wconf 85' lang='lat' dir='ltr'><strong>Ita</strong></span> <span class='ocrx_word' id='word_1_546' title='bbox 1212 2389 1308 2427; x_wconf 86' lang='lat' dir='ltr'><strong>&amp;ibi</strong></span> <span class='ocrx_word' id='word_1_547' title='bbox 1331 2390 1461 2427; x_wconf 83' lang='lat' dir='ltr'><strong>censeo</strong></span> <span class='ocrx_word' id='word_1_548' title='bbox 1483 2389 1724 2427; x_wconf 83' lang='lat' dir='ltr'><strong>scribendum.</strong></span> <span class='ocrx_word' id='word_1_549' title='bbox 1751 2387 2036 2436; x_wconf 77' lang='lat' dir='ltr'><strong>Vulgati,avens</strong></span> <span class='ocrx_word' id='word_1_550' title='bbox 2057 2386 2184 2435; x_wconf 74' lang='lat' dir='ltr'><strong>laetus-</strong></span> 
     </span>
     <span class='ocr_line' id='line_1_84' title="bbox 1139 2438 2182 2488; baseline 0 -14"><span class='ocrx_word' id='word_1_551' title='bbox 1139 2452 1204 2488; x_wconf 81' lang='lat' dir='ltr'><strong>que</strong></span> <span class='ocrx_word' id='word_1_552' title='bbox 1223 2439 1309 2476; x_wconf 85' lang='lat' dir='ltr'><strong>dolis</strong></span> <span class='ocrx_word' id='word_1_553' title='bbox 1327 2440 1486 2488; x_wconf 81' lang='lat' dir='ltr'><strong>agnoscit.</strong></span> <span class='ocrx_word' id='word_1_554' title='bbox 1522 2451 1606 2476; x_wconf 87' lang='lat' dir='ltr'><strong>nam</strong></span> <span class='ocrx_word' id='word_1_555' title='bbox 1639 2438 1741 2488; x_wconf 86' lang='lat' dir='ltr'><strong>quod</strong></span> <span class='ocrx_word' id='word_1_556' title='bbox 1769 2438 1864 2486; x_wconf 87' lang='lat' dir='ltr'><strong>apud</strong></span> <span class='ocrx_word' id='word_1_557' title='bbox 1887 2439 2046 2476; x_wconf 88' lang='lat' dir='ltr'><strong>eundem</strong></span> <span class='ocrx_word' id='word_1_558' title='bbox 2070 2438 2182 2474; x_wconf 80' lang='lat' dir='ltr'><strong>Valc-</strong></span> 
     </span>
     <span class='ocr_line' id='line_1_85' title="bbox 1138 2488 2179 2537; baseline -0.001 -11"><span class='ocrx_word' id='word_1_559' title='bbox 1138 2489 1234 2526; x_wconf 89' lang='lat' dir='ltr'><strong>rium</strong></span> <span class='ocrx_word' id='word_1_560' title='bbox 1256 2490 1317 2526; x_wconf 90' lang='lat' dir='ltr'><strong>lib.</strong></span> <span class='ocrx_word' id='word_1_561' title='bbox 1340 2501 1394 2526; x_wconf 81' lang='lat' dir='ltr'><strong>vx.</strong></span> <span class='ocrx_word' id='word_1_562' title='bbox 1413 2490 1469 2532; x_wconf 50' lang='grc' dir='ltr'><strong>γε.</strong></span> <span class='ocrx_word' id='word_1_563' title='bbox 1492 2500 1550 2536; x_wconf 85' lang='lat'><strong>74</strong></span> <span class='ocrx_word' id='word_1_564' title='bbox 1579 2489 1706 2536; x_wconf 75' lang='lat' dir='ltr'><strong>Moesta</strong></span> <span class='ocrx_word' id='word_1_565' title='bbox 1720 2490 1808 2526; x_wconf 79' lang='lat' dir='ltr'><strong>necis</strong></span> <span class='ocrx_word' id='word_1_566' title='bbox 1829 2489 1985 2537; x_wconf 75' lang='lat' dir='ltr'><strong>legitur,</strong></span> <span class='ocrx_word' id='word_1_567' title='bbox 2012 2488 2115 2527; x_wconf 88' lang='lat' dir='ltr'><strong>locus</strong></span> <span class='ocrx_word' id='word_1_568' title='bbox 2129 2488 2179 2526; x_wconf 86' lang='lat' dir='ltr'><strong>est</strong></span> 
     </span>
     <span class='ocr_line' id='line_1_86' title="bbox 1137 2539 2141 2576; baseline 0.005 -1"><span class='ocrx_word' id='word_1_569' title='bbox 1137 2539 1354 2576; x_wconf 85' lang='lat' dir='ltr'><strong>mendosus:</strong></span> <span class='ocrx_word' id='word_1_570' title='bbox 2137 2548 2141 2552; x_wconf 84' lang='lat'>&#39;</span> 
     </span>
     <span class='ocr_line' id='line_1_87' title="bbox 1189 2589 2030 2640; baseline 0.004 -15"><span class='ocrx_word' id='word_1_571' title='bbox 1189 2589 1318 2636; x_wconf 89' lang='lat' dir='ltr'><strong>Moesta</strong></span> <span class='ocrx_word' id='word_1_572' title='bbox 1339 2589 1427 2627; x_wconf 84' lang='lat' dir='ltr'><strong>necis</strong></span> <span class='ocrx_word' id='word_1_573' title='bbox 1441 2591 1571 2640; x_wconf 73' lang='lat' dir='ltr'><strong>fhevae</strong></span> <span class='ocrx_word' id='word_1_574' title='bbox 1591 2590 1680 2628; x_wconf 75' lang='lat' dir='ltr'><strong>lacos</strong></span> <span class='ocrx_word' id='word_1_575' title='bbox 1700 2590 1855 2628; x_wconf 83' lang='lat' dir='ltr'><strong>reditura</strong></span> <span class='ocrx_word' id='word_1_576' title='bbox 1877 2589 2030 2628; x_wconf 86' lang='lat' dir='ltr'><strong>Dianae.</strong></span> 
     </span>
     <span class='ocr_line' id='line_1_88' title="bbox 1137 2638 1567 2679; baseline 0.007 -3"><span class='ocrx_word' id='word_1_577' title='bbox 1137 2638 1236 2677; x_wconf 89' lang='lat' dir='ltr'><strong>Cum</strong></span> <span class='ocrx_word' id='word_1_578' title='bbox 1255 2640 1480 2679; x_wconf 86' lang='lat' dir='ltr'><strong>scribendum</strong></span> <span class='ocrx_word' id='word_1_579' title='bbox 1505 2641 1567 2679; x_wconf 88' lang='lat' dir='ltr'><strong>fit:</strong></span> 
     </span>
     <span class='ocr_line' id='line_1_89' title="bbox 1188 2690 2076 2740; baseline 0.002 -13"><span class='ocrx_word' id='word_1_580' title='bbox 1188 2691 1317 2738; x_wconf 84' lang='lat' dir='ltr'><strong>Moesta</strong></span> <span class='ocrx_word' id='word_1_581' title='bbox 1331 2719 1340 2736; x_wconf 93' lang='lat'><strong>,</strong></span> <span class='ocrx_word' id='word_1_582' title='bbox 1371 2705 1429 2728; x_wconf 85' lang='lat' dir='ltr'><strong>nec</strong></span> <span class='ocrx_word' id='word_1_583' title='bbox 1449 2692 1486 2729; x_wconf 86' lang='lat' dir='ltr'><strong>in</strong></span> <span class='ocrx_word' id='word_1_584' title='bbox 1500 2698 1629 2740; x_wconf 82' lang='lat' dir='ltr'><strong>saevae</strong></span> <span class='ocrx_word' id='word_1_585' title='bbox 1645 2692 1735 2730; x_wconf 86' lang='lat' dir='ltr'><strong>lucos</strong></span> <span class='ocrx_word' id='word_1_586' title='bbox 1752 2691 1909 2729; x_wconf 74' lang='lat' dir='ltr'><strong>reditura</strong></span> <span class='ocrx_word' id='word_1_587' title='bbox 1927 2690 2076 2730; x_wconf 62' lang='lat' dir='ltr'><strong>Dianae.</strong></span> 
     </span>
    </p>
   </div>
   <div class='ocr_carea' id='block_1_10' title="bbox 1132 2757 2177 3326">
    <p class='ocr_par' dir='ltr' id='par_1_24' title="bbox 1133 2757 2177 2909">
     <span class='ocr_line' id='line_1_90' title="bbox 1137 2757 2177 2808; baseline 0.002 -14"><span class='ocrx_word' id='word_1_588' title='bbox 1137 2757 1191 2795; x_wconf 84' lang='lat' dir='ltr'><strong>Ita</strong></span> <span class='ocrx_word' id='word_1_589' title='bbox 1208 2758 1341 2795; x_wconf 83' lang='lat' dir='ltr'><strong>laetum</strong></span> <span class='ocrx_word' id='word_1_590' title='bbox 1359 2759 1474 2796; x_wconf 82' lang='lat' dir='ltr'><strong>animi</strong></span> <span class='ocrx_word' id='word_1_591' title='bbox 1486 2770 1529 2798; x_wconf 66' lang='lat'><strong>(9⁶</strong></span> <span class='ocrx_word' id='word_1_592' title='bbox 1541 2758 1667 2808; x_wconf 83' lang='lat' dir='ltr'><strong>ingenii</strong></span> <span class='ocrx_word' id='word_1_593' title='bbox 1688 2765 1853 2797; x_wconf 79' lang='lat' dir='ltr'><strong>Marcum</strong></span> <span class='ocrx_word' id='word_1_594' title='bbox 1868 2759 2075 2797; x_wconf 80' lang='lat' dir='ltr'><strong>Marcellum</strong></span> <span class='ocrx_word' id='word_1_595' title='bbox 2086 2760 2120 2795; x_wconf 81' lang='lat' dir='ltr'><strong>V</strong></span> <span class='ocrx_word' id='word_1_596' title='bbox 2127 2759 2177 2797; x_wconf 72' lang='lat' dir='ltr'><strong>cl-</strong></span> 
     </span>
     <span class='ocr_line' id='line_1_91' title="bbox 1133 2808 2174 2860; baseline 0 -14"><span class='ocrx_word' id='word_1_597' title='bbox 1133 2808 1225 2857; x_wconf 84' lang='lat' dir='ltr'><strong>lejus</strong></span> <span class='ocrx_word' id='word_1_598' title='bbox 1244 2810 1452 2847; x_wconf 87' lang='lat' dir='ltr'><strong>Paterculus</strong></span> <span class='ocrx_word' id='word_1_599' title='bbox 1473 2812 1620 2848; x_wconf 86' lang='lat' dir='ltr'><strong>vocavit</strong></span> <span class='ocrx_word' id='word_1_600' title='bbox 1644 2812 1670 2850; x_wconf 89' lang='lat' dir='ltr'><strong>l.</strong></span> <span class='ocrx_word' id='word_1_601' title='bbox 1687 2823 1744 2849; x_wconf 90' lang='lat'><strong>11.</strong></span> <span class='ocrx_word' id='word_1_602' title='bbox 1764 2822 1826 2860; x_wconf 81' lang='lat'><strong>93.</strong></span> <span class='ocrx_word' id='word_1_603' title='bbox 1854 2812 1991 2849; x_wconf 68' lang='lat' dir='ltr'><strong>Heius.</strong></span> <span class='ocrx_word' id='word_1_604' title='bbox 2017 2811 2115 2849; x_wconf 86' lang='lat' dir='ltr'><strong>Vide</strong></span> <span class='ocrx_word' id='word_1_605' title='bbox 2129 2810 2174 2847; x_wconf 80' lang='lat' dir='ltr'><strong>de</strong></span> 
     </span>
     <span class='ocr_line' id='line_1_92' title="bbox 1134 2859 1837 2909; baseline 0.004 -13"><span class='ocrx_word' id='word_1_606' title='bbox 1134 2859 1196 2898; x_wconf 86' lang='lat' dir='ltr'><strong>sue</strong></span> <span class='ocrx_word' id='word_1_607' title='bbox 1220 2860 1498 2909; x_wconf 83' lang='lat' dir='ltr'><strong>Crommyonio</strong></span> <span class='ocrx_word' id='word_1_608' title='bbox 1511 2862 1644 2899; x_wconf 86' lang='lat' dir='ltr'><strong>Meurs.</strong></span> <span class='ocrx_word' id='word_1_609' title='bbox 1660 2862 1770 2899; x_wconf 86' lang='lat' dir='ltr'><strong>Thes.</strong></span> <span class='ocrx_word' id='word_1_610' title='bbox 1785 2874 1837 2899; x_wconf 79' lang='lat' dir='ltr'><strong>vt.</strong></span> 
     </span>
    </p>

    <p class='ocr_par' dir='ltr' id='par_1_25' title="bbox 1132 2907 2174 3326">
     <span class='ocr_line' id='line_1_93' title="bbox 1187 2907 2174 2961; baseline -0.002 -14"><span class='ocrx_word' id='word_1_611' title='bbox 1187 2921 1269 2959; x_wconf 81' lang='lat'><strong>437.</strong></span> <span class='ocrx_word' id='word_1_612' title='bbox 1297 2911 1521 2960; x_wconf 72' lang='lat' dir='ltr'><strong>clavigeram</strong></span> <span class='ocrx_word' id='word_1_613' title='bbox 1538 2912 1667 2960; x_wconf 86' lang='lat' dir='ltr'><strong>prolem</strong></span> <span class='ocrx_word' id='word_1_614' title='bbox 1692 2911 1866 2961; x_wconf 81' lang='lat' dir='ltr'><strong>Vulcani.]</strong></span> <span class='ocrx_word' id='word_1_615' title='bbox 1896 2910 2106 2961; x_wconf 84' lang='lat' dir='ltr'><strong>Periphrasss</strong></span> <span class='ocrx_word' id='word_1_616' title='bbox 2126 2907 2174 2945; x_wconf 87' lang='lat' dir='ltr'><strong>est</strong></span> 
     </span>
     <span class='ocr_line' id='line_1_94' title="bbox 1134 2959 2173 3012; baseline -0.005 -14"><span class='ocrx_word' id='word_1_617' title='bbox 1134 2960 1349 3009; x_wconf 84' lang='lat' dir='ltr'><strong>Periphetae</strong></span> <span class='ocrx_word' id='word_1_618' title='bbox 1365 2962 1527 3006; x_wconf 87' lang='lat' dir='ltr'><strong>latronis,</strong></span> <span class='ocrx_word' id='word_1_619' title='bbox 1541 2964 1604 3012; x_wconf 86' lang='lat' dir='ltr'><strong>qui</strong></span> <span class='ocrx_word' id='word_1_620' title='bbox 1618 2964 1724 3012; x_wconf 77' lang='lat' dir='ltr'><strong>juxta</strong></span> <span class='ocrx_word' id='word_1_621' title='bbox 1739 2964 1962 3012; x_wconf 82' lang='lat' dir='ltr'><strong>Epidaurum</strong></span> <span class='ocrx_word' id='word_1_622' title='bbox 1977 2990 1985 3005; x_wconf 92' lang='lat'>‚</span> <span class='ocrx_word' id='word_1_623' title='bbox 2002 2972 2083 2998; x_wconf 90' lang='lat' dir='ltr'><strong>cum</strong></span> <span class='ocrx_word' id='word_1_624' title='bbox 2103 2959 2173 2994; x_wconf 86' lang='lat' dir='ltr'><strong>ho-</strong></span> 
     </span>
     <span class='ocr_line' id='line_1_95' title="bbox 1135 3010 2173 3067; baseline -0.005 -19"><span class='ocrx_word' id='word_1_625' title='bbox 1135 3010 1240 3059; x_wconf 84' lang='lat' dir='ltr'><strong>spites</strong></span> <span class='ocrx_word' id='word_1_626' title='bbox 1261 3013 1457 3060; x_wconf 85' lang='lat' dir='ltr'><strong>perimeret</strong></span> <span class='ocrx_word' id='word_1_627' title='bbox 1472 3013 1575 3050; x_wconf 85' lang='lat' dir='ltr'><strong>clava</strong></span> <span class='ocrx_word' id='word_1_628' title='bbox 1595 3014 1752 3062; x_wconf 83' lang='lat' dir='ltr'><strong>quadam</strong></span> <span class='ocrx_word' id='word_1_629' title='bbox 1768 3041 1777 3057; x_wconf 95' lang='lat'><strong>,</strong></span> <span class='ocrx_word' id='word_1_630' title='bbox 1816 3025 1910 3062; x_wconf 84' lang='lat' dir='ltr'><strong>quae</strong></span> <span class='ocrx_word' id='word_1_631' title='bbox 1944 3018 2081 3067; x_wconf 66' lang='lat' dir='ltr'><strong>Coryna</strong></span> <span class='ocrx_word' id='word_1_632' title='bbox 2104 3019 2173 3044; x_wconf 91' lang='lat' dir='ltr'><strong>vo-</strong></span> 
     </span>
     <span class='ocr_line' id='line_1_96' title="bbox 1137 3057 2173 3112; baseline -0.002 -13"><span class='ocrx_word' id='word_1_633' title='bbox 1137 3062 1304 3105; x_wconf 86' lang='lat' dir='ltr'><strong>cabatur,</strong></span> <span class='ocrx_word' id='word_1_634' title='bbox 1333 3068 1522 3110; x_wconf 69' lang='lat' dir='ltr'><strong>corynetus</strong></span> <span class='ocrx_word' id='word_1_635' title='bbox 1541 3064 1913 3112; x_wconf 83' lang='lat' dir='ltr'><strong>fuitcognominatus.</strong></span> <span class='ocrx_word' id='word_1_636' title='bbox 1938 3063 1964 3097; x_wconf 85' lang='lat' dir='ltr'><strong>is</strong></span> <span class='ocrx_word' id='word_1_637' title='bbox 1983 3072 2002 3096; x_wconf 83' lang='lat' dir='ltr'><strong>a</strong></span> <span class='ocrx_word' id='word_1_638' title='bbox 2024 3057 2173 3097; x_wconf 82' lang='lat' dir='ltr'><strong>Theseo</strong></span> 
     </span>
     <span class='ocr_line' id='line_1_97' title="bbox 1132 3109 2173 3164; baseline -0.003 -15"><span class='ocrx_word' id='word_1_639' title='bbox 1132 3112 1297 3155; x_wconf 87' lang='lat' dir='ltr'><strong>tandem,</strong></span> <span class='ocrx_word' id='word_1_640' title='bbox 1311 3122 1351 3150; x_wconf 87' lang='lat' dir='ltr'><strong>ut</strong></span> <span class='ocrx_word' id='word_1_641' title='bbox 1368 3114 1485 3150; x_wconf 82' lang='lat' dir='ltr'><strong>scribit</strong></span> <span class='ocrx_word' id='word_1_642' title='bbox 1503 3114 1692 3151; x_wconf 83' lang='lat' dir='ltr'><strong>Diodorus</strong></span> <span class='ocrx_word' id='word_1_643' title='bbox 1708 3142 1718 3158; x_wconf 91' lang='lat'><strong>,</strong></span> <span class='ocrx_word' id='word_1_644' title='bbox 1745 3115 1814 3150; x_wconf 85' lang='lat' dir='ltr'><strong>fuit</strong></span> <span class='ocrx_word' id='word_1_645' title='bbox 1833 3109 2054 3164; x_wconf 68' lang='lat' dir='ltr'><strong>interfet‘ius.</strong></span> <span class='ocrx_word' id='word_1_646' title='bbox 2097 3109 2173 3164; x_wconf 53' lang='lat' dir='ltr'><strong>Re·</strong></span> 
     </span>
     <span class='ocr_line' id='line_1_98' title="bbox 1135 3159 2173 3208; baseline -0.002 -10"><span class='ocrx_word' id='word_1_647' title='bbox 1135 3172 1241 3199; x_wconf 84' lang='lat' dir='ltr'><strong>GIUS.</strong></span> <span class='ocrx_word' id='word_1_648' title='bbox 1281 3164 1341 3199; x_wconf 88' lang='lat' dir='ltr'><strong>De</strong></span> <span class='ocrx_word' id='word_1_649' title='bbox 1368 3165 1436 3200; x_wconf 84' lang='lat' dir='ltr'><strong>hac</strong></span> <span class='ocrx_word' id='word_1_650' title='bbox 1468 3175 1505 3200; x_wconf 87' lang='lat' dir='ltr'><strong>re</strong></span> <span class='ocrx_word' id='word_1_651' title='bbox 1534 3164 1680 3200; x_wconf 72' lang='lat' dir='ltr'><strong>Paufm.</strong></span> <span class='ocrx_word' id='word_1_652' title='bbox 1703 3165 1737 3200; x_wconf 86' lang='lat' dir='ltr'><strong>in</strong></span> <span class='ocrx_word' id='word_1_653' title='bbox 1763 3161 1939 3208; x_wconf 75' lang='lat' dir='ltr'><strong>principio</strong></span> <span class='ocrx_word' id='word_1_654' title='bbox 1960 3159 2173 3196; x_wconf 81' lang='lat' dir='ltr'><strong>Corinthia-</strong></span> 
     </span>
     <span class='ocr_line' id='line_1_99' title="bbox 1135 3210 2171 3265; baseline -0.003 -17"><span class='ocrx_word' id='word_1_655' title='bbox 1135 3223 1286 3255; x_wconf 86' lang='lat' dir='ltr'><strong>corum,</strong></span> <span class='ocrx_word' id='word_1_656' title='bbox 1316 3213 1360 3249; x_wconf 84' lang='lat' dir='ltr'><strong>ita</strong></span> <span class='ocrx_word' id='word_1_657' title='bbox 1387 3214 1576 3250; x_wconf 83' lang='lat' dir='ltr'><strong>meminit:</strong></span> <span class='ocrx_word' id='word_1_658' title='bbox 1609 3219 1639 3265; x_wconf 61' lang='lat'><strong>⁵9</strong></span> <span class='ocrx_word' id='word_1_659' title='bbox 1670 3213 1705 3250; x_wconf 70' lang='grc' dir='ltr'><em>ὠ</em></span> <span class='ocrx_word' id='word_1_660' title='bbox 1727 3210 1911 3261; x_wconf 62' lang='grc' dir='ltr'><strong>Ε’πιὲὶιόξᾷἕ</strong></span> <span class='ocrx_word' id='word_1_661' title='bbox 1934 3213 1978 3258; x_wconf 65' lang='grc' dir='ltr'><strong>τῇ</strong></span> <span class='ocrx_word' id='word_1_662' title='bbox 2007 3211 2077 3261; x_wconf 66' lang='grc' dir='ltr'><em>ἱεξςὶ</em></span> <span class='ocrx_word' id='word_1_663' title='bbox 2104 3216 2171 3249; x_wconf 86' lang='grc' dir='ltr'><strong>Πε-</strong></span> 
     </span>
     <span class='ocr_line' id='line_1_100' title="bbox 1136 3261 2171 3326; baseline 0.001 -24"><span class='ocrx_word' id='word_1_664' title='bbox 1136 3265 1299 3320; x_wconf 55' lang='lat' dir='ltr'><strong>expes-aim)</strong></span> <span class='ocrx_word' id='word_1_665' title='bbox 1332 3268 1482 3320; x_wconf 48' lang='lat' dir='ltr'><strong>H‘ssossl‘ffl</strong></span> <span class='ocrx_word' id='word_1_666' title='bbox 1501 3269 1719 3326; x_wconf 53' lang='grc' dir='ltr'><strong>νομιζόμενον,</strong></span> <span class='ocrx_word' id='word_1_667' title='bbox 1753 3264 1871 3318; x_wconf 61' lang='grc' dir='ltr'><strong>κορωύῃ</strong></span> <span class='ocrx_word' id='word_1_668' title='bbox 1891 3268 2013 3320; x_wconf 59' lang='grc' dir='ltr'><em>χαλκῇ</em></span> <span class='ocrx_word' id='word_1_669' title='bbox 2039 3261 2171 3317; x_wconf 57' lang='grc' dir='ltr'><strong>χρώμε-</strong></span> 
     </span>
    </p>
   </div>
   <div class='ocr_carea' id='block_1_11' title="bbox 2112 3337 2172 3361">
    <p class='ocr_par' dir='ltr' id='par_1_26' title="bbox 2112 3337 2172 3361">
     <span class='ocr_line' id='line_1_101' title="bbox 2112 3337 2172 3361; baseline 0 -2"><span class='ocrx_word' id='word_1_670' title='bbox 2112 3337 2153 3359; x_wconf 66' lang='lat' dir='ltr'><strong>FOV</strong></span> <span class='ocrx_word' id='word_1_671' title='bbox 2163 3348 2172 3361; x_wconf 78' lang='lat'>2</span> 
     </span>
    </p>
   </div>
  </div>
 </body>
</html>
