2483 3616
238 135 337 208 798
704 142 776 199 -Ρ,
849 141 902 197 o
940 111 996 196 V
1032 136 1142 192 ΓΙ)
1179 137 1258 196 1·1

1311 141 1862 200 ‘'NAS‘O'NIS

535 254 860 327 Ambiguus:
902 270 1010 306 non
1035 253 1126 306 ista
1149 253 1292 323 vagis
1317 256 1620 310 rumoribus
1644 259 1808 313 audis.

529 325 639 398 lpse
664 346 766 398 ego
791 327 893 380 fata
920 325 1014 377 tibi
1039 325 1279 395 praesens
1305 342 1423 378 rnea
1447 328 1728 398 naufragus
1754 331 1878 385 edo.

533 400 731 470 Surge,
769 415 890 467 age:
933 397 1000 449 da
1027 398 1296 457 lacrimas;
1337 397 1687 471 lugubriaque
1715 403 1905 458 indue:
1944 420 2045 459 nec
2070 417 2158 458 me

390 474 492 541 670
529 472 929 540 Indeploratum
955 470 1048 523 sub
1076 471 1247 524 inania
1271 468 1499 522 Tartara
1525 471 1694 524 mitte.

535 543 738 611 Adjicit
765 544 842 595 his
868 560 1060 596 vocem
1089 542 1420 613 Morpheus3
1460 558 1622 613 quam
1646 545 1886 615 conjugis
1913 549 1998 603 illa

533 614 802 669 Crederet
831 614 934 668 cfl'e
959 616 1049 669 sui.
1089 613 1248 667 fietus
1270 631 1491 687 quoque
1520 613 1748 669 fundere
1776 635 1932 670 veros

536 686 694 741 Visus
720 702 858 740 erat:
902 689 1216 759 gestumque
1241 704 1429 741 manus
1453 685 1649 760 Ceycis
1667 687 1960 743 habebant.

529 759 789 831 [Ingemit
815 758 1097 833 Halcyone
1124 760 1429 823 lacrimans,
1466 773 1746 832 motatque
1773 762 2000 816 lacertos

366 837 482 901 v675
517 833 622 888 Per
648 834 917 886 somnum:
957 851 1261 905 corpusque
1286 847 1472 905 petens
1503 833 1837 905 amplectitur
1862 853 2042 890 auras:

528 905 944 985 Exclamatque‚
984 905 1168 960 Mane.
1205 924 1315 977 quo
1340 920 1395 960 te
1421 906 1588 979 rapis?
1629 906 1823 962 ibimus
1849 908 2005 978 una]

524 977 683 1033 Voce
708 979 779 1031 sui
796 1018 810 1042 ‚
849 979 1131 1051 specieque
1160 978 1288 1043 viri,

1324 978 1533 1034 turbata
1558 979 1811 1051 soporem

521 1050 773 1106 Excutit:
815 1052 869 1104 δε
895 1052 1071 1123 primo
1098 1051 1136 1105 si
1161 1051 1221 1105 sit
1245 1052 1607 1125 circumspicit
1635 1052 1768 1116 illie,

525 1124 637 1197 Qui
662 1123 831 1177 modo
857 1125 990 1179 visus
1018 1137 1145 1180 erat.
1185 1143 1306 1179 nam
1332 1125 1467 1179 moti
1493 1143 1629 1179 voce
1656 1125 1879 1180 ministri

380 1195 485 1252 680
522 1197 810 1252 Intulerant
837 1197 1030 1252 lumen.
1070 1197 1350 1270 postquam
1374 1215 1482 1252 non
1512 1199 1716 1252 invenit
1740 1216 1994 1268 usquam;

520 1271 765 1325 Percutit
794 1288 886 1323 ora
910 1288 1099 1325 manu:
1142 1271 1408 1343 laniatque
1437 1273 1464 1324 a
1490 1271 1709 1342 pectore
1733 1272 1928 1326 vestes:

523 1342 858 1415 Pectoraque
886 1343 991 1413 ipsa
1015 1343 1155 1397 ferit.
1195 1362 1297 1398 nec
1333 1343 1540 1397 crinem
1571 1343 1776 1398 solvere
1798 1355 1990 1408 curat3

522 1415 758 1470 Scinditi
801 1416 856 1467 &
882 1417 1080 1479 altrici,
1120 1434 1256 1489 quae
1288 1415 1457 1473 iufflis
1482 1414 1678 1477 caussa,
1719 1417 1964 1488 roganti,

525 1489 681 1543 Nulla
709 1487 782 1541 est
809 1486 1126 1560 Halcyone,
1167 1490 1306 1543 nulla
1333 1488 1437 1552 est,
1475 1489 1573 1542 ait:
1614 1489 1816 1544 occidit
1846 1490 1953 1547 una

379 1561 481 1629 685
521 1561 664 1615 Cum
691 1561 875 1632 C'e'yce
899 1560 1008 1615 suo
1047 1562 1263 1615 solantia
1291 1561 1461 1615 tollite
1488 1562 1665 1615 verba.

522 1634 818 1704 Naufragus
843 1634 1062 1688 interiit.
1104 1634 1243 1697 vidi,
1282 1637 1620 1706 agnovique;
1661 1651 1955 1709 manusque

524 1707 616 1760 Ad
643 1705 1039 1769 discedentem,
1078 1707 1296 1779 cupiens
1326 1707 1559 1761 retinere
1578 1746 1592 1769 ‚
1635 1708 1859 1762 tetendi.

521 1779 726 1847 ,Umbra
752 1779 878 1834 fuit:
920 1778 1012 1845 sed
1039 1778 1310 1847 &umbra
1339 1793 1517 1846 tamen
1543 1778 1842 1847 manifesta,
1868 1780 2076 1854 virique

282 2001 365 2048 667.
395 2001 494 2051 Vagis
515 2002 751 2054 rumoribus]
802 2004 914 2043 Malis
942 2004 1083 2045 Medic.
1106 2006 1208 2057 vagis
1227 2019 1278 2044 er-

232 2052 365 2094 mribus
387 2054 552 2091 Voffian.

283 2104 368 2148 672.
396 2104 592 2154 Fundere]
622 2105 767 2143 Mittere
787 2106 891 2145 Bafil.

280 2154 366 2202 673.
395 2155 600 2204 Gestnmque
619 2157 786 2206 manu]
816 2157 1018 2204 Planudes,
1039 2159 1278 2211 sceptrumque

229 2217 358 2241 manus
370 2207 487 2253 Ceycis
505 2205 665 2244 habebat.
694 2208 881 2246 NAUGER.
936 2210 1074 2248 Frustra
1093 2223 1177 2249 curn
1199 2212 1279 2249 Pla-

229 2255 329 2292 nude
360 2256 509 2304 quidam
543 2258 688 2295 codices
712 2286 722 2302 ‚
752 2261 1004 2310 sceptrumque.
1030 2261 1107 2300 dixi
1131 2263 1190 2300 lib.
1214 2274 1276 2301 vr.

229 2305 287 2347 ᾡς.
309 2306 394 2353 308.
424 2308 570 2346 Hirrus,
598 2308 784 2347 Habebam
806 2310 935 2351 Oxon.
957 2314 994 2349 &
1019 2320 1089 2349 tres
1110 2313 1183 2350 alii.

282 2357 365 2403 674.
396 2359 540 2406 Ingemit
560 2358 746 2408 Halcyone,
762 2359 926 2399 lacrimas
939 2362 1086 2412 moven]
1115 2362 1275 2403 Fortasse

227 2404 426 2454 legendum
449 2409 490 2446 sit
511 2424 518 2447 :

286 2459 431 2505 Ingemit
446 2460 618 2509 Halcyone
637 2461 850 2510 lacryman53
863 2474 980 2500 movet
991 2475 1102 2514 atque
1121 2464 1275 2502 lacertos.

232 2507 489 2548 NAuGEmus.
521 2518 734 2560 Lacrymans
756 2525 842 2551 cum
864 2515 972 2563 prim.
995 2516 1130 2553 Erfurt.
1159 2516 1273 2554 altero

230 2556 435 2613 Hamburg.
459 2563 496 2599 &
531 2563 608 2600 aliis
636 2564 834 2602 nonnullis.
887 2565 1004 2603 Recte
1031 2567 1274 2615 itaqueGro-

231 2617 387 2645 novius:

289 2659 432 2714 Ingemit
452 2661 605 2709 Alcyone
626 2663 848 2712 lacrymans,
876 2676 1054 2717 metatque
1073 2667 1226 2705 lacertos.

231 2707 305 2745 Sed
324 2717 363 2745 ut
384 2709 501 2764 dicam
523 2713 625 2759 quod
645 2726 698 2750 res
711 2715 782 2759 est,
809 2716 928 2753 habeo
950 2718 1170 2765 persuasum,
1186 2731 1272 2756 cum

230 2758 463 2807 sequentibus
483 2760 623 2798 duobus
656 2764 756 2800 hunc
786 2766 928 2802 versum
955 2768 998 2804 ab
1024 2769 1140 2806 aliena
1158 2781 1275 2806 manu

232 2809 293 2846 hic
313 2810 537 2847 inculcatum
552 2810 632 2847 effe.
660 2813 783 2860 Auget
801 2814 1057 2860 suspicionem,
1070 2819 1173 2865 quod
1186 2831 1275 2866 pau-

230 2859 269 2898 lo
291 2860 368 2908 post
381 2860 438 2897 sex
455 2861 574 2909 scripti
588 2862 782 2909 agnoscant
800 2891 809 2906 ‚
841 2869 918 2899 Voce
936 2866 1274 2914 firispecieqzceviri‚

230 2921 311 2948 non
328 2939 337 2955 ,
365 2924 445 2948 voce
461 2912 541 2959 sua.
577 2912 774 2960 quomodo
806 2915 966 2951 omnino
999 2916 1221 2964 legendum,
1247 2919 1275 2960 fi

231 2960 271 2998 hi
284 2971 353 2999 tres
372 2961 491 3000 versus
503 2962 690 3001 tollantur.
721 2963 862 2999 Heius.

235 3008 237 3010 ¹
283 3012 368 3056 678.
397 3017 442 3048 Et
458 3012 595 3061 pr1'm0:
619 3011 708 3061 fifit
729 3013 952 3061 circumspicit
979 3013 1075 3059 illic,
1104 3016 1180 3063 Qci
1198 3030 1272 3052 mo-

232 3063 274 3099 do
298 3063 394 3111 visus
405 3073 480 3102 emt
495 3076 600 3108 ,nam
622 3063 708 3099 moti
728 3075 808 3103 voce
828 3063 976 3110 ministri
998 3065 1195 3102 Intulerant
1215 3066 1270 3102 ln·

231 3114 348 3162 mem]
404 3114 480 3151 Hic
517 3125 668 3163 quoque
698 3113 844 3151 videtur
873 3114 983 3152 alludi
1011 3115 1056 3152 ad
1083 3116 1269 3155 historiam

232 3164 339 3200 Cassii
361 3164 584 3208 Parmensis3
614 3164 678 3212 qui
698 3165 755 3201 M.
776 3165 933 3202 Antonii
948 3174 1063 3214 partes
1084 3167 1270 3215 sequutus,

233 3214 450 3252 existimavit
468 3215 511 3253 ad
536 3218 568 3252 le
589 3216 714 3252 venire
735 3215 930 3254 hominem
952 3217 1109 3265 ingentis
1130 3219 1272 3267 magni-

228 3263 396 3311 tudinis,
426 3266 559 3304 coloris
599 3266 691 3316 nigri
715 3294 727 3313 ,
763 3266 981 3318 squallidum
1012 3266 1118 3317 barba
1154 3269 1192 3307 ὃς
1217 3281 1277 3318 ca?¹

2234 1853 2384 1912 Vera

1331 2005 1421 2054 pilio
1436 2003 1967 2054 deniifi‘o,interrogatumque
1997 2004 2169 2054 quisnam
2189 2001 2299 2048 esset,
2326 2015 2384 2041 re-.

1332 2055 1510 2105 spondiffe
1532 2056 1808 2094 cacodaemona
1823 2083 1833 2099 ‚
1863 2056 2070 2104 perterritus
2090 2063 2164 2092 tam
2196 2062 2292 2092 tetro
2303 2053 2382 2093 visu

1334 2109 1373 2145 &
1391 2109 1546 2145 nomine
1574 2107 1787 2151 horrendo,
1815 2106 1937 2143 servos
1965 2106 2204 2149 inclamavit,
2230 2105 2382 2143 sciscita-

1333 2167 1464 2207 tusque
1485 2158 1553 2202 est,
1593 2157 1618 2195 fi
1647 2170 1760 2207 quem
1793 2157 1872 2194 talis
1900 2157 2065 2201 habitus,
2093 2164 2156 2194 aut
2180 2156 2379 2194 intrantem

1335 2209 1568 2253 cubiculum,
1597 2217 1659 2245 aut
1683 2217 1880 2245 exeuntem
1911 2206 2100 2251 vidissent,
2129 2206 2260 2256 quibus
2285 2205 2382 2244 affir-

1337 2260 1519 2298 mantibus
1542 2260 1735 2297 neminem
1758 2259 1842 2296 illuc
1866 2257 2043 2296 acceffiffe
2068 2286 2078 2301 ‚
2107 2258 2238 2296 iterum
2258 2256 2376 2305 quieti

1334 2311 1369 2349 se
1390 2311 1511 2355 dedit,
1542 2312 1580 2347 ὅτ
1599 2310 1729 2347 eadem
1750 2310 1879 2347 animo
1911 2310 1987 2359 ejus
2015 2308 2203 2347 observata
2220 2306 2267 2343 est
2296 2306 2375 2352 spe-

1331 2363 1426 2411 cies3
1455 2363 1582 2411 fugato
1607 2372 1694 2410 ergo
1715 2361 1849 2399 somno
1868 2389 1879 2405 ‚
1904 2360 2031 2399 lumen
2051 2356 2347 2413 introferrijuffit¹
2361 2383 2374 2401 ‚

1331 2424 1539 2461 puerosque
1559 2411 1578 2449 'a
1600 2412 1634 2449 se
1656 2412 1838 2449 discedere
1860 2413 1991 2449 vetuit.
2025 2411 2132 2446 Haec
2150 2420 2196 2445 ex
2222 2407 2375 2445 Valerio

1331 2464 1439 2501 lib.1‘
1464 2475 1540 2511 cap.
1559 2474 1643 2500 vti.
1667 2464 1700 2504 §.
1727 2475 1760 2508 7.
1813 2463 1948 2507 JACOB.
1977 2474 1998 2497 A
2027 2460 2179 2496 Caucis.
2296 2507 2302 2513 .

1375 2514 1466 2560 678.
1497 2512 1612 2562 lilia]
1645 2514 1705 2549 Ille
1724 2513 1863 2549 Medic.
1878 2512 1956 2548 Ox.
1977 2512 2014 2548 &
2028 2509 2175 2558 plurimi
2197 2508 2269 2545 alii.
2289 2507 2374 2544 illuc

1329 2572 1412 2602 tres.
1439 2565 1464 2602 fi
1485 2564 1558 2600 illic
1584 2563 1737 2601 retineas
1766 2562 1839 2611 seq.
1866 2561 1969 2598 versu
2003 2559 2202 2608 legendum
2224 2587 2242 2603 Α,
2291 2561 2377 2607 Qu

1334 2616 1432 2652 modo
1453 2615 1548 2662 visus
1569 2624 1654 2651 erat.
1682 2627 1747 2662 quo
1767 2620 1844 2650 erat
1865 2613 1902 2648 in
1925 2624 1977 2659 pr.
2000 2611 2141 2648 Medic.

1381 2666 1466 2703 681.
1494 2663 1740 2713 [muleram]
1782 2661 1995 2701 Attuierant
2023 2659 2377 2699 Florent.S.Marci.

1331 2716 1406 2755 vid.
1427 2717 1517 2765 supr.
1537 2716 1596 2752 lib.
1618 2729 1652 2752 x.
1673 2726 1757 2764 473.
2087 2761 2093 2766 ι

1382 2767 1468 2813 681.
1497 2767 1648 2803 Percutit
1667 2779 1726 2802 ora
1754 2762 1904 2811 mama]
1957 2760 2111 2798 Percultt
2133 2773 2226 2798 unus
2256 2773 2373 2800 meus.

1331 2817 1377 2855 de
1404 2830 1480 2866 quo
1521 2817 1615 2854 alibi.
1654 2829 1745 2854 mox
1782 2815 1910 2851 crinem
1940 2823 2007 2860 pro
2050 2812 2157 2849 crines
2190 2812 2374 2852 nonnulli.

1333 2868 1475 2905 Heius.
1504 2867 1603 2905 Vide
1623 2867 1666 2904 ad
1684 2867 1745 2903 lib.
1768 2876 1822 2902 1v.
1844 2862 1925 2910 138.
2330 2910 2338 2918 ι

1381 2919 1466 2965 683.
1489 2916 1662 2961 Schmin]
1694 2916 1735 2951 In
1758 2914 1925 2962 quinque
1943 2913 2184 2951 codicibusest
2206 2941 2216 2957 ‚
2235 2913 2367 2961 fhevtc,

1333 2966 1378 3003 de
1404 2979 1481 3015 quo
1515 2966 1599 3002 vide
1628 2964 1671 3001 ad
1702 2965 1763 3001 lib.
1795 2976 1840 3001 11.
1874 2975 1958 3013 330.
2001 2964 2094 3013 fidit
2119 2975 2232 3006 unus,
2269 2961 2368 2998 unde

1328 3017 1500 3057 Heinsius
1523 3015 1632 3051 caedit
1654 3015 1820 3052 faciebat.
1839 3015 1952 3062 solvit
1971 3027 2076 3053 unus.
2103 3026 2227 3052 curans
2255 3013 2368 3050 etiam

1326 3066 1524 3104 Putem&
1544 3066 1680 3103 Sari-av.

1372 3118 1461 3164 685.
1491 3115 1646 3152 Solantia
1666 3115 1777 3152 tollite
1790 3115 1941 3165 verba]
1972 3117 2077 3154 Haec
2107 3113 2198 3151 mihi
2214 3125 2298 3150 non
2318 3112 2372 3151 sa.-v

1328 3168 1371 3204 tis
1392 3168 1534 3205 fortiter
1556 3168 1761 3215 exprimere
1788 3167 1961 3204 videntur
1987 3165 2157 3203 affectum
2192 3164 2230 3200 δε
2252 3165 2371 3212 impa-

1331 3218 1496 3255 tientiam
1517 3218 1673 3255 dolentis
1691 3218 1921 3267 ingentisque
1945 3217 2132 3264 Alcyones
2149 3243 2157 3255 ,
2171 3214 2279 3270 *gerba
2294 3226 2372 3252 ma-

1332 3269 1384 3318 gis
1401 3269 1584 3319 pathetica
1605 3277 1711 3308 erunt
1730 3268 1757 3309 fi
1772 3268 1890 3318 legas,
1910 3266 2088 3316 filamina
2116 3264 2225 3355 ιοίέιιε
2250 3265 2375 3312 vestra.

2181 3327 2373 3362 cummim
