2483 3616
182 165 331 241 8012}
690 162 756 221 P.
828 154 1252 219 OVIDH
1317 155 1854 220 NASONIS

474 263 745 341 Corpora,
785 268 902 322 sunt
925 263 1106 335 fruges
1131 280 1143 316 t
1184 260 1304 317 sunt
1324 260 1658 319 <deducentia
1681 281 1858 320 ramos

482 340 738 397 Pondere
763 356 923 411 poma
948 336 1072 401 su0‚
1110 333 1460 406 tumidaeque
1482 334 1542 388 in
1565 336 1760 393 vitibus
1784 352 1950 394 uvae?

483 413 617 469 Sunt
643 412 837 468 herbae
862 410 1044 465 dulces
1072 426 1085 463 ε
1124 409 1272 471 sunt,
1306 425 1444 481 quae
1468 406 1747 463 mitescere
1774 410 1993 467 flamm&

484 486 800 558 Mollirique
827 496 1042 557 queant.
1081 499 1183 537 nec
1207 481 1358 535 vobis
1382 479 1579 535 lacteus
1603 479 1801 534 humor

375 559 443 617 80
481 559 751 630 Eripitur‚
788 574 890 612 nec
915 556 1072 613 mella
1098 553 1271 627 thymi
1294 552 1597 608 redolentia
1621 551 1836 608 florem.

485 630 722 704 Prodiga
747 630 991 695 divitias,
1027 628 1386 701 alimentaque
1411 625 1567 681 mitia
1583 625 1740 681 tellus

480 705 733 777 Suggerit
757 723 768 759 :
809 716 971 776 atque
998 701 1176 775 epulas
1203 700 1311 756 fine
1339 697 1507 755 caede
1530 698 1586 752 δε
1609 698 1865 771 sanguine
1887 697 2127 773 praebet.

478 778 658 832 Carne
685 778 830 832 ferae
855 776 1040 831 sedant
1058 773 1257 846 jejunia
1282 792 1294 829 ε
1333 791 1436 829 nec
1464 785 1645 827 tamen
1669 789 1872 827 omnes,

475 850 695 923 Quippe
723 867 920 922 equu5‚
958 848 1015 903 ἅτ
1039 847 1276 921 pecudes
1293 887 1310 912 ‚
1348 859 1698 918 armentaque
1723 844 1967 919 gramine
1991 845 2194 903 vivunt.

372 919 438 991 85
471 929 553 977 At
580 922 772 995 quibus
797 923 1073 994 ingenium
1100 920 1176 976 est
1198 919 1749 993 immansuetumque,
1786 919 2104 993 ferumque,

475 995 876 1067 Armeniaeque
903 995 1066 1067 tigres
1083 1034 1099 1059 ‚
1141 993 1495 1066 iracundique
1519 993 1735 1057 leoneS,

474 1068 728 1140 Cumque
753 1069 889 1140 lupis
914 1067 1016 1123 urfi
1032 1107 1048 1133 ,
1084 1067 1308 1141 dapibus
1331 1084 1461 1122 cum
1487 1065 1739 1138 sanguine
1763 1064 2022 1139 gaudent..

473 1139 609 1195 Heu
634 1154 893 1212 quantum
919 1141 1087 1197 scelus
1111 1142 1214 1205 est,
1249 1141 1306 1196 in
1328 1141 1532 1195 viscera
1553 1139 1752 1195 viscera
1774 1139 1972 1203 condi,

477 1211 864 1287 Congestoque
890 1213 1107 1270 avidum
1137 1214 1487 1288 pinguescere
1511 1230 1743 1285 corpor-e
1771 1229 2001 1285 corpus:

363 1303 435 1358 90
472 1287 821 1360 Alteriusque
848 1288 1173 1344 animantem
1202 1287 1482 1344 animantis
1510 1286 1694 1341 vivere
1719 1286 1859 1341 letol

472 1359 689 1417 Scilicet
713 1361 772 1417 in
800 1361 957 1418 tantis
983 1361 1203 1435 opibu8‚
1239 1380 1369 1437 quas
1395 1359 1603 1435 optima
1627 1372 1864 1416 matrum

2204 1426 2351 1487 Tere

180 1621 183 1624 Ι
230 1571 290 1617 76.
327 1575 417 1629 Sunt
443 1570 651 1630 deducentia
679 1584 794 1613 ramos
825 1574 979 1615 Pondere
1002 1584 1107 1627 poma
1127 1572 1233 1628 sum]
1342 1573 1402 1614 82.
1428 1575 1508 1613 Sine
1538 1571 1680 1623 caede]
1720 1571 1802 1610 Sint
1828 1582 1933 1609 carne
1952 1568 2108 1621 Argent.
2128 1579 2198 1621 pro
2211 1567 2352 1620 praebet

177 1622 421 1661 Deducentia:
445 1624 482 1663 1d
502 1625 572 1671 est,
600 1636 696 1675 quae
717 1634 897 1672 curvant,
925 1627 1091 1669 flefiunt.
1120 1628 1237 1678 Supe-
1289 1627 1444 1679 quidam
1459 1654 1470 1672 ,
1498 1625 1624 1663 tradit.
1647 1635 1743 1663 unus
1762 1623 1893 1662 tradet.

179 1674 253 1712 rius
273 1674 373 1712 idem
396 1675 487 1714 dixit
508 1676 584 1715 aliis
606 1676 736 1714 verbis.
753 1676 816 1714 lib.
836 1689 926 1717 xm.
949 1679 1035 1720 812.
1343 1680 1404 1729 83.
1432 1675 1789 1725 Carneferaesedant
1807 1672 1978 1725 jejunia]
2005 1672 2129 1711 sedent
2138 1671 2353 1723 prim.Mo‹-}

403 1726 493 1775 sunt
508 1737 614 1777 poma
632 1727 830 1776 gravantia
851 1741 979 1770 ramos.
1292 1738 1360 1770 ret.
1390 1729 1538 1767 Herus.

179 1771 231 1814 Et
251 1787 315 1814 111.
337 1778 418 1815 Art.
438 1790 528 1816 v111.
553 1791 607 1827 14.
1346 1780 1409 1828 84.
1434 1777 1606 1818 Gramine
1633 1776 1812 1828 vivunt]
1838 1775 2012 1815 Gramine
2035 1777 2183 1826 past-unt
2206 1771 2353 1813 Moreti

236 1826 351 1864 Nulla
365 1836 531 1876 premunt
552 1842 667 1868 ramos
682 1829 829 1879 pondere
844 1838 947 1882 poma
962 1830 1038 1881 suo,
1297 1843 1408 1872 unuS.

177 1873 231 1917 Et
250 1889 297 1915 11.
319 1878 428 1917 Pont.
450 1881 536 1936 263.
1343 1883 1404 1922 86.
1432 1881 1627 1920 Armeniae
1655 1879 1798 1931 tigna]
1827 1878 2087 1929 Armeniaeque
2104 1883 2267 1925 quatuor
2286 1874 2354 1913 com<

175 1933 330 2019 Et11>³um
349 1928 432 2018 bane
444 1930 545 1969 dives
563 1945 641 1981 ager
654 1962 664 1980 ,
692 1934 778 1973 dum
792 1932 885 1971 rami
900 1932 1046 1985 pondere
1066 1942 1212 1974 nutant.
1292 1933 1392 1973 dices
1414 1945 1500 1972 curn
1524 1934 1667 1971 Norico
1680 1960 1691 1978 ,
1716 1939 1888 1982 correpta
1899 1932 2022 1980 priore
2030 1926 2162 1977 syllaba
2175 1928 2214 1965 in
2228 1924 2357 1974 Tigres.

284 1991 368 2018 eme
399 2009 406 2018 ·
431 1992 512 2029 175·
1293 1986 1486 2024 utl.v111.
1537 1984 1561 2022 s.
1589 1996 1671 2022 121.

234 2030 357 2087 Aspiee
378 2041 743 2089 curvatos-pomorum
751 2034 897 2084 pondere
921 2048 1048 2075 ramos.
1348 1984 1609 2084 Armeniivoeque
1631 2035 1734 2082 tigres
1746 2059 1757 2076 ,
1777 2030 1969 2082 Austroque
1981 2029 2121 2080 agitata
2141 2024 2357 2078 Charybdin

182 2078 381 2119 Lucretius
397 2081 493 2120 libro
512 2095 636 2132 primo
660 2097 744 2134 253.
1293 2086 1431 2124 Horat.
1451 2085 1532 2123 Art.
1553 2085 1661 2121 Poe't.
1686 2094 1773 2131 393.

354 2182 361 2190 ο
405 2145 500 2154 -·
530 2135 693 2185 ramique
712 2135 892 2183 virescunt
963 2161 966 2164 -
1345 2137 1472 2173 melus
1495 2134 1534 2172 ob
1556 2134 1617 2171 hoc
1637 2133 1743 2171 lenire
1761 2132 1876 2181 tigres.

225 2181 439 2221 Arboribus.-
453 2185 606 2234 crescunt
625 2187 714 2236 ipsae
731 2188 876 2236 fetuque
882 2195 1097 2234 gravantur.
1122 2185 1238 2226 Con.
1293 2185 1431 2225 Claud.
1465 2186 1619 2234 Tingum
1649 2196 1743 2222 arva
1764 2184 1878 2233 tigres.
1919 2182 2066 2222 Hnms.
2101 2181 2204 2221 Vide
2222 2178 2270 2220 ad
2287 2177 2356 2220 lib-'-

225 2233 287 2280 78.
314 2239 404 2271 Sunt
422 2234 584 2286 herbae]
615 2238 769 2276 Pulchra
793 2237 979 2285 repetitio.
1009 2237 1127 2276 Ine-m.
1290 2248 1385 2276 vm.
1414 2248 1494 2275 121.

228 2283 290 2330 78.
321 2290 410 2323 Sunt
423 2314 435 2331 ,
456 2299 546 2336 quae
562 2287 775 2337 mitescere.]
806 2288 932 2326 Altera
952 2290 1137 2336 repetitio.
1166 2289 1236 2327 His
1345 2286 1406 2325 88.
1434 2293 1476 2325 In
1496 2286 1623 2336 viscere
1643 2284 1776 2335 viscera
1798 2283 1936 2335 condi]
1967 2291 2007 2322 In
2029 2282 2163 2333 vifitera
2173 2281 2352 2321 vetustioa
2433 2269 2454 2287 '⁵

174 2335 349 2395 omnibus
379 2338 509 2386 probat
530 2366 541 2383 ,
578 2339 669 2389 quid
696 2338 910 2378 hominibus
932 2338 974 2377 fit
994 2339 1207 2378 faciendum
1223 2367 1235 2385 ,
1291 2350 1348 2377 res
1372 2349 1518 2377 omnes.
1552 2338 1634 2375 Val.
1668 2338 1859 2375 Max-’mus
1889 2335 1952 2375 lib.
1973 2347 2029 2374 vt.
2057 2346 2136 2384 cap.
2163 2334 2198 2372 6.
2223 2338 2351 2371 Uxores

176 2394 219 2423 ut
247 2398 268 2423 a
296 2397 406 2424 carne
419 2416 430 2433 ‚
458 2400 531 2439 qua
554 2390 593 2428 in
614 2390 854 2429 comedendo
875 2390 930 2428 uti
949 2389 1068 2428 solent
1081 2418 1092 2435 ,
1128 2391 1234 2429 absti-
1282 2390 1370 2439 [καὶ
1389 2399 1554 2439 natosque
1571 2387 1740 2437 adrasum
1763 2387 1918 2434 nefariae
1937 2386 2035 2436 dapis
2052 2394 2252 2423 verterunt.
2264 2396 2352 2435 quo-

174 2445 299 2474 neant.
327 2438 450 2477 Exstat
472 2439 570 2488 apud
590 2441 791 2480 Aelianum
813 2441 873 2480 lib.
886 2452 942 2478 1v.
967 2440 1015 2479 de
1037 2441 1233 2480 Vani-list.
1290 2455 1356 2490 que
1383 2440 1519 2478 diutius
1549 2449 1696 2476 armata
1718 2441 1893 2489 juventus
1924 2438 2059 2487 viscera
2073 2436 2142 2486 sua
2160 2434 2351 2485 visceribus

173 2485 407 2536 Pythagorae
428 2489 566 2540 dogma
581 2519 590 2535 ,
619 2504 697 2542 quo
718 2492 895 2542 praecipit
919 2490 941 2529 a
961 2492 1074 2530 corde
1088 2521 1100 2538 ‚
1126 2490 1146 2530 a
1158 2493 1234 2542 gal·
1289 2491 1418 2537 aleret,
1449 2490 1600 2537 infelices
1619 2490 1836 2527 cadaverum
1859 2488 2026 2539 reliquias
2035 2483 2236 2537 salire'non
2248 2484 2352 2524 dubi-

174 2534 215 2592 io
245 2538 329 2596 albo
358 2540 399 2577 &
429 2540 472 2578 ab
503 2543 680 2581 omnibus
697 2542 944 2581 animantibus
963 2543 1232 2582 abstinendum:
1287 2543 1400 2581 tavit.
1428 2544 1585 2580 citantur
1604 2541 1643 2579 hi
1672 2550 1743 2580 tres
1765 2540 1887 2579 versus
1905 2549 1926 2577 a
1945 2537 2143 2577 Scholiaste
2163 2536 2282 2575 Persei
2300 2533 2347 2574 ad

173 2592 267 2624 item
291 2600 313 2625 a
344 2588 492 2629 balneis:
516 2604 640 2643 neque
659 2605 723 2642 per
744 2593 905 2642 publicas
927 2594 1004 2632 vias
1023 2594 1234 2643 ingredien-
1290 2593 1380 2632 Stat.
1411 2605 1475 2631 m.
1495 2594 1558 2632 ubi
1588 2590 1671 2630 Mff.
1695 2591 1846 2641 quidam
1867 2590 1965 2629 male
1981 2617 1993 2635 ‚
2012 2589 2051 2626 in
2071 2588 2198 2638 viscere
2215 2587 2350 2634 viscera

174 2634 280 2693 dum.
307 2638 492 2697 Incertum
513 2645 614 2682 enirn
636 2643 707 2682 effe
720 2672 731 2689 ,
754 2655 803 2683 an
820 2645 874 2682 his
893 2643 1036 2682 duobus
1056 2646 1135 2693 puri
1154 2645 1234 2684 effi·
1288 2644 1410 2688 condi,
1439 2653 1480 2682 ut
1504 2644 1541 2680 &
1562 2643 1775 2693 congestaque
1795 2653 1944 2680 cavum.
1963 2639 2100 2679 deinde
2119 2637 2217 2677 idem
2232 2635 2351 2673 Scho-

174 2695 319 2725 clantur
347 2689 531 2730 homines.
576 2694 648 2732 Sed
675 2694 858 2744 postrema
884 2695 977 2734 haec
1009 2707 1087 2745 quo
1111 2696 1230 2734 modo
1285 2695 1401 2733 liastes
1431 2696 1521 2733 citat
1551 2695 1671 2739 male,
1707 2693 1942 2742 Alteriusque
1971 2690 2159 2733 animam,
2194 2685 2254 2724 sed
2271 2684 2354 2723 ani-

172 2735 414 2786 intelligenda
444 2740 512 2779 fint
538 2744 648 2782 docet
686 2746 910 2784 Plutarchus.
938 2745 1052 2784 Liber
1074 2746 1227 2786 Caelest.
1285 2757 1445 2783 mantem
1474 2744 1575 2783 reete
1605 2744 1726 2783 codex
1754 2741 1839 2781 Mff.
1868 2741 2121 2781 bibliothecae
2146 2735 2355 2776 Leidenfis.
2424 2755 2427 2758 ·

172 2786 330 2826 Briantii
357 2789 396 2826 &
425 2801 531 2828 meus
560 2794 719 2841 habent,
745 2802 834 2833 Sunt
855 2810 943 2846 quae
966 2797 1139 2845 mitescere
1153 2797 1229 2848 post
1285 2796 1432 2835 Hems.
1460 2796 1594 2834 Malim
1613 2796 1724 2834 etiam
1747 2794 1986 2841 Alternisque.
2008 2797 2048 2827 ut
2060 2788 2156 2827 estin
2168 2787 2346 2825 Francof.

167 2838 258 2888 sum
272 2866 283 2883 ‚
311 2842 358 2875 Et
379 2839 515 2878 mollire
536 2843 673 2888 famem
688 2874 698 2888 ,
739 2859 799 2883 nec
829 2846 926 2883 vobis
955 2848 1085 2885 laeieus
1104 2847 1230 2885 humor
1285 2847 1417 2895 viscera
1439 2846 1546 2895 mergi
1565 2846 1707 2884 Moreti
1726 2856 1821 2884 unus
1841 2844 1880 2881 &
1900 2842 1989 2881 alius
2007 2838 2167 2879 Heinsxi.
2182 2838 2348 2889 majesta-3
2425 2837 2431 2848 ⁸

175 2893 348 2938 Ertpttur.
379 2890 504 2946 Jmm.
534 2892 589 2930 lta
609 2894 648 2930 &
669 2894 746 2932 duo
771 2896 901 2943 scripti.
928 2896 1080 2934 emollire
1089 2900 1230 2943 famem
1289 2911 1354 2948 que
1374 2898 1529 2936 Cantab.
1547 2897 1585 2934 &
1603 2905 1674 2934 tres
1693 2894 1764 2933 alii.

175 2939 322 2997 Oxon3
335 2941 508 2991 mitescere
527 2953 700 2984 ventrem.
733 2949 781 2983 Et
800 2945 921 2983 laxare
939 2957 1069 2996 queant
1089 2948 1238 2987 Genev.
1342 2961 1402 2996 92.
1431 2953 1538 2985 Terra
1557 2945 1690 2994 creat.]
1729 2943 1833 2981 Parit
1856 2942 2023 2994 plerique
2043 2940 2270 2982 vetustiores.
2296 2938 2350 2988 fic
2422 2963 2423 2966 =

169 2988 338 3040 flammis
359 3000 443 3031 tres.
488 3043 495 3050 .
1294 2998 1332 3036 &
1356 2998 1438 3036 Art.
1458 2998 1547 3035 Am.
1566 2996 1629 3034 lib.
1650 3008 1679 3034 1.
1709 3005 1794 3043 717-
2415 2994 2422 3006 ·.

229 3041 289 3080 80.
315 3042 518 3081 Redolentta
532 3042 630 3094 flore.
647 3044 664 3095 ]
693 3045 827 3084 Florem
843 3047 953 3096 prim.
972 3048 1066 3097 Reg.
1086 3047 1238 3087 Thuan.
1347 3054 1420 3086 Nec
1439 3048 1542 3085 tellus
1561 3047 1680 3084 eadem
1694 3045 1789 3096 parit
1809 3044 1947 3084 omnia-¹

174 3089 395 3146 Bernegger.
426 3097 465 3133 &
493 3095 626 3133 decem
651 3097 721 3135 alii.
745 3106 946 3147 utrumque
967 3097 1110 3138 dicitur.
1131 3109 1239 3139 vetu-
1295 3099 1334 3137 ἃ
1355 3100 1450 3138 libro
1472 3111 1536 3137 111.
1570 3098 1649 3146 185.

176 3142 301 3198 {hores
322 3146 467 3195 sequor.
495 3149 667 3195 quamvis
690 3150 727 3186 ὅ(
742 3148 865 3187 Valer.
879 3150 979 3187 Max.
1000 3149 1063 3188 lib.
1077 3151 1241 3200 1.cap.6.
1347 3153 1444 3200 «Qec
1464 3162 1557 3187 nova
1578 3159 1674 3186 terra
1688 3146 1785 3198 parit
1803 3143 1918 3196 flores·

175 3201 215 3229 ln
236 3193 308 3249 fine
322 3224 332 3238 ,
366 3201 421 3233 At
439 3197 529 3234 mihi
548 3199 686 3248 quidem
712 3199 793 3236 illae
811 3210 886 3250 apes
907 3213 976 3237 non
995 3211 1148 3239 montem
1169 3208 1244 3251 Hy·
1296 3200 1449 3240 Lucret.
1472 3213 1505 3238 v.

176 3254 278 3300 metti
309 3246 424 3295 thymi
442 3248 529 3298 flore
554 3249 759 3289 redolentem
781 3262 855 3292 φτ,
890 3251 1039 3293 ΗΕῙΝε,
1068 3252 1156 3294 Vid,
1185 3253 1234 3296 ad
1340 3266 1425 3274 -Ν
1466 3250 1606 3301 quando
1626 3247 1785 3289 omnibus
1801 3247 1920 3288 omnia
1939 3244 2036 3298 larg?

175 3290 286 3342 Epist.
307 3306 367 3335 xv.
387 3299 448 3345 76.
1339 3303 1453 3355 {sellus
1478 3302 1548 3353 ipsit
1564 3301 1677 3354 parit.

2251 3345 2345 3395 Pru-‚²
2403 3351 2426 3390 ,Γ
