2483 3616
250 183 350 251 936
743 174 1286 237 P.OV1D11

1355 178 1889 243 NASONIS

547 277 972 351 Oppofitamque
996 284 1183 343 petens
1211 285 1397 327 contra
1420 274 1673 333 Zancleia
1696 278 1813 335 saxa

506 369 508 372 ’
548 349 805 421 Rhegion
831 345 1159 416 ingreditur,
1197 345 1464 399 ferventes
1489 347 1709 402 aestibus
1730 351 1937 407 undas:

551 421 610 476 In
638 422 858 493 quibuS,
896 431 953 471 ut
979 417 1171 480 solida,
1207 417 1358 487 ponit
1385 417 1625 487 vestigia,
1659 420 1801 490 ripa3
1913 415 1918 421 ’

445 512 512 562 50
550 494 874 562 Summaque
898 490 1136 543 decurrit
1163 488 1386 560 pedibus
1409 489 1564 560 super
1591 507 1821 559 aequora
1844 495 2005 549 ficcis.

554 566 750 620 Parvus
775 576 887 616 erat
912 579 1104 633 gurges
1121 606 1132 623 ,
1161 578 1354 627 curvos
1379 560 1605 614 finuatus
1630 561 1684 613 in
1699 581 1877 626 arcuS,

553 637 720 691 Grata
743 635 894 708 quies
917 635 1145 705 Scyllae:
1191 649 1301 705 quo
1327 632 1379 686 se
1405 633 1668 686 referebat
1694 634 1759 688 ab
1786 635 1929 689 aestu

553 710 625 765 Et
650 710 805 762 maris
831 707 886 760 δε
915 707 1079 768 coeli,
1118 705 1302 758 medio
1326 722 1449 758 cum
1475 705 1731 776 plurimus
1757 707 1889 760 orbe

550 783 641 837 Sol
673 793 812 842 erat,
851 780 906 831 &
931 778 1174 832 minimas
1204 779 1233 830 a
1259 777 1460 831 vertice
1484 777 1685 831 fecerat
1713 779 1948 832 umbras:

447 871 511 923 55
553 855 720 910 Hunc
747 853 864 905 Dea
886 850 1159 921 praevitiat
1181 873 1193 910 ς
1234 849 1709 922 portentiferisque
1736 851 1954 905 venenis

553 926 812 998 Inquinat.
850 923 973 976 huic
998 921 1138 975 fusos
1165 923 1345 975 latices
1373 922 1551 975 radice
1579 924 1800 976 nocenti

551 998 760 1069 Spargit
787 1015 797 1049 :
840 996 895 1048 δε
921 994 1201 1048 obscurum
1230 994 1518 1048 verborum
1547 995 1768 1066 ambage
1792 1013 2061 1051 novorum

554 1071 672 1125 Ter
696 1069 879 1122 novies
903 1085 1117 1120 carmen
1145 1067 1356 1137 magico
1384 1066 1751 1120 demurmurat
1780 1086 1891 1122 ore.

553 1142 723 1214 Scylla
747 1140 924 1200 venit3
967 1139 1253 1210 mediaque
1280 1153 1434 1192 tenus
1460 1139 1807 1193 descenderat
1832 1142 1982 1204 alvo;

443 1220 510 1268 60
549 1216 693 1269 Cum
720 1214 805 1266 sua
829 1212 1034 1264 foedari
1059 1211 1363 1264 latrantibus
1389 1211 1604 1280 inguina
1630 1211 1875 1267 monstris

552 1285 795 1357 Adspicit
823 1302 834 1336 :
875 1302 935 1337 ac
959 1282 1134 1354 primo
1160 1300 1269 1336 non
1294 1282 1519 1336 credens
1546 1286 1784 1355 corporis
1809 1287 1915 1340 illas

552 1358 674 1414 Effe
702 1357 775 1411 sui
801 1370 1000 1427 partes,
1039 1355 1374 1427 refugitque,
1411 1354 1712 1427 abigitque,
1753 1358 2015 1431 timetque

553 1431 665 1485 Ora
694 1443 944 1501 proterva
968 1445 1174 1481 canum.
1215 1428 1303 1480 sed
1331 1445 1466 1499 quos
1490 1428 1654 1499 fugit,
1692 1431 1904 1484 attrahit
1931 1433 2051 1484 una.

558 1503 631 1558 Et
658 1519 849 1574 corpus
874 1517 1132 1574 quaerens
1158 1499 1424 1555 femorum
1443 1542 1456 1562 ,
1497 1518 1852 1575 crurumque,
1888 1503 2226 1576 pedumque,

266 1720 367 1759 mina
393 1718 700 1768 Berneggerianus
729 1717 927 1761 hocloco,
953 1715 1074 1766 pocula
1093 1717 1151 1754 vel
1166 1715 1307 1766 pabula.

269 1773 414 1809 Hfims.
443 1771 540 1808 Vide
559 1770 632 1817 sup.
654 1781 741 1805 xm.
759 1780 843 1817 943.
872 1768 999 1805 eadem
1021 1768 1204 1805 diversitas
1225 1769 1307 1806 infr.

273 1833 351 1859 vers
373 1820 456 1867 408.
484 1823 520 1858 ὃ(
542 1819 637 1868 apud
662 1821 801 1855 Lucan.
823 1831 873 1855 vi.
897 1818 957 1855 81.
987 1818 1308 1856 &alibi.voluerat

270 1874 382 1910 etiam
398 1871 568 1908 Heinfius
583 1898 592 1914 ,
620 1869 800 1905 horrendos
815 1896 824 1911 ,
852 1868 1158 1917 infamiapabula,
1180 1868 1310 1915 succos,

269 1933 335 1971 per
371 1921 652 1970 appofitionem.
686 1920 842 1968 protinus
879 1919 1006 1965 infhstis
1038 1931 1130 1956 unus
1157 1920 1310 1958 Mor-eti.

268 1973 434 2021 gramina
456 1981 579 2009 autem
600 1971 693 2008 tueri
711 1969 854 2008 videtur
876 1969 978 2006 locus
1000 1970 1156 2008 Ausonii
1170 1971 1208 2007 in
1220 1971 1311 2008 Mo-

269 2023 351 2061 sella
371 2023 427 2065 jts.
446 2023 529 2064 276.

320 2075 375 2110 Sic
392 2071 637 2108 Anthedonius
660 2071 799 2107 Baeotia
813 2079 869 2119 per
881 2072 977 2117 freta
998 2071 1149 2107 Glaucus
1162 2100 1172 2116 ‚

318 2124 496 2160 Gramina
510 2122 648 2171 gustatu
659 2121 835 2170 postquam
856 2121 1013 2158 exitialia
1037 2121 1150 2158 Circes

321 2180 490 2222 Expertus
509 2185 579 2211 σε.

269 2226 332 2265 ubi
356 2226 392 2261 δε
410 2225 576 2271 gramina
595 2221 760 2259 defendit
779 2221 1025 2271 Mariangelus
1045 2222 1248 2261 Accursius.
1268 2223 1317 2260 ita

271 2275 466 2322 maleficum
496 2287 638 2323 gramen
670 2273 855 2309 Arnobius
886 2273 930 2309 de
954 2274 1093 2321 magica
1115 2285 1189 2311 arte
1209 2285 1316 2321 agens

272 2328 364 2366 dixit
395 2326 454 2363 lib.
478 2338 503 2361 1.
533 2336 612 2373 pag.
635 2335 692 2372 32.
721 2324 758 2359 &
790 2324 960 2366 carmini,
990 2333 1029 2360 ut
1056 2325 1093 2361 ὃ(
1113 2326 1195 2367 hic,
1229 2325 1317 2372 jun-

271 2380 325 2425 git
341 2405 350 2420 ‚
380 2386 419 2413 ut
450 2378 560 2413 etiam
594 2374 716 2410 Valet.
734 2373 828 2410 Flac.
849 2386 919 2410 vit.
938 2374 991 2416 J'ss.
1015 2386 1096 2422 353.
1117 2376 1154 2412 &
1177 2375 1248 2423 seq.
1270 2374 1315 2411 de

274 2427 411 2464 Medea
423 2438 541 2474 agens.
562 2425 610 2462 fic
631 2426 668 2461 ἃ
691 2424 884 2461 Marcellus
905 2425 941 2461 in
956 2426 1116 2462 carmine
1138 2426 1181 2463 de
1193 2425 1316 2463 Medi-

276 2479 356 2515 cina
380 2479 415 2513 in
438 2477 551 2513 Catal.
573 2475 662 2512 Pitli.
681 2487 759 2522 pag.
779 2487 862 2519 241.

327 2526 493 2563 Gramine
503 2528 563 2574 seu
581 2525 684 2561 malis
706 2538 800 2572 aegro
814 2525 981 2574 praestare
1001 2525 1192 2571 medelam,

329 2577 495 2613 Carmine
510 2577 704 2623 [euporius.

278 2627 353 2663 vid.
382 2627 471 2672 supr.
502 2638 590 2662 vers.
624 2638 679 2674 34.
709 2627 746 2662 ὅ(
776 2626 836 2662 lib.
859 2638 927 2662 vu.
960 2639 1040 2675 137.
1073 2639 1137 2674 152
1163 2628 1198 2665 δε
1227 2639 1315 2676 203.

278 2677 340 2715 ubi
363 2675 531 2712 Heinsius
555 2677 663 2723 plura.
691 2675 716 2712 fi
734 2677 811 2724 quis
830 2677 901 2713 hoc
922 2678 1024 2714 versu
1040 2678 1169 2724 pabula
1184 2680 1317 2715 retine·

278 2739 318 2766 re
348 2726 467 2767 velit,
507 2728 542 2761 ἂ
576 2738 715 2761 venena
746 2726 944 2774 intelligere
967 2755 976 2770 ,
1016 2728 1179 2775 sequenti
1213 2729 1316 2765 versu

278 2778 440 2815 Hecateia
472 2775 634 2819 gramina
660 2776 787 2822 legat,
826 2786 865 2813 ut
896 2778 1001 2814 multi
1031 2779 1141 2815 etiam
1174 2779 1320 2816 codices

284 2828 433 2865 habent.
460 2824 588 2860 Eum.

337 2876 396 2922 48.
425 2874 569 2921 Rhegion
586 2873 812 2921 ingreditur]
849 2874 909 2910 De
923 2875 1316 2924 Circeintelligendum

280 2928 329 2966 est
344 2956 353 2971 ‚
382 2937 459 2963 non
479 2926 523 2961 de
545 2924 662 2972 Scylla
677 2951 686 2965 ,
715 2923 816 2970 quod
841 2925 874 2959 in
898 2925 1088 2970 Raphae'lis
1111 2928 1319 2964 Commen-

285 2979 377 3017 tario
389 2977 615 3014 librariorum
630 2974 732 3021 culpa
746 2974 980 3020 depravatum
996 2984 1096 3020 puto.
1108 2976 1317 3013 GLAREAN.

281 3026 537 3077 Oppofitamque
569 3025 643 3061 duo
675 3025 819 3061 Bonon.
853 3023 900 3061 fic
934 3023 1019 3060 Ilien
1049 3024 1084 3060 in
1106 3026 1316 3064 foeminino

279 3090 412 3129 genere
434 3076 569 3124 paffim.
600 3076 740 3111 biems.

274 3122 277 3125 ¹
334 3129 392 3172 48.
424 3134 669 3174 Ferventesque
687 3124 827 3171 aestibus
847 3121 996 3174 undas.]
1028 3130 1207 3161 Ferventes
1221 3126 1317 3164 red‘te

276 3180 439 3228 plerique
460 3177 681 3214 vetu2tiores.
710 3176 764 3223 cuj
774 3176 914 3213 usmodi
935 3175 1179 3223 appositiones
1191 3177 1316 3224 paffim

273 3230 371 3278 apud
397 3229 568 3264 Nostrum
589 3234 794 3263 occurrunt.
825 3227 963 3263 Lucan.
986 3238 1019 3261 v.
1042 3238 1122 3270 720.

2171 1582 2237 1645 65
2275 1577 2407 1635 Cer-

1362 1716 1508 1754 Hmns.
1546 1715 1663 1755 Rene
1695 1715 1879 1756 Heinsius.
1916 1718 1965 1756 ita
1993 1717 2104 1756 etiam
2140 1715 2243 1766 saepe
2276 1717 2413 1756 Graeci

1364 1768 1483 1806 Hom.
1505 1768 1567 1805 Od
1600 1772 1640 1803 Θ.
1665 1770 1746 1817 362.

1417 1818 1460 1854 H‘
1475 1816 1508 1852 δ’
1526 1819 1594 1862 ἄρα
1613 1819 1752 1865 Κύπρον
1769 1818 1873 1857 ἵκανε
1891 1818 2126 1867 Φιλομμειδῆς
2148 1816 2336 1865 Α”ςρεὲίτη
2349 1848 2361 1865 ,

1416 1868 1478 1910 E‘e
1498 1870 1638 1914 Πάφον.

1367 1920 1404 1956 &
1434 1922 1484 1959 ita
1513 1921 1608 1968 apud
1627 1920 1821 1959 Pindarum
1844 1934 1896 1959 ιχ.
1919 1922 2032 1959 Nem.
2056 1933 2087 1970 3.
2115 1920 2151 1961 ἐς
2171 1917 2333 1964 Α’ἳτνκν,
2364 1919 2404 1964 ἐς

1366 1972 1512 2018 Χρομίου
1525 1971 1623 2015 Σῶμα
1651 1971 1862 2009 Scholiastes
1883 1973 1990 2019 capit.
2013 1971 2141 2009 vid.ad
2155 1983 2217 2008 111.
2232 1974 2363 2009 Amor.
2374 1983 2409 2009 x.

1368 2033 1426 2056 20.
1448 2024 1486 2059 ὃ(
1506 2035 1559 2059 ιν.
1583 2022 1676 2058 Met.
1698 2021 1781 2058 668.
1810 2021 1939 2058 Euam.

1420 2084 1479 2115 40.
1507 2078 1550 2107 Ut
1560 2071 1674 2118 solida
1686 2072 1781 2120 ponit
1801 2072 1939 2119 vestigia
1959 2070 2088 2120 terra]
2118 2072 2224 2109 Unus
2237 2072 2356 2110 VatiC.
2370 2072 2410 2110 &

1371 2122 1522 2159 Caelest.
1553 2122 1687 2158 habent
1711 2150 1720 2166 ‚
1770 2127 1813 2158 Ut
1847 2122 1960 2170 solida
1988 2122 2097 2170 posuit
2134 2121 2273 2171 vestigia
2306 2132 2412 2159 terra.

1372 2175 1498 2221 Quam
1536 2171 1736 2209 lectionem
1769 2173 1889 2209 multo
1922 2174 2116 2209 meliorem
2151 2184 2192 2210 ac
2227 2172 2412 2210 veriorem

1369 2224 1530 2260 arbitror.
1560 2229 1602 2258 Ut
1619 2224 1716 2261 enim
1732 2251 1741 2266 ‚
1755 2218 1844 2260 'hoc
1871 2222 1959 2260 loco
1979 2221 2120 2260 necesse
2138 2223 2186 2259 est
2216 2222 2390 2271 significet
2404 2250 2416 2268 ,

1372 2274 1577 2322 postquam:
1601 2275 1636 2311 δε
1656 2274 1808 2311 verbum
1825 2273 2007 2318 Decurrit,
2035 2273 2136 2323 quod
2155 2273 2202 2310 est
2216 2275 2250 2310 in
2261 2273 2416 2322 sequen-

1372 2325 1398 2361 ti
1423 2325 1605 2368 carmine,
1634 2325 1870 2372 praeteritum
1896 2325 2051 2361 videtur.
2105 2325 2230 2373 Atque
2252 2325 2302 2360 ita
2319 2325 2416 2373 opti-

1374 2387 1454 2412 mus
1473 2375 1589 2411 sensus
1612 2376 1671 2411 est.
1698 2374 1786 2411 Alio
1807 2374 1923 2412 modo
1936 2387 2012 2412 non
2032 2375 2135 2412 item.
2163 2375 2331 2411 CIOFAN.
2352 2381 2416 2411 Po-

1367 2425 1441 2474 suit
1464 2425 1602 2472 vestigia
1622 2424 1696 2474 ripa
1718 2425 1887 2462 Francos.
1906 2426 1943 2462 &
1966 2424 2084 2462 codex
2107 2426 2250 2473 Sprotii.

1428 2488 1483 2523 51.
1513 2481 1649 2511 Curvos
1670 2474 1835 2524 sinuatus
1866 2475 1904 2511 in
1931 2475 2070 2524 arcus.]
2109 2482 2242 2512 Parvos
2264 2474 2416 2513 Basti&

1377 2526 1546 2562 Ambros.
1563 2526 1660 2563 unde
1684 2525 1876 2570 Heinsius,
1898 2526 2055 2574 patulam
2088 2527 2124 2563 ὅ(
2146 2524 2244 2563 certe
2259 2524 2415 2564 offendit

1375 2577 1433 2614 ille
1458 2578 1564 2614 sonus
1590 2604 1599 2620 ,
1631 2586 1766 2624 parvus
1791 2590 1908 2624 gurges
1927 2590 2072 2620 curvos,
2099 2578 2135 2613 δε
2164 2577 2264 2614 litera
2286 2578 2414 2613 canina

1370 2629 1478 2664 toties
1501 2628 1663 2675 repetita.
1686 2638 1817 2676 paucus
1833 2626 2066 2675 eratT-hyfii,
2085 2626 2238 2669 deinde,
2253 2625 2416 2672 falcatus

1372 2677 1447 2715 duo
1469 2678 1644 2724 Medicei.
1674 2678 1866 2725 eleganter.
1896 2677 2002 2726 Epist.
2026 2690 2069 2714 ιι.
2096 2688 2174 2723 131.

1424 2728 1479 2772 Est
1491 2727 1587 2775 finus
1606 2727 1771 2763 addufflcs
1790 2727 1918 2764 modice
1929 2727 2084 2773 falcatus
2099 2726 2136 2762 in
2152 2739 2265 2764 arcus.

1374 2779 1412 2814 ὃ(
1432 2779 1523 2824 supr.
1544 2790 1596 2813 xx.
1621 2790 1704 2824 229.

1425 2828 1480 2873 Est
1490 2826 1588 2876 finus
1608 2827 1815 2864 Haemoniae
1834 2840 1954 2863 curvos
1968 2825 2122 2871 falcatus
2139 2825 2176 2862 in
2199 2839 2310 2866 arcus.

1374 2878 1476 2926 quod
1498 2879 1660 2915 imitatus
1682 2878 1825 2925 Joseph.
1847 2878 1956 2914 Iscan.
1980 2889 2042 2912 111.
2063 2888 2146 2925 213.

1582 2943 1585 2945 >
1755 2934 1838 2962 Pars
1859 2940 1928 2962 una
1951 2928 2067 2975 recessu

1425 2976 1609 3013 Abditiore
1629 2977 1762 3018 latens,
1791 2978 1918 3024 refugos
1935 2979 2090 3021 fateatur
2102 2978 2139 3013 in
2151 2991 2259 3014 arcus.
2282 2978 2410 3018 BURM.

1427 3038 1484 3074 53.
1512 3026 1688 3063 Plurimus
1709 3027 1820 3076 orben]
1851 3027 1934 3063 Orbi
1955 3028 2029 3065 duo
2052 3028 2256 3065 codices.ut
2270 3030 2410 3068 medius

1370 3077 1468 3112 orbis
1499 3075 1539 3112 sit
1570 3078 1763 3114 meridi-alis
1792 3089 1867 3124 pars
1889 3078 2009 3122 orbis,
2038 3079 2113 3116 non
2132 3079 2211 3115 solis
2234 3080 2338 3115 orbis.
2371 3082 2410 3117 &

1374 3127 1641 3213 marisseysolis
1665 3128 1739 3165 duo
1762 3128 2107 3173 Mediceideinde,
2135 3129 2409 3167 minimasaeer-

1365 3190 1446 3225 gore
1479 3177 1566 3214 aiil.

1427 3242 1481 3274 ςς.
1511 3228 1802 3278 Portentificisque
1823 3229 2001 3279 venenis.]
2033 3231 2072 3267 ln
2099 3229 2217 3266 Vatic.
2240 3228 2410 3265 Portenti-

2472 2291 2483 2539 f

2467 2543 2483 2774 i

2473 2992 2483 3022 i

2471 3041 2483 3069 21

2452 3070 2483 3212 ll

2451 3214 2455 3277 l
2474 3213 2483 3267 ι’

325 3277 633 3327 Nymphaeumque
648 3287 789 3323 tenent,
818 3276 1316 3326 nudasAquilonibusundas.
1362 3279 1519 3327 ferisque
1538 3280 1689 3319 venenis.
1717 3280 2200 3329 Ciofau.Portentiserisque
2211 3280 2309 3318 malo
2323 3291 2406 3316 cum
2449 3282 2483 3326 ξί

2338 3329 2406 3368 sec.

2448 3331 2452 3357 i
2472 3337 2483 3365 1
