<?xml version="1.0" encoding="UTF-8"?>
<!DOCTYPE html PUBLIC "-//W3C//DTD XHTML 1.0 Transitional//EN"
    "http://www.w3.org/TR/xhtml1/DTD/xhtml1-transitional.dtd">
<html xmlns="http://www.w3.org/1999/xhtml" xml:lang="en" lang="en">
 <head>
  <title>
</title>
<meta http-equiv="Content-Type" content="text/html;charset=utf-8" />
  <meta name='ocr-system' content='tesseract 3.04.00' />
  <meta name='ocr-capabilities' content='ocr_page ocr_carea ocr_par ocr_line ocrx_word'/>
</head>
<body>
  <div class='ocr_page' id='page_1' title='image "./publiiovidiinaso02ovid_0560.png"; bbox 0 0 2483 3616; ppageno 0'>
   <div class='ocr_carea' id='block_1_1' title="bbox 690 173 1852 235">
    <p class='ocr_par' dir='ltr' id='par_1_1' title="bbox 690 173 1852 235">
     <span class='ocr_line' id='line_1_1' title="bbox 690 173 1852 235; baseline -0.002 -1"><span class='ocrx_word' id='word_1_1' title='bbox 690 173 1239 235; x_wconf 91' lang='lat' dir='ltr'><strong>P.·OVIDII</strong></span> <span class='ocrx_word' id='word_1_2' title='bbox 1312 174 1852 234; x_wconf 87' lang='lat' dir='ltr'>NASONIS</span> 
     </span>
    </p>
   </div>
   <div class='ocr_carea' id='block_1_2' title="bbox 430 289 2081 1164">
    <p class='ocr_par' dir='ltr' id='par_1_2' title="bbox 430 289 2081 1164">
     <span class='ocr_line' id='line_1_2' title="bbox 533 289 1682 365; baseline -0.002 -17"><span class='ocrx_word' id='word_1_3' title='bbox 533 291 769 348; x_wconf 67' lang='lat' dir='ltr'><strong>Victoris</strong></span> <span class='ocrx_word' id='word_1_4' title='bbox 795 292 988 365; x_wconf 87' lang='lat' dir='ltr'><strong>placidi</strong></span> <span class='ocrx_word' id='word_1_5' title='bbox 1015 291 1143 346; x_wconf 88' lang='lat' dir='ltr'><strong>fecit</strong></span> <span class='ocrx_word' id='word_1_6' title='bbox 1169 289 1456 344; x_wconf 87' lang='lat' dir='ltr'><strong>clementia</strong></span> <span class='ocrx_word' id='word_1_7' title='bbox 1486 291 1682 346; x_wconf 81' lang='lat' dir='ltr'><strong>multis,</strong></span> 
     </span>
     <span class='ocr_line' id='line_1_3' title="bbox 528 360 1736 436; baseline -0.002 -16"><span class='ocrx_word' id='word_1_8' title='bbox 528 364 673 436; x_wconf 84' lang='lat' dir='ltr'><strong>Justa</strong></span> <span class='ocrx_word' id='word_1_9' title='bbox 701 366 824 420; x_wconf 88' lang='lat' dir='ltr'><strong>facit</strong></span> <span class='ocrx_word' id='word_1_10' title='bbox 851 364 998 419; x_wconf 79' lang='lat' dir='ltr'><strong>certe</strong></span> <span class='ocrx_word' id='word_1_11' title='bbox 1024 380 1123 435; x_wconf 87' lang='lat' dir='ltr'><strong>pro</strong></span> <span class='ocrx_word' id='word_1_12' title='bbox 1146 375 1274 415; x_wconf 88' lang='lat' dir='ltr'><strong>nato</strong></span> <span class='ocrx_word' id='word_1_13' title='bbox 1300 360 1435 415; x_wconf 88' lang='lat' dir='ltr'><strong>bella</strong></span> <span class='ocrx_word' id='word_1_14' title='bbox 1460 377 1736 434; x_wconf 88' lang='lat' dir='ltr'><strong>peremto:</strong></span> 
     </span>
     <span class='ocr_line' id='line_1_4' title="bbox 536 434 1970 510; baseline -0.001 -19"><span class='ocrx_word' id='word_1_15' title='bbox 536 439 594 491; x_wconf 88' lang='lat' dir='ltr'><strong>ln</strong></span> <span class='ocrx_word' id='word_1_16' title='bbox 620 436 896 510; x_wconf 77' lang='lat' dir='ltr'><strong>cauffaque</strong></span> <span class='ocrx_word' id='word_1_17' title='bbox 920 438 1075 491; x_wconf 86' lang='lat' dir='ltr'><strong>valet.</strong></span> <span class='ocrx_word' id='word_1_18' title='bbox 1117 434 1450 506; x_wconf 79' lang='lat' dir='ltr'><strong>cauffamque</strong></span> <span class='ocrx_word' id='word_1_19' title='bbox 1477 436 1749 489; x_wconf 85' lang='lat' dir='ltr'><strong>tuentibus</strong></span> <span class='ocrx_word' id='word_1_20' title='bbox 1781 436 1938 490; x_wconf 85' lang='lat' dir='ltr'><strong>armis</strong></span> <span class='ocrx_word' id='word_1_21' title='bbox 1951 441 1970 500; x_wconf 53' lang='lat'><strong>,⁴</strong></span> 
     </span>
     <span class='ocr_line' id='line_1_5' title="bbox 430 505 1981 582; baseline -0.001 -19"><span class='ocrx_word' id='word_1_22' title='bbox 430 513 497 564; x_wconf 82' lang='lat'><strong>60</strong></span> <span class='ocrx_word' id='word_1_23' title='bbox 536 509 610 563; x_wconf 91' lang='lat' dir='ltr'><strong>Ut</strong></span> <span class='ocrx_word' id='word_1_24' title='bbox 636 523 794 582; x_wconf 88' lang='lat' dir='ltr'><strong>put0,</strong></span> <span class='ocrx_word' id='word_1_25' title='bbox 832 511 1123 564; x_wconf 84' lang='lat' dir='ltr'><strong>vincemur.</strong></span> <span class='ocrx_word' id='word_1_26' title='bbox 1164 505 1257 578; x_wconf 87' lang='lat' dir='ltr'><strong>qui</strong></span> <span class='ocrx_word' id='word_1_27' title='bbox 1280 506 1318 560; x_wconf 89' lang='lat' dir='ltr'>fi</span> <span class='ocrx_word' id='word_1_28' title='bbox 1341 519 1521 560; x_wconf 86' lang='lat' dir='ltr'><strong>manet</strong></span> <span class='ocrx_word' id='word_1_29' title='bbox 1548 507 1722 561; x_wconf 83' lang='lat' dir='ltr'><strong>exitus</strong></span> <span class='ocrx_word' id='word_1_30' title='bbox 1748 508 1981 571; x_wconf 86' lang='lat' dir='ltr'><strong>urbem,</strong></span> 
     </span>
     <span class='ocr_line' id='line_1_6' title="bbox 537 577 1835 643; baseline -0.002 -8"><span class='ocrx_word' id='word_1_31' title='bbox 537 581 650 636; x_wconf 88' lang='lat' dir='ltr'><strong>Cur</strong></span> <span class='ocrx_word' id='word_1_32' title='bbox 676 582 793 637; x_wconf 87' lang='lat' dir='ltr'><strong>suus</strong></span> <span class='ocrx_word' id='word_1_33' title='bbox 817 582 947 637; x_wconf 86' lang='lat' dir='ltr'><strong>haec</strong></span> <span class='ocrx_word' id='word_1_34' title='bbox 973 583 1045 636; x_wconf 89' lang='lat' dir='ltr'><strong>illi</strong></span> <span class='ocrx_word' id='word_1_35' title='bbox 1071 578 1319 635; x_wconf 79' lang='lat' dir='ltr'><strong>reserabit</strong></span> <span class='ocrx_word' id='word_1_36' title='bbox 1348 578 1559 633; x_wconf 85' lang='lat' dir='ltr'><strong>moenia</strong></span> <span class='ocrx_word' id='word_1_37' title='bbox 1586 577 1835 643; x_wconf 72' lang='lat' dir='ltr'><strong>Mami-S,</strong></span> 
     </span>
     <span class='ocr_line' id='line_1_7' title="bbox 542 649 2044 724; baseline -0.001 -16"><span class='ocrx_word' id='word_1_38' title='bbox 542 654 615 708; x_wconf 84' lang='lat' dir='ltr'><strong>Et</strong></span> <span class='ocrx_word' id='word_1_39' title='bbox 640 671 750 708; x_wconf 92' lang='lat' dir='ltr'><strong>non</strong></span> <span class='ocrx_word' id='word_1_40' title='bbox 774 655 949 709; x_wconf 86' lang='lat' dir='ltr'><strong>noster</strong></span> <span class='ocrx_word' id='word_1_41' title='bbox 971 651 1152 708; x_wconf 88' lang='lat' dir='ltr'><strong>amor?</strong></span> <span class='ocrx_word' id='word_1_42' title='bbox 1193 651 1383 707; x_wconf 86' lang='lat' dir='ltr'><strong>melius</strong></span> <span class='ocrx_word' id='word_1_43' title='bbox 1410 650 1516 705; x_wconf 87' lang='lat' dir='ltr'><strong>fine</strong></span> <span class='ocrx_word' id='word_1_44' title='bbox 1541 649 1708 705; x_wconf 88' lang='lat' dir='ltr'><strong>caede</strong></span> <span class='ocrx_word' id='word_1_45' title='bbox 1748 653 2007 724; x_wconf 73' lang='lat' dir='ltr'><strong>moraque</strong></span> <span class='ocrx_word' id='word_1_46' title='bbox 2026 693 2044 719; x_wconf 86' lang='lat'>‚</span> 
     </span>
     <span class='ocr_line' id='line_1_8' title="bbox 504 723 1962 799; baseline -0.001 -19"><span class='ocrx_word' id='word_1_47' title='bbox 504 734 507 739; x_wconf 84' lang='lat'>&#39;</span> <span class='ocrx_word' id='word_1_48' title='bbox 536 726 884 799; x_wconf 73' lang='lat' dir='ltr'><strong>Impensaque</strong></span> <span class='ocrx_word' id='word_1_49' title='bbox 908 727 984 781; x_wconf 90' lang='lat' dir='ltr'><strong>sui</strong></span> <span class='ocrx_word' id='word_1_50' title='bbox 1009 723 1208 798; x_wconf 88' lang='lat' dir='ltr'><strong>poterit</strong></span> <span class='ocrx_word' id='word_1_51' title='bbox 1241 724 1486 796; x_wconf 87' lang='lat' dir='ltr'><strong>superare</strong></span> <span class='ocrx_word' id='word_1_52' title='bbox 1513 723 1735 778; x_wconf 81' lang='lat' dir='ltr'><strong>cruoris,</strong></span> <span class='ocrx_word' id='word_1_53' title='bbox 1958 782 1962 784; x_wconf 64' lang='lat'>‚</span> 
     </span>
     <span class='ocr_line' id='line_1_9' title="bbox 536 794 2033 871; baseline -0.002 -18"><span class='ocrx_word' id='word_1_54' title='bbox 536 799 716 871; x_wconf 88' lang='lat' dir='ltr'><strong>Quam</strong></span> <span class='ocrx_word' id='word_1_55' title='bbox 742 811 927 852; x_wconf 93' lang='lat' dir='ltr'><strong>metuo</strong></span> <span class='ocrx_word' id='word_1_56' title='bbox 956 799 1104 853; x_wconf 79' lang='lat' dir='ltr'><strong>certe</strong></span> <span class='ocrx_word' id='word_1_57' title='bbox 1121 834 1136 858; x_wconf 89' lang='lat'>‚</span> <span class='ocrx_word' id='word_1_58' title='bbox 1186 814 1253 851; x_wconf 92' lang='lat' dir='ltr'><strong>ne</strong></span> <span class='ocrx_word' id='word_1_59' title='bbox 1277 797 1396 870; x_wconf 90' lang='lat' dir='ltr'><strong>quis</strong></span> <span class='ocrx_word' id='word_1_60' title='bbox 1420 810 1510 850; x_wconf 89' lang='lat' dir='ltr'><strong>tua</strong></span> <span class='ocrx_word' id='word_1_61' title='bbox 1533 795 1780 868; x_wconf 65' lang='lat' dir='ltr'><strong>pectora,</strong></span> <span class='ocrx_word' id='word_1_62' title='bbox 1817 794 2033 860; x_wconf 81' lang='lat' dir='ltr'><strong>Minos,</strong></span> 
     </span>
     <span class='ocr_line' id='line_1_10' title="bbox 430 869 2081 943; baseline -0.001 -18"><span class='ocrx_word' id='word_1_63' title='bbox 430 875 495 941; x_wconf 84' lang='lat'><strong>65</strong></span> <span class='ocrx_word' id='word_1_64' title='bbox 533 870 799 926; x_wconf 86' lang='lat' dir='ltr'><strong>Vulneret</strong></span> <span class='ocrx_word' id='word_1_65' title='bbox 824 871 1162 943; x_wconf 86' lang='lat' dir='ltr'><strong>imprudens!</strong></span> <span class='ocrx_word' id='word_1_66' title='bbox 1206 871 1324 942; x_wconf 87' lang='lat' dir='ltr'><strong>quis</strong></span> <span class='ocrx_word' id='word_1_67' title='bbox 1350 869 1495 924; x_wconf 88' lang='lat' dir='ltr'><strong>enim</strong></span> <span class='ocrx_word' id='word_1_68' title='bbox 1519 881 1626 923; x_wconf 92' lang='lat' dir='ltr'><strong>tam</strong></span> <span class='ocrx_word' id='word_1_69' title='bbox 1651 869 1826 933; x_wconf 82' lang='lat' dir='ltr'><strong>diruS,</strong></span> <span class='ocrx_word' id='word_1_70' title='bbox 1863 881 1922 924; x_wconf 91' lang='lat' dir='ltr'><strong>ut</strong></span> <span class='ocrx_word' id='word_1_71' title='bbox 1945 869 2003 924; x_wconf 92' lang='lat' dir='ltr'><strong>in</strong></span> <span class='ocrx_word' id='word_1_72' title='bbox 2023 879 2081 923; x_wconf 89' lang='lat' dir='ltr'><strong>te</strong></span> 
     </span>
     <span class='ocr_line' id='line_1_11' title="bbox 538 940 1990 1014; baseline -0.002 -16"><span class='ocrx_word' id='word_1_73' title='bbox 538 943 791 1014; x_wconf 87' lang='lat' dir='ltr'><strong>Dirigere</strong></span> <span class='ocrx_word' id='word_1_74' title='bbox 819 943 1116 1007; x_wconf 91' lang='lat' dir='ltr'><strong>immitem,</strong></span> <span class='ocrx_word' id='word_1_75' title='bbox 1154 944 1246 998; x_wconf 90' lang='lat' dir='ltr'><strong>nis1</strong></span> <span class='ocrx_word' id='word_1_76' title='bbox 1271 942 1502 1005; x_wconf 80' lang='lat' dir='ltr'><strong>nesciuS,</strong></span> <span class='ocrx_word' id='word_1_77' title='bbox 1540 941 1734 997; x_wconf 85' lang='lat' dir='ltr'><strong>audeat</strong></span> <span class='ocrx_word' id='word_1_78' title='bbox 1761 940 1990 996; x_wconf 85' lang='lat' dir='ltr'><strong>hastam?</strong></span> 
     </span>
     <span class='ocr_line' id='line_1_12' title="bbox 536 1014 1992 1090; baseline 0.001 -21"><span class='ocrx_word' id='word_1_79' title='bbox 536 1015 752 1087; x_wconf 86' lang='lat' dir='ltr'><strong>Coepta</strong></span> <span class='ocrx_word' id='word_1_80' title='bbox 778 1017 1018 1090; x_wconf 86' lang='lat' dir='ltr'><strong>placent,</strong></span> <span class='ocrx_word' id='word_1_81' title='bbox 1058 1016 1114 1070; x_wconf 87' lang='lat'>&amp;</span> <span class='ocrx_word' id='word_1_82' title='bbox 1138 1016 1233 1071; x_wconf 89' lang='lat' dir='ltr'><strong>stat</strong></span> <span class='ocrx_word' id='word_1_83' title='bbox 1257 1015 1516 1070; x_wconf 90' lang='lat' dir='ltr'><strong>sententia</strong></span> <span class='ocrx_word' id='word_1_84' title='bbox 1533 1014 1745 1069; x_wconf 88' lang='lat' dir='ltr'><strong>tradere</strong></span> <span class='ocrx_word' id='word_1_85' title='bbox 1774 1032 1992 1071; x_wconf 89' lang='lat' dir='ltr'><strong>mecum</strong></span> 
     </span>
     <span class='ocr_line' id='line_1_13' title="bbox 539 1087 1872 1164; baseline 0.001 -22"><span class='ocrx_word' id='word_1_86' title='bbox 539 1087 793 1144; x_wconf 87' lang='lat' dir='ltr'><strong>Dotalem</strong></span> <span class='ocrx_word' id='word_1_87' title='bbox 817 1090 1072 1164; x_wconf 85' lang='lat' dir='ltr'><strong>pat-riam,</strong></span> <span class='ocrx_word' id='word_1_88' title='bbox 1109 1089 1381 1163; x_wconf 89' lang='lat' dir='ltr'><strong>finemque</strong></span> <span class='ocrx_word' id='word_1_89' title='bbox 1409 1089 1688 1162; x_wconf 88' lang='lat' dir='ltr'><strong>imponere</strong></span> <span class='ocrx_word' id='word_1_90' title='bbox 1715 1088 1872 1143; x_wconf 84' lang='lat' dir='ltr'><strong>beno.</strong></span> 
     </span>
    </p>
   </div>
   <div class='ocr_carea' id='block_1_3' title="bbox 251 1288 1301 2000">
    <p class='ocr_par' dir='ltr' id='par_1_3' title="bbox 251 1288 1299 1433">
     <span class='ocr_line' id='line_1_14' title="bbox 251 1288 1299 1343; baseline -0.003 -12"><span class='ocrx_word' id='word_1_91' title='bbox 251 1293 289 1331; x_wconf 65' lang='lat' dir='ltr'><strong>in</strong></span> <span class='ocrx_word' id='word_1_92' title='bbox 312 1288 481 1330; x_wconf 71' lang='lat' dir='ltr'><strong>manum}</strong></span> <span class='ocrx_word' id='word_1_93' title='bbox 506 1294 550 1334; x_wconf 66' lang='lat'><strong>(9¹</strong></span> <span class='ocrx_word' id='word_1_94' title='bbox 565 1292 785 1331; x_wconf 75' lang='lat' dir='ltr'><strong>vocabantur</strong></span> <span class='ocrx_word' id='word_1_95' title='bbox 805 1290 870 1329; x_wconf 83' lang='lat' dir='ltr'><strong>hae</strong></span> <span class='ocrx_word' id='word_1_96' title='bbox 892 1292 1032 1343; x_wconf 82' lang='lat' dir='ltr'><strong>nuptiae</strong></span> <span class='ocrx_word' id='word_1_97' title='bbox 1046 1302 1105 1343; x_wconf 85' lang='lat' dir='ltr'><strong>per</strong></span> <span class='ocrx_word' id='word_1_98' title='bbox 1122 1291 1299 1342; x_wconf 58' lang='lat' dir='ltr'><strong>coemptio-</strong></span> 
     </span>
     <span class='ocr_line' id='line_1_15' title="bbox 253 1342 1299 1393; baseline 0.005 -13"><span class='ocrx_word' id='word_1_99' title='bbox 253 1358 341 1381; x_wconf 80' lang='lat' dir='ltr'><strong>nem.</strong></span> <span class='ocrx_word' id='word_1_100' title='bbox 369 1357 412 1384; x_wconf 68' lang='lat' dir='ltr'><strong>&lt;y</strong></span> <span class='ocrx_word' id='word_1_101' title='bbox 440 1354 514 1380; x_wconf 82' lang='lat' dir='ltr'><strong>erat</strong></span> <span class='ocrx_word' id='word_1_102' title='bbox 540 1344 813 1392; x_wconf 83' lang='lat' dir='ltr'><strong>materfamilias</strong></span> <span class='ocrx_word' id='word_1_103' title='bbox 843 1342 920 1381; x_wconf 84' lang='lat' dir='ltr'><strong>viro</strong></span> <span class='ocrx_word' id='word_1_104' title='bbox 946 1344 1013 1381; x_wconf 86' lang='lat' dir='ltr'><strong>loco</strong></span> <span class='ocrx_word' id='word_1_105' title='bbox 1026 1344 1137 1393; x_wconf 84' lang='lat' dir='ltr'><strong>filiae.</strong></span> <span class='ocrx_word' id='word_1_106' title='bbox 1191 1347 1299 1384; x_wconf 86' lang='lat' dir='ltr'>CON-</span> 
     </span>
     <span class='ocr_line' id='line_1_16' title="bbox 255 1395 597 1433; baseline 0.006 -2"><span class='ocrx_word' id='word_1_107' title='bbox 255 1408 396 1433; x_wconf 72' lang='grc' dir='ltr'><strong>ςτΑΝτ.</strong></span> <span class='ocrx_word' id='word_1_108' title='bbox 425 1395 597 1433; x_wconf 54' lang='lat' dir='ltr'><strong>Famam.</strong></span> 
     </span>
    </p>

    <p class='ocr_par' dir='ltr' id='par_1_4' title="bbox 253 1445 1301 1586">
     <span class='ocr_line' id='line_1_17' title="bbox 307 1445 1300 1497; baseline 0.002 -15"><span class='ocrx_word' id='word_1_109' title='bbox 307 1460 363 1494; x_wconf 79' lang='grc' dir='ltr'><strong>ςς.</strong></span> <span class='ocrx_word' id='word_1_110' title='bbox 392 1452 488 1482; x_wconf 90' lang='lat' dir='ltr'><strong>Nam</strong></span> <span class='ocrx_word' id='word_1_111' title='bbox 505 1445 684 1496; x_wconf 81' lang='lat' dir='ltr'><strong>pereant.]</strong></span> <span class='ocrx_word' id='word_1_112' title='bbox 727 1453 783 1483; x_wconf 88' lang='lat' dir='ltr'><strong>Ha</strong></span> <span class='ocrx_word' id='word_1_113' title='bbox 808 1455 949 1495; x_wconf 82' lang='lat' dir='ltr'><strong>pereant</strong></span> <span class='ocrx_word' id='word_1_114' title='bbox 974 1446 1094 1484; x_wconf 83' lang='lat' dir='ltr'><strong>Gebh.</strong></span> <span class='ocrx_word' id='word_1_115' title='bbox 1113 1446 1300 1497; x_wconf 84' lang='lat' dir='ltr'><strong>Crepund.</strong></span> 
     </span>
     <span class='ocr_line' id='line_1_18' title="bbox 253 1496 1301 1537; baseline 0.004 -5"><span class='ocrx_word' id='word_1_116' title='bbox 253 1508 298 1533; x_wconf 83' lang='lat' dir='ltr'><strong>rr.</strong></span> <span class='ocrx_word' id='word_1_117' title='bbox 321 1509 354 1533; x_wconf 86' lang='lat'><strong>2.</strong></span> <span class='ocrx_word' id='word_1_118' title='bbox 374 1497 412 1534; x_wconf 73' lang='grc' dir='ltr'><strong>δε</strong></span> <span class='ocrx_word' id='word_1_119' title='bbox 434 1498 482 1533; x_wconf 89' lang='lat' dir='ltr'><strong>ita</strong></span> <span class='ocrx_word' id='word_1_120' title='bbox 504 1498 668 1534; x_wconf 81' lang='lat' dir='ltr'><strong>Vossian.</strong></span> <span class='ocrx_word' id='word_1_121' title='bbox 700 1497 738 1535; x_wconf 62' lang='grc' dir='ltr'><strong>ὃς</strong></span> <span class='ocrx_word' id='word_1_122' title='bbox 760 1509 852 1535; x_wconf 91' lang='lat' dir='ltr'><strong>unus</strong></span> <span class='ocrx_word' id='word_1_123' title='bbox 872 1496 1021 1535; x_wconf 85' lang='lat' dir='ltr'><strong>Thuan.</strong></span> <span class='ocrx_word' id='word_1_124' title='bbox 1051 1497 1098 1534; x_wconf 89' lang='lat' dir='ltr'><strong>ah</strong></span> <span class='ocrx_word' id='word_1_125' title='bbox 1119 1499 1301 1537; x_wconf 87' lang='lat' dir='ltr'><strong>Vivianus</strong></span> 
     </span>
     <span class='ocr_line' id='line_1_19' title="bbox 256 1547 596 1586; baseline 0 -2"><span class='ocrx_word' id='word_1_126' title='bbox 256 1548 294 1584; x_wconf 73' lang='grc' dir='ltr'><strong>ὃ(</strong></span> <span class='ocrx_word' id='word_1_127' title='bbox 314 1547 419 1585; x_wconf 85' lang='lat' dir='ltr'><strong>multi</strong></span> <span class='ocrx_word' id='word_1_128' title='bbox 441 1547 596 1586; x_wconf 86' lang='lat' dir='ltr'><strong>Heinfii.</strong></span> 
     </span>
    </p>

    <p class='ocr_par' dir='ltr' id='par_1_5' title="bbox 251 1597 1301 2000">
     <span class='ocr_line' id='line_1_20' title="bbox 307 1597 1297 1649; baseline 0.002 -15"><span class='ocrx_word' id='word_1_129' title='bbox 307 1598 362 1646; x_wconf 84' lang='lat'><strong>56.</strong></span> <span class='ocrx_word' id='word_1_130' title='bbox 392 1599 569 1646; x_wconf 50' lang='lat' dir='ltr'><strong>Quamvis</strong></span> <span class='ocrx_word' id='word_1_131' title='bbox 583 1598 681 1648; x_wconf 86' lang='lat' dir='ltr'><strong>saepe</strong></span> <span class='ocrx_word' id='word_1_132' title='bbox 701 1597 786 1635; x_wconf 80' lang='lat' dir='ltr'><strong>utile</strong></span> <span class='ocrx_word' id='word_1_133' title='bbox 806 1597 904 1635; x_wconf 83' lang='lat' dir='ltr'><strong>vinci</strong></span> <span class='ocrx_word' id='word_1_134' title='bbox 916 1598 1055 1636; x_wconf 70' lang='lat' dir='ltr'><strong>Vib‘loris</strong></span> <span class='ocrx_word' id='word_1_135' title='bbox 1071 1599 1200 1649; x_wconf 84' lang='lat' dir='ltr'><strong>placidi</strong></span> <span class='ocrx_word' id='word_1_136' title='bbox 1209 1598 1297 1646; x_wconf 83' lang='lat' dir='ltr'><strong>fecit</strong></span> 
     </span>
     <span class='ocr_line' id='line_1_21' title="bbox 256 1646 1298 1697; baseline 0.006 -15"><span class='ocrx_word' id='word_1_137' title='bbox 256 1646 435 1684; x_wconf 83' lang='lat' dir='ltr'><strong>clementia</strong></span> <span class='ocrx_word' id='word_1_138' title='bbox 458 1649 589 1685; x_wconf 82' lang='lat' dir='ltr'><strong>multis.</strong></span> <span class='ocrx_word' id='word_1_139' title='bbox 610 1650 622 1697; x_wconf 87' lang='lat'>]</span> <span class='ocrx_word' id='word_1_140' title='bbox 662 1648 773 1686; x_wconf 76' lang='lat' dir='ltr'><strong>Forte</strong></span> <span class='ocrx_word' id='word_1_141' title='bbox 805 1649 879 1686; x_wconf 88' lang='lat' dir='ltr'><strong>hoc</strong></span> <span class='ocrx_word' id='word_1_142' title='bbox 897 1661 942 1686; x_wconf 83' lang='lat' dir='ltr'><strong>ex</strong></span> <span class='ocrx_word' id='word_1_143' title='bbox 964 1650 1123 1688; x_wconf 85' lang='lat' dir='ltr'><strong>Caesaris</strong></span> <span class='ocrx_word' id='word_1_144' title='bbox 1145 1651 1298 1688; x_wconf 67' lang='lat' dir='ltr'><strong>victoria</strong></span> 
     </span>
     <span class='ocr_line' id='line_1_22' title="bbox 256 1697 1296 1750; baseline 0.005 -16"><span class='ocrx_word' id='word_1_145' title='bbox 256 1697 395 1735; x_wconf 67' lang='lat' dir='ltr'><strong>dictum</strong></span> <span class='ocrx_word' id='word_1_146' title='bbox 417 1698 487 1736; x_wconf 85' lang='lat' dir='ltr'><strong>esle</strong></span> <span class='ocrx_word' id='word_1_147' title='bbox 511 1727 521 1742; x_wconf 95' lang='lat'>,</span> <span class='ocrx_word' id='word_1_148' title='bbox 549 1699 714 1748; x_wconf 84' lang='lat' dir='ltr'><strong>suspicari</strong></span> <span class='ocrx_word' id='word_1_149' title='bbox 731 1700 826 1737; x_wconf 88' lang='lat' dir='ltr'><strong>licet.</strong></span> <span class='ocrx_word' id='word_1_150' title='bbox 853 1701 891 1737; x_wconf 90' lang='lat' dir='ltr'><strong>in</strong></span> <span class='ocrx_word' id='word_1_151' title='bbox 913 1712 985 1749; x_wconf 86' lang='lat' dir='ltr'><strong>qua</strong></span> <span class='ocrx_word' id='word_1_152' title='bbox 1004 1703 1156 1750; x_wconf 87' lang='lat' dir='ltr'><strong>quidem</strong></span> <span class='ocrx_word' id='word_1_153' title='bbox 1177 1701 1296 1739; x_wconf 66' lang='lat' dir='ltr'><strong>vieto-</strong></span> 
     </span>
     <span class='ocr_line' id='line_1_23' title="bbox 252 1748 1297 1801; baseline 0.005 -17"><span class='ocrx_word' id='word_1_154' title='bbox 252 1748 302 1785; x_wconf 87' lang='lat' dir='ltr'><strong>ria</strong></span> <span class='ocrx_word' id='word_1_155' title='bbox 323 1749 381 1785; x_wconf 89' lang='lat' dir='ltr'><strong>iile</strong></span> <span class='ocrx_word' id='word_1_156' title='bbox 403 1750 450 1787; x_wconf 83' lang='lat' dir='ltr'><strong>ita</strong></span> <span class='ocrx_word' id='word_1_157' title='bbox 473 1750 708 1788; x_wconf 82' lang='lat' dir='ltr'><strong>moderatum</strong></span> <span class='ocrx_word' id='word_1_158' title='bbox 741 1751 1042 1798; x_wconf 76' lang='lat' dir='ltr'><strong>clementemque</strong></span> <span class='ocrx_word' id='word_1_159' title='bbox 1061 1752 1096 1789; x_wconf 90' lang='lat' dir='ltr'><strong>se</strong></span> <span class='ocrx_word' id='word_1_160' title='bbox 1116 1753 1297 1801; x_wconf 85' lang='lat' dir='ltr'><strong>praebuit,</strong></span> 
     </span>
     <span class='ocr_line' id='line_1_24' title="bbox 252 1797 1298 1850; baseline 0.007 -16"><span class='ocrx_word' id='word_1_161' title='bbox 252 1806 294 1835; x_wconf 82' lang='lat' dir='ltr'><strong>ut</strong></span> <span class='ocrx_word' id='word_1_162' title='bbox 316 1797 335 1834; x_wconf 71' lang='lat'><strong>{1</strong></span> <span class='ocrx_word' id='word_1_163' title='bbox 361 1801 563 1843; x_wconf 85' lang='lat' dir='ltr'><strong>Cicerone,</strong></span> <span class='ocrx_word' id='word_1_164' title='bbox 590 1803 653 1850; x_wconf 89' lang='lat' dir='ltr'><strong>qui</strong></span> <span class='ocrx_word' id='word_1_165' title='bbox 675 1810 754 1838; x_wconf 88' lang='lat' dir='ltr'><strong>turn</strong></span> <span class='ocrx_word' id='word_1_166' title='bbox 778 1802 811 1837; x_wconf 89' lang='lat' dir='ltr'><strong>ei</strong></span> <span class='ocrx_word' id='word_1_167' title='bbox 832 1802 1002 1839; x_wconf 87' lang='lat' dir='ltr'><strong>inimicus</strong></span> <span class='ocrx_word' id='word_1_168' title='bbox 1022 1811 1097 1840; x_wconf 84' lang='lat' dir='ltr'><strong>erat</strong></span> <span class='ocrx_word' id='word_1_169' title='bbox 1113 1832 1123 1847; x_wconf 90' lang='lat'><em>,</em></span> <span class='ocrx_word' id='word_1_170' title='bbox 1146 1803 1298 1841; x_wconf 85' lang='lat' dir='ltr'><strong>summis</strong></span> 
     </span>
     <span class='ocr_line' id='line_1_25' title="bbox 251 1848 1300 1900; baseline 0.006 -14"><span class='ocrx_word' id='word_1_171' title='bbox 251 1848 415 1887; x_wconf 77' lang='lat' dir='ltr'><strong>laudibus</strong></span> <span class='ocrx_word' id='word_1_172' title='bbox 438 1862 484 1887; x_wconf 94' lang='lat' dir='ltr'><strong>eo</strong></span> <span class='ocrx_word' id='word_1_173' title='bbox 505 1853 659 1888; x_wconf 90' lang='lat' dir='ltr'><strong>nomine</strong></span> <span class='ocrx_word' id='word_1_174' title='bbox 679 1851 832 1888; x_wconf 77' lang='lat' dir='ltr'><strong>sublatus</strong></span> <span class='ocrx_word' id='word_1_175' title='bbox 858 1850 909 1888; x_wconf 90' lang='lat' dir='ltr'><strong>fit.</strong></span> <span class='ocrx_word' id='word_1_176' title='bbox 966 1854 1050 1900; x_wconf 86' lang='lat' dir='ltr'><strong>Qua</strong></span> <span class='ocrx_word' id='word_1_177' title='bbox 1072 1853 1117 1891; x_wconf 90' lang='lat' dir='ltr'><strong>de</strong></span> <span class='ocrx_word' id='word_1_178' title='bbox 1138 1865 1176 1891; x_wconf 91' lang='lat' dir='ltr'><strong>re</strong></span> <span class='ocrx_word' id='word_1_179' title='bbox 1188 1854 1300 1891; x_wconf 84' lang='lat' dir='ltr'><strong>exstat</strong></span> 
     </span>
     <span class='ocr_line' id='line_1_26' title="bbox 254 1901 1301 1953; baseline 0.008 -17"><span class='ocrx_word' id='word_1_180' title='bbox 254 1901 375 1937; x_wconf 85' lang='lat' dir='ltr'><strong>orario</strong></span> <span class='ocrx_word' id='word_1_181' title='bbox 400 1912 464 1949; x_wconf 88' lang='lat' dir='ltr'><strong>pro</strong></span> <span class='ocrx_word' id='word_1_182' title='bbox 487 1902 542 1937; x_wconf 89' lang='lat' dir='ltr'><strong>M.</strong></span> <span class='ocrx_word' id='word_1_183' title='bbox 565 1901 769 1943; x_wconf 83' lang='lat' dir='ltr'><strong>Marcello;</strong></span> <span class='ocrx_word' id='word_1_184' title='bbox 799 1911 908 1948; x_wconf 86' lang='lat' dir='ltr'><strong>atque</strong></span> <span class='ocrx_word' id='word_1_185' title='bbox 940 1903 1035 1951; x_wconf 87' lang='lat' dir='ltr'><strong>apud</strong></span> <span class='ocrx_word' id='word_1_186' title='bbox 1063 1905 1180 1953; x_wconf 91' lang='lat' dir='ltr'><strong>ipsum</strong></span> <span class='ocrx_word' id='word_1_187' title='bbox 1205 1905 1301 1943; x_wconf 92' lang='lat' dir='ltr'><strong>Tul-</strong></span> 
     </span>
     <span class='ocr_line' id='line_1_27' title="bbox 252 1947 957 2000; baseline 0.004 -14"><span class='ocrx_word' id='word_1_188' title='bbox 252 1947 347 1987; x_wconf 86' lang='lat' dir='ltr'><strong>lium</strong></span> <span class='ocrx_word' id='word_1_189' title='bbox 371 1952 632 2000; x_wconf 83' lang='lat' dir='ltr'><strong>quamplurimi</strong></span> <span class='ocrx_word' id='word_1_190' title='bbox 654 1952 711 1989; x_wconf 86' lang='lat' dir='ltr'><strong>alii</strong></span> <span class='ocrx_word' id='word_1_191' title='bbox 730 1952 814 1989; x_wconf 89' lang='lat' dir='ltr'><strong>loci.</strong></span> <span class='ocrx_word' id='word_1_192' title='bbox 846 1953 957 1990; x_wconf 73' lang='lat' dir='ltr'><strong>Cror.</strong></span> 
     </span>
    </p>
   </div>
   <div class='ocr_carea' id='block_1_4' title="bbox 310 2001 1311 2057">
    <p class='ocr_par' dir='ltr' id='par_1_6' title="bbox 310 2001 1311 2057">
     <span class='ocr_line' id='line_1_28' title="bbox 310 2001 1311 2057; baseline 0.008 -21"><span class='ocrx_word' id='word_1_193' title='bbox 310 2001 368 2049; x_wconf 75' lang='lat'><strong>58.</strong></span> <span class='ocrx_word' id='word_1_194' title='bbox 398 2001 505 2048; x_wconf 83' lang='lat' dir='ltr'><strong>Justa</strong></span> <span class='ocrx_word' id='word_1_195' title='bbox 515 2003 603 2050; x_wconf 81' lang='lat' dir='ltr'><strong>gerit</strong></span> <span class='ocrx_word' id='word_1_196' title='bbox 625 2001 752 2052; x_wconf 63' lang='lat' dir='ltr'><strong>bellas]</strong></span> <span class='ocrx_word' id='word_1_197' title='bbox 783 2003 973 2050; x_wconf 87' lang='lat' dir='ltr'><strong>Superius:</strong></span> <span class='ocrx_word' id='word_1_198' title='bbox 1002 2006 1311 2057; x_wconf 81' lang='lat' dir='ltr'><strong>Androgeiquene-</strong></span> 
     </span>
    </p>
   </div>
   <div class='ocr_carea' id='block_1_5' title="bbox 255 2051 1307 3009">
    <p class='ocr_par' dir='ltr' id='par_1_7' title="bbox 255 2051 1307 2551">
     <span class='ocr_line' id='line_1_29' title="bbox 259 2051 1305 2101; baseline 0.011 -15"><span class='ocrx_word' id='word_1_199' title='bbox 259 2063 328 2087; x_wconf 85' lang='lat' dir='ltr'><strong>cem</strong></span> <span class='ocrx_word' id='word_1_200' title='bbox 342 2051 445 2100; x_wconf 84' lang='lat' dir='ltr'><strong>justis</strong></span> <span class='ocrx_word' id='word_1_201' title='bbox 468 2052 646 2101; x_wconf 74' lang='lat' dir='ltr'><strong>ulciscitur</strong></span> <span class='ocrx_word' id='word_1_202' title='bbox 665 2053 786 2090; x_wconf 81' lang='lat' dir='ltr'><strong>armis.</strong></span> <span class='ocrx_word' id='word_1_203' title='bbox 814 2055 982 2092; x_wconf 75' lang='lat' dir='ltr'><strong>CloFAN.</strong></span> <span class='ocrx_word' id='word_1_204' title='bbox 1013 2057 1055 2094; x_wconf 92' lang='lat' dir='ltr'><strong>In</strong></span> <span class='ocrx_word' id='word_1_205' title='bbox 1078 2057 1305 2096; x_wconf 85' lang='lat' dir='ltr'><strong>Lovanienfi</strong></span> 
     </span>
     <span class='ocr_line' id='line_1_30' title="bbox 260 2102 1305 2157; baseline 0.01 -20"><span class='ocrx_word' id='word_1_206' title='bbox 260 2109 358 2145; x_wconf 83' lang='lat' dir='ltr'><strong>erat,</strong></span> <span class='ocrx_word' id='word_1_207' title='bbox 378 2102 485 2147; x_wconf 89' lang='lat' dir='ltr'><strong>facit.</strong></span> <span class='ocrx_word' id='word_1_208' title='bbox 503 2103 685 2151; x_wconf 83' lang='lat' dir='ltr'><strong>eleganter</strong></span> <span class='ocrx_word' id='word_1_209' title='bbox 707 2105 940 2149; x_wconf 86' lang='lat' dir='ltr'><strong>mehercule,</strong></span> <span class='ocrx_word' id='word_1_210' title='bbox 968 2106 1013 2144; x_wconf 91' lang='lat' dir='ltr'><strong>de</strong></span> <span class='ocrx_word' id='word_1_211' title='bbox 1035 2119 1103 2151; x_wconf 91' lang='lat' dir='ltr'><strong>eo,</strong></span> <span class='ocrx_word' id='word_1_212' title='bbox 1133 2109 1194 2157; x_wconf 93' lang='lat' dir='ltr'><strong>qui</strong></span> <span class='ocrx_word' id='word_1_213' title='bbox 1209 2109 1305 2147; x_wconf 90' lang='lat' dir='ltr'><strong>ultro</strong></span> 
     </span>
     <span class='ocr_line' id='line_1_31' title="bbox 258 2151 1306 2206; baseline 0.009 -18"><span class='ocrx_word' id='word_1_214' title='bbox 258 2151 369 2190; x_wconf 88' lang='lat' dir='ltr'><strong>infert</strong></span> <span class='ocrx_word' id='word_1_215' title='bbox 391 2153 528 2190; x_wconf 87' lang='lat' dir='ltr'><strong>bellurn</strong></span> <span class='ocrx_word' id='word_1_216' title='bbox 542 2182 553 2198; x_wconf 91' lang='lat'>‚</span> <span class='ocrx_word' id='word_1_217' title='bbox 580 2166 665 2192; x_wconf 90' lang='lat' dir='ltr'><strong>cum</strong></span> <span class='ocrx_word' id='word_1_218' title='bbox 683 2165 782 2203; x_wconf 79' lang='lat' dir='ltr'><strong>gerat</strong></span> <span class='ocrx_word' id='word_1_219' title='bbox 801 2156 1004 2206; x_wconf 84' lang='lat' dir='ltr'><strong>etiam,qui</strong></span> <span class='ocrx_word' id='word_1_220' title='bbox 1025 2159 1177 2206; x_wconf 86' lang='lat' dir='ltr'><strong>repellit.</strong></span> <span class='ocrx_word' id='word_1_221' title='bbox 1210 2159 1306 2197; x_wconf 89' lang='lat' dir='ltr'><strong>Flor.</strong></span> 
     </span>
     <span class='ocr_line' id='line_1_32' title="bbox 255 2204 1305 2257; baseline 0.007 -18"><span class='ocrx_word' id='word_1_222' title='bbox 255 2214 321 2239; x_wconf 70' lang='grc' dir='ltr'><strong>ιιι.</strong></span> <span class='ocrx_word' id='word_1_223' title='bbox 345 2215 377 2248; x_wconf 92' lang='lat'><strong>7.</strong></span> <span class='ocrx_word' id='word_1_224' title='bbox 406 2204 583 2241; x_wconf 85' lang='lat' dir='ltr'><strong>Creticum</strong></span> <span class='ocrx_word' id='word_1_225' title='bbox 615 2204 742 2242; x_wconf 86' lang='lat' dir='ltr'><strong>bellum</strong></span> <span class='ocrx_word' id='word_1_226' title='bbox 764 2233 774 2250; x_wconf 90' lang='lat'>,</span> <span class='ocrx_word' id='word_1_227' title='bbox 800 2205 836 2254; x_wconf 85' lang='lat' dir='ltr'><em>fi</em></span> <span class='ocrx_word' id='word_1_228' title='bbox 860 2220 946 2243; x_wconf 82' lang='lat' dir='ltr'><strong>vera</strong></span> <span class='ocrx_word' id='word_1_229' title='bbox 967 2207 1130 2245; x_wconf 86' lang='lat' dir='ltr'><strong>volumus</strong></span> <span class='ocrx_word' id='word_1_230' title='bbox 1153 2209 1305 2257; x_wconf 77' lang='lat' dir='ltr'><strong>noscere,</strong></span> 
     </span>
     <span class='ocr_line' id='line_1_33' title="bbox 259 2253 1307 2308; baseline 0.009 -20"><span class='ocrx_word' id='word_1_231' title='bbox 259 2266 317 2289; x_wconf 88' lang='lat' dir='ltr'><strong>nos</strong></span> <span class='ocrx_word' id='word_1_232' title='bbox 343 2253 502 2300; x_wconf 83' lang='lat' dir='ltr'><strong>fecimus.</strong></span> <span class='ocrx_word' id='word_1_233' title='bbox 555 2255 642 2303; x_wconf 75' lang='lat' dir='ltr'><strong>Just.</strong></span> <span class='ocrx_word' id='word_1_234' title='bbox 669 2268 732 2294; x_wconf 88' lang='lat'><strong>111.</strong></span> <span class='ocrx_word' id='word_1_235' title='bbox 762 2257 803 2294; x_wconf 87' lang='grc'><strong>’6.</strong></span> <span class='ocrx_word' id='word_1_236' title='bbox 858 2258 1116 2307; x_wconf 83' lang='lat' dir='ltr'><strong>Peloponnenses</strong></span> <span class='ocrx_word' id='word_1_237' title='bbox 1156 2259 1307 2308; x_wconf 46' lang='lat' dir='ltr'><strong>immisce</strong></span> 
     </span>
     <span class='ocr_line' id='line_1_34' title="bbox 258 2304 1303 2356; baseline 0.011 -18"><span class='ocrx_word' id='word_1_238' title='bbox 258 2317 316 2346; x_wconf 86' lang='lat' dir='ltr'><strong>re,</strong></span> <span class='ocrx_word' id='word_1_239' title='bbox 345 2305 404 2353; x_wconf 78' lang='lat' dir='ltr'><strong>qui</strong></span> <span class='ocrx_word' id='word_1_240' title='bbox 422 2304 548 2342; x_wconf 76' lang='lat' dir='ltr'><strong>bellum</strong></span> <span class='ocrx_word' id='word_1_241' title='bbox 579 2305 847 2356; x_wconf 72' lang='lat' dir='ltr'><strong>Atheniensibus</strong></span> <span class='ocrx_word' id='word_1_242' title='bbox 876 2309 1013 2347; x_wconf 71' lang='lat' dir='ltr'><strong>faceret.</strong></span> <span class='ocrx_word' id='word_1_243' title='bbox 1040 2321 1110 2347; x_wconf 85' lang='lat' dir='ltr'><strong>nec</strong></span> <span class='ocrx_word' id='word_1_244' title='bbox 1138 2309 1303 2349; x_wconf 85' lang='lat' dir='ltr'><strong>dubitare</strong></span> 
     </span>
     <span class='ocr_line' id='line_1_35' title="bbox 260 2353 1307 2405; baseline 0.01 -16"><span class='ocrx_word' id='word_1_245' title='bbox 260 2353 411 2392; x_wconf 70' lang='lat' dir='ltr'><strong>debebat</strong></span> <span class='ocrx_word' id='word_1_246' title='bbox 436 2356 622 2400; x_wconf 88' lang='lat' dir='ltr'><strong>Vorstius,</strong></span> <span class='ocrx_word' id='word_1_247' title='bbox 650 2369 694 2395; x_wconf 86' lang='lat' dir='ltr'><strong>an</strong></span> <span class='ocrx_word' id='word_1_248' title='bbox 714 2358 761 2395; x_wconf 84' lang='lat' dir='ltr'><strong>ita</strong></span> <span class='ocrx_word' id='word_1_249' title='bbox 794 2358 889 2405; x_wconf 86' lang='lat' dir='ltr'><strong>apud</strong></span> <span class='ocrx_word' id='word_1_250' title='bbox 919 2359 1042 2397; x_wconf 87' lang='lat' dir='ltr'><strong>Valer.</strong></span> <span class='ocrx_word' id='word_1_251' title='bbox 1068 2361 1226 2398; x_wconf 83' lang='lat' dir='ltr'><strong>Maxim.</strong></span> <span class='ocrx_word' id='word_1_252' title='bbox 1244 2362 1307 2399; x_wconf 89' lang='lat' dir='ltr'><strong>lib.</strong></span> 
     </span>
     <span class='ocr_line' id='line_1_36' title="bbox 259 2407 1306 2459; baseline 0.01 -21"><span class='ocrx_word' id='word_1_253' title='bbox 259 2414 296 2439; x_wconf 77' lang='lat' dir='ltr'><strong>v.</strong></span> <span class='ocrx_word' id='word_1_254' title='bbox 314 2415 390 2452; x_wconf 77' lang='lat' dir='ltr'><strong>cap.</strong></span> <span class='ocrx_word' id='word_1_255' title='bbox 409 2418 459 2442; x_wconf 87' lang='lat' dir='ltr'><strong>1v.</strong></span> <span class='ocrx_word' id='word_1_256' title='bbox 482 2408 515 2448; x_wconf 82' lang='lat'><strong>§.</strong></span> <span class='ocrx_word' id='word_1_257' title='bbox 537 2419 569 2456; x_wconf 77' lang='lat'><strong>3.</strong></span> <span class='ocrx_word' id='word_1_258' title='bbox 597 2407 639 2445; x_wconf 84' lang='lat' dir='ltr'><strong>fit</strong></span> <span class='ocrx_word' id='word_1_259' title='bbox 665 2408 932 2447; x_wconf 81' lang='lat' dir='ltr'><strong>rescribendum</strong></span> <span class='ocrx_word' id='word_1_260' title='bbox 949 2438 959 2454; x_wconf 96' lang='lat'>‚</span> <span class='ocrx_word' id='word_1_261' title='bbox 975 2411 1137 2447; x_wconf 85' lang='lat' dir='ltr'><strong>maxime</strong></span> <span class='ocrx_word' id='word_1_262' title='bbox 1158 2411 1235 2459; x_wconf 89' lang='lat' dir='ltr'><strong>post</strong></span> <span class='ocrx_word' id='word_1_263' title='bbox 1249 2424 1306 2457; x_wconf 92' lang='lat' dir='ltr'><strong>ea,</strong></span> 
     </span>
     <span class='ocr_line' id='line_1_37' title="bbox 261 2455 1304 2500; baseline 0.012 -12"><span class='ocrx_word' id='word_1_264' title='bbox 261 2464 355 2500; x_wconf 79' lang='lat' dir='ltr'><strong>quae</strong></span> <span class='ocrx_word' id='word_1_265' title='bbox 377 2455 617 2495; x_wconf 77' lang='lat' dir='ltr'><strong>adnotaverat</strong></span> <span class='ocrx_word' id='word_1_266' title='bbox 640 2460 694 2496; x_wconf 91' lang='lat' dir='ltr'><strong>vir</strong></span> <span class='ocrx_word' id='word_1_267' title='bbox 711 2459 877 2497; x_wconf 80' lang='lat' dir='ltr'><strong>summus</strong></span> <span class='ocrx_word' id='word_1_268' title='bbox 898 2461 1117 2499; x_wconf 87' lang='lat' dir='ltr'><strong>Gronovius</strong></span> <span class='ocrx_word' id='word_1_269' title='bbox 1136 2460 1181 2499; x_wconf 89' lang='lat' dir='ltr'><strong>ad</strong></span> <span class='ocrx_word' id='word_1_270' title='bbox 1203 2462 1304 2500; x_wconf 91' lang='lat' dir='ltr'><strong>Livii</strong></span> 
     </span>
     <span class='ocr_line' id='line_1_38' title="bbox 262 2502 1283 2551; baseline 0.018 -12"><span class='ocrx_word' id='word_1_271' title='bbox 262 2502 324 2539; x_wconf 81' lang='lat' dir='ltr'><strong>lib.</strong></span> <span class='ocrx_word' id='word_1_272' title='bbox 347 2517 447 2542; x_wconf 68' lang='grc' dir='ltr'><strong>χχχι.</strong></span> <span class='ocrx_word' id='word_1_273' title='bbox 477 2507 530 2543; x_wconf 78' lang='lat'><strong>18.</strong></span> <span class='ocrx_word' id='word_1_274' title='bbox 584 2509 798 2548; x_wconf 76' lang='lat' dir='ltr'><strong>BURMANN.</strong></span> <span class='ocrx_word' id='word_1_275' title='bbox 1275 2544 1283 2551; x_wconf 85' lang='lat'><em>·</em></span> 
     </span>
    </p>

    <p class='ocr_par' dir='ltr' id='par_1_8' title="bbox 262 2558 1307 3009">
     <span class='ocr_line' id='line_1_39' title="bbox 318 2558 1307 2615; baseline 0.013 -27"><span class='ocrx_word' id='word_1_276' title='bbox 318 2566 373 2599; x_wconf 74' lang='lat'><strong>59.</strong></span> <span class='ocrx_word' id='word_1_277' title='bbox 402 2560 445 2590; x_wconf 84' lang='lat' dir='ltr'><strong>Et</strong></span> <span class='ocrx_word' id='word_1_278' title='bbox 464 2558 640 2607; x_wconf 72' lang='lat' dir='ltr'><strong>cauffiique</strong></span> <span class='ocrx_word' id='word_1_279' title='bbox 662 2561 795 2611; x_wconf 60' lang='lat' dir='ltr'><strong>valen]</strong></span> <span class='ocrx_word' id='word_1_280' title='bbox 836 2562 1034 2608; x_wconf 86' lang='lat' dir='ltr'><strong>Emendo,</strong></span> <span class='ocrx_word' id='word_1_281' title='bbox 1062 2562 1100 2599; x_wconf 88' lang='lat' dir='ltr'><strong>in</strong></span> <span class='ocrx_word' id='word_1_282' title='bbox 1129 2565 1307 2615; x_wconf 82' lang='lat' dir='ltr'><strong>cauffaque</strong></span> 
     </span>
     <span class='ocr_line' id='line_1_40' title="bbox 262 2603 1304 2663; baseline 0.015 -26"><span class='ocrx_word' id='word_1_283' title='bbox 262 2603 372 2658; x_wconf 63' lang='lat' dir='ltr'><strong>valet.</strong></span> <span class='ocrx_word' id='word_1_284' title='bbox 399 2605 518 2659; x_wconf 50' lang='lat' dir='ltr'><strong>Cous.</strong></span> <span class='ocrx_word' id='word_1_285' title='bbox 542 2608 707 2646; x_wconf 56' lang='lat' dir='ltr'><strong>Fffirxs.</strong></span> <span class='ocrx_word' id='word_1_286' title='bbox 760 2612 802 2648; x_wconf 84' lang='lat' dir='ltr'><strong>In</strong></span> <span class='ocrx_word' id='word_1_287' title='bbox 818 2612 966 2650; x_wconf 81' lang='lat' dir='ltr'><strong>Caelest.</strong></span> <span class='ocrx_word' id='word_1_288' title='bbox 989 2614 1092 2651; x_wconf 80' lang='lat' dir='ltr'><strong>Statii</strong></span> <span class='ocrx_word' id='word_1_289' title='bbox 1108 2642 1117 2656; x_wconf 79' lang='grc'>,</span> <span class='ocrx_word' id='word_1_290' title='bbox 1149 2615 1304 2663; x_wconf 84' lang='lat' dir='ltr'><strong>Capran.</strong></span> 
     </span>
     <span class='ocr_line' id='line_1_41' title="bbox 266 2652 1305 2713; baseline 0.014 -25"><span class='ocrx_word' id='word_1_291' title='bbox 266 2652 418 2691; x_wconf 80' lang='lat' dir='ltr'><strong>Brianni</strong></span> <span class='ocrx_word' id='word_1_292' title='bbox 433 2684 441 2697; x_wconf 92' lang='lat'>,</span> <span class='ocrx_word' id='word_1_293' title='bbox 470 2659 507 2693; x_wconf 69' lang='grc' dir='ltr'><strong>ὃ(</strong></span> <span class='ocrx_word' id='word_1_294' title='bbox 530 2670 605 2694; x_wconf 90' lang='lat' dir='ltr'><strong>uno</strong></span> <span class='ocrx_word' id='word_1_295' title='bbox 625 2659 744 2696; x_wconf 80' lang='lat' dir='ltr'><strong>Vatic.</strong></span> <span class='ocrx_word' id='word_1_296' title='bbox 776 2668 816 2697; x_wconf 79' lang='lat' dir='ltr'><strong>ln</strong></span> <span class='ocrx_word' id='word_1_297' title='bbox 832 2665 1008 2713; x_wconf 78' lang='lat' dir='ltr'><strong>cauffaque</strong></span> <span class='ocrx_word' id='word_1_298' title='bbox 1026 2665 1134 2701; x_wconf 81' lang='lat' dir='ltr'><strong>valet.</strong></span> <span class='ocrx_word' id='word_1_299' title='bbox 1164 2665 1205 2702; x_wconf 93' lang='lat' dir='ltr'><strong>In</strong></span> <span class='ocrx_word' id='word_1_300' title='bbox 1229 2678 1305 2703; x_wconf 89' lang='lat' dir='ltr'><strong>uno</strong></span> 
     </span>
     <span class='ocr_line' id='line_1_42' title="bbox 266 2707 1306 2757; baseline 0.017 -21"><span class='ocrx_word' id='word_1_301' title='bbox 266 2714 376 2745; x_wconf 85' lang='lat' dir='ltr'><strong>meo,</strong></span> <span class='ocrx_word' id='word_1_302' title='bbox 406 2709 523 2752; x_wconf 81' lang='lat' dir='ltr'><em>Atque</em></span> <span class='ocrx_word' id='word_1_303' title='bbox 540 2707 636 2742; x_wconf 82' lang='lat' dir='ltr'><strong>valet</strong></span> <span class='ocrx_word' id='word_1_304' title='bbox 666 2710 785 2756; x_wconf 73' lang='lat' dir='ltr'><strong>caussa.</strong></span> <span class='ocrx_word' id='word_1_305' title='bbox 817 2713 854 2748; x_wconf 86' lang='lat' dir='ltr'><strong>ln</strong></span> <span class='ocrx_word' id='word_1_306' title='bbox 875 2714 988 2751; x_wconf 87' lang='lat' dir='ltr'><strong>altero</strong></span> <span class='ocrx_word' id='word_1_307' title='bbox 1011 2715 1100 2752; x_wconf 81' lang='lat' dir='ltr'><strong>vero</strong></span> <span class='ocrx_word' id='word_1_308' title='bbox 1119 2744 1128 2757; x_wconf 82' lang='grc'>,</span> <span class='ocrx_word' id='word_1_309' title='bbox 1142 2716 1306 2754; x_wconf 86' lang='lat' dir='ltr'><strong>&amp;altero</strong></span> 
     </span>
     <span class='ocr_line' id='line_1_43' title="bbox 269 2754 1306 2814; baseline 0.016 -25"><span class='ocrx_word' id='word_1_310' title='bbox 269 2754 420 2791; x_wconf 84' lang='lat' dir='ltr'><strong>Caelest.</strong></span> <span class='ocrx_word' id='word_1_311' title='bbox 451 2761 491 2791; x_wconf 73' lang='lat' dir='ltr'><strong>In</strong></span> <span class='ocrx_word' id='word_1_312' title='bbox 516 2760 717 2806; x_wconf 66' lang='lat' dir='ltr'><strong>causamque</strong></span> <span class='ocrx_word' id='word_1_313' title='bbox 740 2761 845 2796; x_wconf 81' lang='lat' dir='ltr'><strong>valet.</strong></span> <span class='ocrx_word' id='word_1_314' title='bbox 873 2762 1021 2801; x_wconf 82' lang='lat' dir='ltr'><strong>Utravis</strong></span> <span class='ocrx_word' id='word_1_315' title='bbox 1042 2766 1154 2804; x_wconf 66' lang='lat' dir='ltr'><strong>lectio</strong></span> <span class='ocrx_word' id='word_1_316' title='bbox 1174 2766 1306 2814; x_wconf 85' lang='lat' dir='ltr'><strong>absque</strong></span> 
     </span>
     <span class='ocr_line' id='line_1_44' title="bbox 266 2803 1306 2859; baseline 0.013 -18"><span class='ocrx_word' id='word_1_317' title='bbox 266 2803 496 2842; x_wconf 74' lang='lat' dir='ltr'><strong>dubitatione</strong></span> <span class='ocrx_word' id='word_1_318' title='bbox 529 2807 694 2854; x_wconf 75' lang='lat' dir='ltr'><strong>vulgatae</strong></span> <span class='ocrx_word' id='word_1_319' title='bbox 726 2811 896 2855; x_wconf 84' lang='lat' dir='ltr'><strong>praeferri</strong></span> <span class='ocrx_word' id='word_1_320' title='bbox 926 2814 1051 2859; x_wconf 85' lang='lat' dir='ltr'><strong>potest.</strong></span> <span class='ocrx_word' id='word_1_321' title='bbox 1092 2817 1306 2855; x_wconf 47' lang='lat' dir='ltr'><strong>(Iros-Anus.</strong></span> 
     </span>
     <span class='ocr_line' id='line_1_45' title="bbox 265 2855 1306 2909; baseline 0.013 -18"><span class='ocrx_word' id='word_1_322' title='bbox 265 2855 381 2893; x_wconf 85' lang='lat' dir='ltr'><strong>Multi</strong></span> <span class='ocrx_word' id='word_1_323' title='bbox 402 2864 564 2893; x_wconf 88' lang='lat' dir='ltr'><strong>veterum</strong></span> <span class='ocrx_word' id='word_1_324' title='bbox 581 2884 590 2899; x_wconf 92' lang='lat'>‚</span> <span class='ocrx_word' id='word_1_325' title='bbox 635 2864 671 2892; x_wconf 84' lang='lat' dir='ltr'><strong>ln</strong></span> <span class='ocrx_word' id='word_1_326' title='bbox 692 2860 865 2909; x_wconf 77' lang='lat' dir='ltr'><strong>causaque.</strong></span> <span class='ocrx_word' id='word_1_327' title='bbox 903 2862 1111 2902; x_wconf 83' lang='lat' dir='ltr'><strong>Columella</strong></span> <span class='ocrx_word' id='word_1_328' title='bbox 1139 2866 1196 2902; x_wconf 81' lang='lat' dir='ltr'><strong>lib.</strong></span> <span class='ocrx_word' id='word_1_329' title='bbox 1226 2880 1306 2905; x_wconf 87' lang='lat'><strong>111.</strong></span> 
     </span>
     <span class='ocr_line' id='line_1_46' title="bbox 268 2906 1307 2956; baseline 0.01 -15"><span class='ocrx_word' id='word_1_330' title='bbox 268 2916 302 2941; x_wconf 84' lang='lat' dir='ltr'><strong>c.</strong></span> <span class='ocrx_word' id='word_1_331' title='bbox 326 2917 381 2942; x_wconf 81' lang='lat'><strong>11.</strong></span> <span class='ocrx_word' id='word_1_332' title='bbox 421 2906 506 2942; x_wconf 80' lang='lat' dir='ltr'><strong>Vitis</strong></span> <span class='ocrx_word' id='word_1_333' title='bbox 533 2906 690 2953; x_wconf 71' lang='lat' dir='ltr'><strong>eligitur,</strong></span> <span class='ocrx_word' id='word_1_334' title='bbox 706 2922 792 2956; x_wconf 77' lang='lat' dir='ltr'><strong>quae</strong></span> <span class='ocrx_word' id='word_1_335' title='bbox 822 2922 864 2948; x_wconf 71' lang='lat'><strong>(7⁶</strong></span> <span class='ocrx_word' id='word_1_336' title='bbox 891 2910 927 2946; x_wconf 80' lang='lat' dir='ltr'><strong>in</strong></span> <span class='ocrx_word' id='word_1_337' title='bbox 947 2914 1069 2954; x_wconf 63' lang='lat' dir='ltr'><strong>srucl&#39;u</strong></span> <span class='ocrx_word' id='word_1_338' title='bbox 1092 2914 1189 2950; x_wconf 78' lang='lat' dir='ltr'><strong>valet</strong></span> <span class='ocrx_word' id='word_1_339' title='bbox 1207 2928 1251 2955; x_wconf 65' lang='grc' dir='ltr'><strong>(ς’</strong></span> <span class='ocrx_word' id='word_1_340' title='bbox 1267 2918 1307 2953; x_wconf 83' lang='lat' dir='ltr'><strong>in</strong></span> 
     </span>
     <span class='ocr_line' id='line_1_47' title="bbox 267 2956 1108 3009; baseline 0.007 -18"><span class='ocrx_word' id='word_1_341' title='bbox 267 2956 428 2992; x_wconf 82' lang='lat' dir='ltr'><strong>materia.</strong></span> <span class='ocrx_word' id='word_1_342' title='bbox 457 2957 494 2994; x_wconf 69' lang='grc' dir='ltr'><strong>ὃς</strong></span> <span class='ocrx_word' id='word_1_343' title='bbox 513 2957 551 2993; x_wconf 85' lang='lat' dir='ltr'><strong>in</strong></span> <span class='ocrx_word' id='word_1_344' title='bbox 566 2958 620 2994; x_wconf 85' lang='lat' dir='ltr'><strong>ira</strong></span> <span class='ocrx_word' id='word_1_345' title='bbox 650 2958 766 2993; x_wconf 82' lang='lat' dir='ltr'><strong>valere</strong></span> <span class='ocrx_word' id='word_1_346' title='bbox 795 2959 924 2996; x_wconf 84' lang='lat' dir='ltr'><strong>Gratio</strong></span> <span class='ocrx_word' id='word_1_347' title='bbox 947 2961 1005 3002; x_wconf 49' lang='grc' dir='ltr'><strong>ᾡς.</strong></span> <span class='ocrx_word' id='word_1_348' title='bbox 1026 2975 1108 3009; x_wconf 74' lang='lat'><strong>454.</strong></span> 
     </span>
    </p>
   </div>
   <div class='ocr_carea' id='block_1_6' title="bbox 320 3023 1257 3078">
    <p class='ocr_par' dir='ltr' id='par_1_9' title="bbox 320 3023 1257 3078">
     <span class='ocr_line' id='line_1_48' title="bbox 320 3023 1257 3078; baseline 0.011 -20"><span class='ocrx_word' id='word_1_349' title='bbox 320 3023 424 3060; x_wconf 78' lang='lat' dir='ltr'><strong>Illum</strong></span> <span class='ocrx_word' id='word_1_350' title='bbox 446 3034 527 3071; x_wconf 82' lang='lat' dir='ltr'><strong>agat</strong></span> <span class='ocrx_word' id='word_1_351' title='bbox 548 3023 714 3070; x_wconf 82' lang='lat' dir='ltr'><strong>infandae</strong></span> <span class='ocrx_word' id='word_1_352' title='bbox 733 3039 836 3061; x_wconf 86' lang='lat' dir='ltr'><strong>comes</strong></span> <span class='ocrx_word' id='word_1_353' title='bbox 857 3025 937 3062; x_wconf 81' lang='lat' dir='ltr'><strong>huic</strong></span> <span class='ocrx_word' id='word_1_354' title='bbox 954 3029 1102 3065; x_wconf 75' lang='lat' dir='ltr'><strong>audacia</strong></span> <span class='ocrx_word' id='word_1_355' title='bbox 1116 3031 1257 3078; x_wconf 60' lang='lat' dir='ltr'><strong>culpae?</strong></span> 
     </span>
    </p>
   </div>
   <div class='ocr_carea' id='block_1_7' title="bbox 318 3074 1171 3175">
    <p class='ocr_par' dir='ltr' id='par_1_10' title="bbox 318 3074 1171 3175">
     <span class='ocr_line' id='line_1_49' title="bbox 318 3074 1171 3124; baseline 0.009 -15"><span class='ocrx_word' id='word_1_356' title='bbox 318 3074 436 3122; x_wconf 86' lang='lat' dir='ltr'><strong>Discet</strong></span> <span class='ocrx_word' id='word_1_357' title='bbox 456 3075 623 3122; x_wconf 81' lang='lat' dir='ltr'><strong>commiffa</strong></span> <span class='ocrx_word' id='word_1_358' title='bbox 646 3087 819 3124; x_wconf 75' lang='lat' dir='ltr'><strong>quantum</strong></span> <span class='ocrx_word' id='word_1_359' title='bbox 843 3082 935 3113; x_wconf 81' lang='lat' dir='ltr'><strong>Deus</strong></span> <span class='ocrx_word' id='word_1_360' title='bbox 954 3078 1045 3114; x_wconf 84' lang='lat' dir='ltr'><strong>ultor</strong></span> <span class='ocrx_word' id='word_1_361' title='bbox 1064 3080 1171 3117; x_wconf 83' lang='lat' dir='ltr'><strong>inira</strong></span> 
     </span>
     <span class='ocr_line' id='line_1_50' title="bbox 321 3124 712 3175; baseline 0.005 -14"><span class='ocrx_word' id='word_1_362' title='bbox 321 3130 409 3161; x_wconf 77' lang='lat' dir='ltr'><strong>Pone</strong></span> <span class='ocrx_word' id='word_1_363' title='bbox 421 3124 566 3175; x_wconf 76' lang='lat' dir='ltr'><strong>sequens</strong></span> <span class='ocrx_word' id='word_1_364' title='bbox 582 3125 712 3163; x_wconf 84' lang='lat' dir='ltr'><strong>valeat.</strong></span> 
     </span>
    </p>
   </div>
   <div class='ocr_carea' id='block_1_8' title="bbox 262 3203 1306 3362">
    <p class='ocr_par' dir='ltr' id='par_1_11' title="bbox 262 3203 1306 3362">
     <span class='ocr_line' id='line_1_51' title="bbox 268 3203 1304 3254; baseline 0.005 -13"><span class='ocrx_word' id='word_1_365' title='bbox 268 3203 416 3241; x_wconf 83' lang='lat' dir='ltr'><strong>Deinde</strong></span> <span class='ocrx_word' id='word_1_366' title='bbox 434 3216 499 3251; x_wconf 81' lang='lat' dir='ltr'><strong>pro</strong></span> <span class='ocrx_word' id='word_1_367' title='bbox 519 3204 722 3254; x_wconf 79' lang='lat' dir='ltr'><strong>causamque</strong></span> <span class='ocrx_word' id='word_1_368' title='bbox 740 3204 915 3242; x_wconf 77' lang='lat' dir='ltr'><strong>tuentibus</strong></span> <span class='ocrx_word' id='word_1_369' title='bbox 938 3208 1067 3253; x_wconf 81' lang='lat' dir='ltr'><strong>armis,</strong></span> <span class='ocrx_word' id='word_1_370' title='bbox 1096 3209 1256 3248; x_wconf 81' lang='lat' dir='ltr'><strong>Florent.</strong></span> <span class='ocrx_word' id='word_1_371' title='bbox 1272 3210 1304 3247; x_wconf 91' lang='lat' dir='ltr'><strong>S.</strong></span> 
     </span>
     <span class='ocr_line' id='line_1_52' title="bbox 269 3255 1306 3308; baseline 0.01 -19"><span class='ocrx_word' id='word_1_372' title='bbox 269 3255 409 3297; x_wconf 76' lang='lat' dir='ltr'><strong>Marci,</strong></span> <span class='ocrx_word' id='word_1_373' title='bbox 442 3255 611 3304; x_wconf 63' lang='lat' dir='ltr'><strong>Rernegg.</strong></span> <span class='ocrx_word' id='word_1_374' title='bbox 640 3255 809 3294; x_wconf 87' lang='lat' dir='ltr'><strong>Cantabr.</strong></span> <span class='ocrx_word' id='word_1_375' title='bbox 828 3257 892 3294; x_wconf 78' lang='lat' dir='ltr'><strong>sec,</strong></span> <span class='ocrx_word' id='word_1_376' title='bbox 920 3259 1056 3296; x_wconf 75' lang='lat' dir='ltr'><strong>Medic.</strong></span> <span class='ocrx_word' id='word_1_377' title='bbox 1082 3260 1232 3308; x_wconf 85' lang='lat' dir='ltr'><strong>Spirens.</strong></span> <span class='ocrx_word' id='word_1_378' title='bbox 1265 3275 1306 3299; x_wconf 91' lang='lat' dir='ltr'><strong>u-</strong></span> 
     </span>
     <span class='ocr_line' id='line_1_53' title="bbox 262 3304 1303 3362; baseline 0.012 -23"><span class='ocrx_word' id='word_1_379' title='bbox 262 3310 396 3353; x_wconf 77' lang='lat' dir='ltr'><strong>terque</strong></span> <span class='ocrx_word' id='word_1_380' title='bbox 427 3304 559 3344; x_wconf 78' lang='lat' dir='ltr'><strong>Erfurt.</strong></span> <span class='ocrx_word' id='word_1_381' title='bbox 590 3307 697 3356; x_wconf 83' lang='lat' dir='ltr'><strong>prim.</strong></span> <span class='ocrx_word' id='word_1_382' title='bbox 729 3307 934 3358; x_wconf 82' lang='lat' dir='ltr'><strong>Hamburg.</strong></span> <span class='ocrx_word' id='word_1_383' title='bbox 962 3311 999 3349; x_wconf 67' lang='grc' dir='ltr'><strong>ὃς</strong></span> <span class='ocrx_word' id='word_1_384' title='bbox 1028 3311 1193 3362; x_wconf 84' lang='lat' dir='ltr'><strong>quinque</strong></span> <span class='ocrx_word' id='word_1_385' title='bbox 1221 3312 1303 3358; x_wconf 84' lang='lat' dir='ltr'><strong>alii,</strong></span> 
     </span>
    </p>
   </div>
   <div class='ocr_carea' id='block_1_9' title="bbox 2191 1155 2393 1216">
    <p class='ocr_par' dir='ltr' id='par_1_12' title="bbox 2191 1155 2393 1216">
     <span class='ocr_line' id='line_1_54' title="bbox 2191 1155 2393 1216; baseline 0.005 -1"><span class='ocrx_word' id='word_1_386' title='bbox 2191 1155 2393 1216; x_wconf 75' lang='lat' dir='ltr'><strong>Verum</strong></span> 
     </span>
    </p>
   </div>
   <div class='ocr_carea' id='block_1_10' title="bbox 1353 1288 2398 1648">
    <p class='ocr_par' dir='ltr' id='par_1_13' title="bbox 1353 1288 2395 1446">
     <span class='ocr_line' id='line_1_55' title="bbox 1353 1288 2393 1345; baseline -0.007 -13"><span class='ocrx_word' id='word_1_387' title='bbox 1353 1292 1558 1332; x_wconf 79' lang='lat' dir='ltr'><strong>tenentibus.</strong></span> <span class='ocrx_word' id='word_1_388' title='bbox 1586 1291 1690 1344; x_wconf 90' lang='lat' dir='ltr'><strong>quod</strong></span> <span class='ocrx_word' id='word_1_389' title='bbox 1715 1302 1846 1331; x_wconf 83' lang='lat' dir='ltr'><strong>verum</strong></span> <span class='ocrx_word' id='word_1_390' title='bbox 1877 1298 1993 1342; x_wconf 89' lang='lat' dir='ltr'><strong>puto,</strong></span> <span class='ocrx_word' id='word_1_391' title='bbox 2018 1291 2095 1329; x_wconf 86' lang='lat' dir='ltr'><strong>hoc</strong></span> <span class='ocrx_word' id='word_1_392' title='bbox 2127 1288 2199 1345; x_wconf 43' lang='lat' dir='ltr'><strong>est!</strong></span> <span class='ocrx_word' id='word_1_393' title='bbox 2222 1298 2286 1336; x_wconf 88' lang='lat' dir='ltr'><strong>per</strong></span> <span class='ocrx_word' id='word_1_394' title='bbox 2303 1298 2393 1337; x_wconf 82' lang='lat' dir='ltr'><strong>quae</strong></span> 
     </span>
     <span class='ocr_line' id='line_1_56' title="bbox 1355 1339 2395 1393; baseline -0.005 -10"><span class='ocrx_word' id='word_1_395' title='bbox 1355 1346 1457 1383; x_wconf 85' lang='lat' dir='ltr'><strong>causa</strong></span> <span class='ocrx_word' id='word_1_396' title='bbox 1476 1353 1635 1385; x_wconf 85' lang='lat' dir='ltr'><strong>tenetur.</strong></span> <span class='ocrx_word' id='word_1_397' title='bbox 1690 1343 1866 1382; x_wconf 86' lang='lat' dir='ltr'><strong>Formula</strong></span> <span class='ocrx_word' id='word_1_398' title='bbox 1892 1344 1996 1393; x_wconf 87' lang='lat' dir='ltr'><strong>juris.</strong></span> <span class='ocrx_word' id='word_1_399' title='bbox 2023 1340 2156 1380; x_wconf 85' lang='lat' dir='ltr'><strong>Noster</strong></span> <span class='ocrx_word' id='word_1_400' title='bbox 2177 1339 2270 1378; x_wconf 80' lang='lat' dir='ltr'><strong>libro</strong></span> <span class='ocrx_word' id='word_1_401' title='bbox 2289 1349 2395 1378; x_wconf 80' lang='lat' dir='ltr'><strong>xm.</strong></span> 
     </span>
     <span class='ocr_line' id='line_1_57' title="bbox 1358 1409 1440 1446; baseline -0.012 -11"><span class='ocrx_word' id='word_1_402' title='bbox 1358 1409 1440 1446; x_wconf 90' lang='lat'><strong>190.</strong></span> 
     </span>
    </p>

    <p class='ocr_par' dir='ltr' id='par_1_14' title="bbox 1353 1444 2398 1648">
     <span class='ocr_line' id='line_1_58' title="bbox 1407 1444 2358 1500; baseline -0.007 -16"><span class='ocrx_word' id='word_1_403' title='bbox 1407 1445 1593 1495; x_wconf 86' lang='lat' dir='ltr'><strong>Difficilem</strong></span> <span class='ocrx_word' id='word_1_404' title='bbox 1616 1445 1713 1484; x_wconf 82' lang='lat' dir='ltr'><strong>tenui</strong></span> <span class='ocrx_word' id='word_1_405' title='bbox 1724 1445 1792 1495; x_wconf 81' lang='lat' dir='ltr'><strong>sub</strong></span> <span class='ocrx_word' id='word_1_406' title='bbox 1811 1445 1931 1495; x_wconf 80' lang='lat' dir='ltr'><strong>iniquo</strong></span> <span class='ocrx_word' id='word_1_407' title='bbox 1944 1444 2062 1500; x_wconf 75' lang='lat' dir='ltr'><strong>judice</strong></span> <span class='ocrx_word' id='word_1_408' title='bbox 2091 1445 2244 1491; x_wconf 76' lang='lat' dir='ltr'><strong>causam.</strong></span> <span class='ocrx_word' id='word_1_409' title='bbox 2273 1489 2280 1497; x_wconf 47' lang='lat'><strong>·</strong></span> <span class='ocrx_word' id='word_1_410' title='bbox 2350 1488 2358 1497; x_wconf 49' lang='grc'><em>·</em></span> 
     </span>
     <span class='ocr_line' id='line_1_59' title="bbox 1357 1488 2398 1548; baseline -0.007 -13"><span class='ocrx_word' id='word_1_411' title='bbox 1357 1498 1471 1536; x_wconf 87' lang='lat' dir='ltr'><strong>Paulo</strong></span> <span class='ocrx_word' id='word_1_412' title='bbox 1495 1506 1580 1536; x_wconf 87' lang='lat' dir='ltr'><strong>ante</strong></span> <span class='ocrx_word' id='word_1_413' title='bbox 1602 1498 1739 1546; x_wconf 88' lang='lat' dir='ltr'><strong>primus</strong></span> <span class='ocrx_word' id='word_1_414' title='bbox 1759 1498 1882 1534; x_wconf 85' lang='lat' dir='ltr'><strong>Vatic-</strong></span> <span class='ocrx_word' id='word_1_415' title='bbox 1912 1508 2077 1545; x_wconf 69' lang='lat' dir='ltr'><strong>quamvis</strong></span> <span class='ocrx_word' id='word_1_416' title='bbox 2090 1504 2209 1531; x_wconf 85' lang='lat' dir='ltr'><strong>tamen</strong></span> <span class='ocrx_word' id='word_1_417' title='bbox 2226 1488 2398 1548; x_wconf 64' lang='lat' dir='ltr'><strong>unlepm-</strong></span> 
     </span>
     <span class='ocr_line' id='line_1_60' title="bbox 1359 1540 2398 1600; baseline -0.009 -14"><span class='ocrx_word' id='word_1_418' title='bbox 1359 1549 1413 1594; x_wconf 84' lang='lat' dir='ltr'><strong>ci,</strong></span> <span class='ocrx_word' id='word_1_419' title='bbox 1440 1560 1508 1597; x_wconf 91' lang='lat' dir='ltr'><strong>pro</strong></span> <span class='ocrx_word' id='word_1_420' title='bbox 1527 1548 1696 1600; x_wconf 84' lang='lat' dir='ltr'><strong>quamvis</strong></span> <span class='ocrx_word' id='word_1_421' title='bbox 1706 1548 1814 1598; x_wconf 84' lang='lat' dir='ltr'><strong>saepe.</strong></span> <span class='ocrx_word' id='word_1_422' title='bbox 1841 1547 2053 1584; x_wconf 67' lang='lat' dir='ltr'><strong>Heinsius.</strong></span> <span class='ocrx_word' id='word_1_423' title='bbox 2093 1543 2209 1582; x_wconf 81' lang='lat' dir='ltr'><strong>Valere</strong></span> <span class='ocrx_word' id='word_1_424' title='bbox 2227 1556 2266 1580; x_wconf 85' lang='lat' dir='ltr'><strong>m</strong></span> <span class='ocrx_word' id='word_1_425' title='bbox 2287 1540 2398 1578; x_wconf 64' lang='lat' dir='ltr'><strong>decen-</strong></span> 
     </span>
     <span class='ocr_line' id='line_1_61' title="bbox 1353 1594 2397 1648; baseline -0.006 -13"><span class='ocrx_word' id='word_1_426' title='bbox 1353 1599 1395 1636; x_wconf 86' lang='lat' dir='ltr'><strong>do</strong></span> <span class='ocrx_word' id='word_1_427' title='bbox 1416 1599 1510 1637; x_wconf 85' lang='lat' dir='ltr'><strong>dixit</strong></span> <span class='ocrx_word' id='word_1_428' title='bbox 1537 1599 1721 1648; x_wconf 66' lang='lat' dir='ltr'><strong>Quinctil.</strong></span> <span class='ocrx_word' id='word_1_429' title='bbox 1752 1612 1802 1637; x_wconf 87' lang='lat'><strong>11.</strong></span> <span class='ocrx_word' id='word_1_430' title='bbox 1835 1598 1919 1635; x_wconf 92' lang='lat' dir='ltr'><strong>Inst.</strong></span> <span class='ocrx_word' id='word_1_431' title='bbox 1948 1609 2003 1644; x_wconf 87' lang='lat'><strong>¹7·</strong></span> <span class='ocrx_word' id='word_1_432' title='bbox 2030 1596 2089 1634; x_wconf 90' lang='lat' dir='ltr'><strong>ubi</strong></span> <span class='ocrx_word' id='word_1_433' title='bbox 2115 1594 2197 1633; x_wconf 90' lang='lat' dir='ltr'><strong>vide</strong></span> <span class='ocrx_word' id='word_1_434' title='bbox 2218 1605 2312 1643; x_wconf 84' lang='lat' dir='ltr'><strong>quae</strong></span> <span class='ocrx_word' id='word_1_435' title='bbox 2331 1603 2397 1630; x_wconf 91' lang='lat' dir='ltr'><strong>no-</strong></span> 
     </span>
    </p>
   </div>
   <div class='ocr_carea' id='block_1_11' title="bbox 1353 1644 2473 1699">
    <p class='ocr_par' dir='ltr' id='par_1_15' title="bbox 1353 1644 2473 1699">
     <span class='ocr_line' id='line_1_62' title="bbox 1353 1644 2473 1699; baseline -0.007 -12"><span class='ocrx_word' id='word_1_436' title='bbox 1353 1651 1525 1688; x_wconf 83' lang='lat' dir='ltr'><strong>ravimus.</strong></span> <span class='ocrx_word' id='word_1_437' title='bbox 1537 1651 1574 1687; x_wconf 87' lang='lat' dir='ltr'><strong>in</strong></span> <span class='ocrx_word' id='word_1_438' title='bbox 1587 1649 1736 1699; x_wconf 84' lang='lat' dir='ltr'><strong>cauffam</strong></span> <span class='ocrx_word' id='word_1_439' title='bbox 1749 1651 1860 1687; x_wconf 88' lang='lat' dir='ltr'><strong>etiarn</strong></span> <span class='ocrx_word' id='word_1_440' title='bbox 1872 1648 2018 1686; x_wconf 89' lang='lat' dir='ltr'><strong>defendi</strong></span> <span class='ocrx_word' id='word_1_441' title='bbox 2034 1644 2150 1696; x_wconf 81' lang='lat' dir='ltr'><strong>pofi&#39;et</strong></span> <span class='ocrx_word' id='word_1_442' title='bbox 2161 1658 2205 1683; x_wconf 89' lang='lat' dir='ltr'><strong>ex</strong></span> <span class='ocrx_word' id='word_1_443' title='bbox 2214 1644 2294 1687; x_wconf 81' lang='lat' dir='ltr'><strong>illis,</strong></span> <span class='ocrx_word' id='word_1_444' title='bbox 2307 1653 2400 1692; x_wconf 86' lang='lat' dir='ltr'><strong>quae</strong></span> <span class='ocrx_word' id='word_1_445' title='bbox 2470 1675 2473 1686; x_wconf 72' lang='grc'>,</span> 
     </span>
    </p>
   </div>
   <div class='ocr_carea' id='block_1_12' title="bbox 1354 1693 2456 2712">
    <p class='ocr_par' dir='ltr' id='par_1_16' title="bbox 1354 1693 2414 2056">
     <span class='ocr_line' id='line_1_63' title="bbox 1354 1693 2403 1745; baseline -0.009 -7"><span class='ocrx_word' id='word_1_446' title='bbox 1354 1700 1514 1739; x_wconf 85' lang='lat' dir='ltr'><strong>diximus</strong></span> <span class='ocrx_word' id='word_1_447' title='bbox 1535 1701 1580 1738; x_wconf 88' lang='lat' dir='ltr'><strong>ad</strong></span> <span class='ocrx_word' id='word_1_448' title='bbox 1597 1701 1659 1738; x_wconf 88' lang='lat' dir='ltr'><strong>lib.</strong></span> <span class='ocrx_word' id='word_1_449' title='bbox 1695 1713 1724 1738; x_wconf 85' lang='lat'><strong>1.</strong></span> <span class='ocrx_word' id='word_1_450' title='bbox 1747 1699 1881 1738; x_wconf 89' lang='lat' dir='ltr'><strong>Amor.</strong></span> <span class='ocrx_word' id='word_1_451' title='bbox 1907 1711 1977 1737; x_wconf 82' lang='lat' dir='ltr'><strong>vri.</strong></span> <span class='ocrx_word' id='word_1_452' title='bbox 2010 1699 2069 1735; x_wconf 84' lang='lat'><strong>26.</strong></span> <span class='ocrx_word' id='word_1_453' title='bbox 2105 1706 2164 1745; x_wconf 83' lang='lat' dir='ltr'><strong>per</strong></span> <span class='ocrx_word' id='word_1_454' title='bbox 2190 1693 2403 1743; x_wconf 85' lang='lat' dir='ltr'><strong>cauffamque</strong></span> 
     </span>
     <span class='ocr_line' id='line_1_64' title="bbox 1355 1743 2414 1801; baseline -0.007 -12"><span class='ocrx_word' id='word_1_455' title='bbox 1355 1752 1465 1789; x_wconf 89' lang='lat' dir='ltr'><strong>etiam</strong></span> <span class='ocrx_word' id='word_1_456' title='bbox 1477 1751 1645 1790; x_wconf 86' lang='lat' dir='ltr'><strong>Vatican.</strong></span> <span class='ocrx_word' id='word_1_457' title='bbox 1657 1752 1695 1789; x_wconf 77' lang='grc' dir='ltr'><strong>ὅ(</strong></span> <span class='ocrx_word' id='word_1_458' title='bbox 1719 1751 1795 1789; x_wconf 90' lang='lat' dir='ltr'><strong>duo</strong></span> <span class='ocrx_word' id='word_1_459' title='bbox 1816 1751 1887 1788; x_wconf 88' lang='lat' dir='ltr'><strong>alii.</strong></span> <span class='ocrx_word' id='word_1_460' title='bbox 1900 1750 2030 1798; x_wconf 85' lang='lat' dir='ltr'><strong>reliqui</strong></span> <span class='ocrx_word' id='word_1_461' title='bbox 2043 1748 2188 1786; x_wconf 85' lang='lat' dir='ltr'><strong>codices</strong></span> <span class='ocrx_word' id='word_1_462' title='bbox 2200 1743 2414 1801; x_wconf 82' lang='lat' dir='ltr'><strong>admodum</strong></span> 
     </span>
     <span class='ocr_line' id='line_1_65' title="bbox 1355 1793 2399 1851; baseline -0.011 -11"><span class='ocrx_word' id='word_1_463' title='bbox 1355 1802 1566 1851; x_wconf 85' lang='lat' dir='ltr'><strong>discrepant.</strong></span> <span class='ocrx_word' id='word_1_464' title='bbox 1593 1813 1637 1842; x_wconf 70' lang='lat' dir='ltr'><strong>v·</strong></span> <span class='ocrx_word' id='word_1_465' title='bbox 1647 1803 1717 1851; x_wconf 83' lang='lat' dir='ltr'><strong>sua</strong></span> <span class='ocrx_word' id='word_1_466' title='bbox 1736 1801 1847 1851; x_wconf 81' lang='lat' dir='ltr'><strong>caussa</strong></span> <span class='ocrx_word' id='word_1_467' title='bbox 1861 1800 1957 1838; x_wconf 85' lang='lat' dir='ltr'><strong>valet</strong></span> <span class='ocrx_word' id='word_1_468' title='bbox 1973 1801 2179 1849; x_wconf 60' lang='lat' dir='ltr'><strong>septem&amp;</strong></span> <span class='ocrx_word' id='word_1_469' title='bbox 2195 1808 2277 1846; x_wconf 80' lang='lat' dir='ltr'><strong>quta</strong></span> <span class='ocrx_word' id='word_1_470' title='bbox 2291 1793 2399 1843; x_wconf 72' lang='lat' dir='ltr'><strong>caussa</strong></span> 
     </span>
     <span class='ocr_line' id='line_1_66' title="bbox 1357 1845 2402 1902; baseline -0.009 -12"><span class='ocrx_word' id='word_1_471' title='bbox 1357 1853 1444 1891; x_wconf 93' lang='lat' dir='ltr'><strong>duo.</strong></span> <span class='ocrx_word' id='word_1_472' title='bbox 1477 1863 1521 1893; x_wconf 62' lang='grc' dir='ltr'><strong>(φ’</strong></span> <span class='ocrx_word' id='word_1_473' title='bbox 1549 1852 1649 1889; x_wconf 79' lang='lat' dir='ltr'><strong>valet</strong></span> <span class='ocrx_word' id='word_1_474' title='bbox 1676 1853 1714 1889; x_wconf 87' lang='lat' dir='ltr'><strong>in</strong></span> <span class='ocrx_word' id='word_1_475' title='bbox 1735 1859 1837 1901; x_wconf 79' lang='lat' dir='ltr'><strong>causa</strong></span> <span class='ocrx_word' id='word_1_476' title='bbox 1858 1854 2006 1901; x_wconf 79' lang='lat' dir='ltr'><strong>Regius.</strong></span> <span class='ocrx_word' id='word_1_477' title='bbox 2034 1850 2115 1886; x_wconf 84' lang='lat' dir='ltr'><strong>hinc</strong></span> <span class='ocrx_word' id='word_1_478' title='bbox 2142 1860 2275 1901; x_wconf 74' lang='lat' dir='ltr'><strong>quoque</strong></span> <span class='ocrx_word' id='word_1_479' title='bbox 2297 1845 2402 1902; x_wconf 68' lang='lat' dir='ltr'><strong>cauffiz</strong></span> 
     </span>
     <span class='ocr_line' id='line_1_67' title="bbox 1355 1898 2400 1952; baseline -0.007 -11"><span class='ocrx_word' id='word_1_480' title='bbox 1355 1904 1502 1952; x_wconf 86' lang='lat' dir='ltr'><strong>Junian.</strong></span> <span class='ocrx_word' id='word_1_481' title='bbox 1548 1903 1613 1940; x_wconf 88' lang='lat' dir='ltr'><strong>Hic</strong></span> <span class='ocrx_word' id='word_1_482' title='bbox 1646 1906 1813 1952; x_wconf 82' lang='lat' dir='ltr'><strong>causaque</strong></span> <span class='ocrx_word' id='word_1_483' title='bbox 1844 1903 1945 1939; x_wconf 82' lang='lat' dir='ltr'><strong>alius.</strong></span> <span class='ocrx_word' id='word_1_484' title='bbox 1987 1901 2148 1950; x_wconf 85' lang='lat' dir='ltr'><strong>justaque</strong></span> <span class='ocrx_word' id='word_1_485' title='bbox 2175 1898 2287 1945; x_wconf 84' lang='lat' dir='ltr'><strong>cauſja</strong></span> <span class='ocrx_word' id='word_1_486' title='bbox 2310 1904 2400 1952; x_wconf 29' lang='lat' dir='ltr'><strong>*item</strong></span> 
     </span>
     <span class='ocr_line' id='line_1_68' title="bbox 1365 1947 2405 2004; baseline -0.006 -12"><span class='ocrx_word' id='word_1_487' title='bbox 1365 1955 1465 1992; x_wconf 89' lang='lat' dir='ltr'><strong>alius.</strong></span> <span class='ocrx_word' id='word_1_488' title='bbox 1501 1954 1653 2004; x_wconf 85' lang='lat' dir='ltr'><strong>quidam</strong></span> <span class='ocrx_word' id='word_1_489' title='bbox 1669 1955 1781 1992; x_wconf 87' lang='lat' dir='ltr'><strong>etiam</strong></span> <span class='ocrx_word' id='word_1_490' title='bbox 1805 1953 1969 1990; x_wconf 88' lang='lat' dir='ltr'><strong>Ciofano</strong></span> <span class='ocrx_word' id='word_1_491' title='bbox 1990 1960 2212 1988; x_wconf 78' lang='lat' dir='ltr'><strong>memoratas</strong></span> <span class='ocrx_word' id='word_1_492' title='bbox 2233 1947 2405 1986; x_wconf 65' lang='lat' dir='ltr'><strong>lectiones</strong></span> 
     </span>
     <span class='ocr_line' id='line_1_69' title="bbox 1366 2004 2373 2056; baseline -0.005 -14"><span class='ocrx_word' id='word_1_493' title='bbox 1366 2005 1550 2043; x_wconf 85' lang='lat' dir='ltr'><strong>exhibent.</strong></span> <span class='ocrx_word' id='word_1_494' title='bbox 1579 2004 1709 2042; x_wconf 70' lang='lat' dir='ltr'><strong>Bunm.</strong></span> <span class='ocrx_word' id='word_1_495' title='bbox 2365 2048 2373 2056; x_wconf 38' lang='lat'>⁸</span> 
     </span>
    </p>

    <p class='ocr_par' dir='ltr' id='par_1_17' title="bbox 1362 2048 2456 2297">
     <span class='ocr_line' id='line_1_70' title="bbox 1412 2048 2401 2106; baseline -0.006 -14"><span class='ocrx_word' id='word_1_496' title='bbox 1412 2056 1473 2093; x_wconf 91' lang='lat'><strong>60.</strong></span> <span class='ocrx_word' id='word_1_497' title='bbox 1500 2055 1575 2105; x_wconf 57' lang='lat' dir='ltr'><strong>§Qui</strong></span> <span class='ocrx_word' id='word_1_498' title='bbox 1584 2054 1618 2104; x_wconf 83' lang='lat' dir='ltr'><em>fi</em></span> <span class='ocrx_word' id='word_1_499' title='bbox 1635 2065 1755 2092; x_wconf 87' lang='lat' dir='ltr'><strong>manet</strong></span> <span class='ocrx_word' id='word_1_500' title='bbox 1774 2054 1888 2092; x_wconf 82' lang='lat' dir='ltr'><strong>exitus</strong></span> <span class='ocrx_word' id='word_1_501' title='bbox 1899 2051 2053 2102; x_wconf 74' lang='lat' dir='ltr'><strong>orbem]</strong></span> <span class='ocrx_word' id='word_1_502' title='bbox 2085 2051 2128 2089; x_wconf 92' lang='lat' dir='ltr'><strong>In</strong></span> <span class='ocrx_word' id='word_1_503' title='bbox 2148 2048 2291 2089; x_wconf 88' lang='lat' dir='ltr'><strong>duobus</strong></span> <span class='ocrx_word' id='word_1_504' title='bbox 2302 2059 2401 2106; x_wconf 74' lang='lat' dir='ltr'><strong>mels,</strong></span> 
     </span>
     <span class='ocr_line' id='line_1_71' title="bbox 1363 2103 2406 2157; baseline -0.009 -13"><span class='ocrx_word' id='word_1_505' title='bbox 1363 2107 1519 2155; x_wconf 85' lang='lat' dir='ltr'><strong>Capran.</strong></span> <span class='ocrx_word' id='word_1_506' title='bbox 1557 2105 1675 2144; x_wconf 88' lang='lat' dir='ltr'><strong>Brian.</strong></span> <span class='ocrx_word' id='word_1_507' title='bbox 1705 2106 1744 2143; x_wconf 69' lang='grc' dir='ltr'><strong>ὃ(</strong></span> <span class='ocrx_word' id='word_1_508' title='bbox 1765 2107 1886 2143; x_wconf 87' lang='lat' dir='ltr'><strong>Vatic.</strong></span> <span class='ocrx_word' id='word_1_509' title='bbox 1915 2104 2005 2153; x_wconf 67' lang='lat' dir='ltr'><strong>Qis</strong></span> <span class='ocrx_word' id='word_1_510' title='bbox 2030 2103 2123 2140; x_wconf 82' lang='lat' dir='ltr'><strong>enim</strong></span> <span class='ocrx_word' id='word_1_511' title='bbox 2149 2110 2269 2139; x_wconf 84' lang='lat' dir='ltr'><strong>manet</strong></span> <span class='ocrx_word' id='word_1_512' title='bbox 2300 2109 2406 2157; x_wconf 52' lang='lat' dir='ltr'><strong>exitus</strong></span> 
     </span>
     <span class='ocr_line' id='line_1_72' title="bbox 1362 2149 2456 2213; baseline -0.006 -19"><span class='ocrx_word' id='word_1_513' title='bbox 1362 2157 1509 2195; x_wconf 75' lang='lat' dir='ltr'><strong>urbem?</strong></span> <span class='ocrx_word' id='word_1_514' title='bbox 1538 2169 1623 2195; x_wconf 90' lang='lat' dir='ltr'><strong>cum</strong></span> <span class='ocrx_word' id='word_1_515' title='bbox 1648 2156 1944 2205; x_wconf 86' lang='lat' dir='ltr'><strong>interrogationis</strong></span> <span class='ocrx_word' id='word_1_516' title='bbox 1976 2162 2077 2192; x_wconf 87' lang='lat' dir='ltr'><strong>nota.</strong></span> <span class='ocrx_word' id='word_1_517' title='bbox 2132 2154 2241 2200; x_wconf 90' lang='lat' dir='ltr'><strong>Quae</strong></span> <span class='ocrx_word' id='word_1_518' title='bbox 2272 2149 2402 2195; x_wconf 61' lang='lat' dir='ltr'><strong>lectio.</strong></span> <span class='ocrx_word' id='word_1_519' title='bbox 2454 2202 2456 2213; x_wconf 25' lang='grc' dir='ltr'><em>γ</em></span> 
     </span>
     <span class='ocr_line' id='line_1_73' title="bbox 1362 2200 2400 2256; baseline -0.005 -11"><span class='ocrx_word' id='word_1_520' title='bbox 1362 2217 1403 2245; x_wconf 92' lang='lat' dir='ltr'><strong>ut</strong></span> <span class='ocrx_word' id='word_1_521' title='bbox 1433 2208 1607 2247; x_wconf 89' lang='lat' dir='ltr'><strong>omnium</strong></span> <span class='ocrx_word' id='word_1_522' title='bbox 1642 2208 1809 2256; x_wconf 83' lang='lat' dir='ltr'><strong>optima,</strong></span> <span class='ocrx_word' id='word_1_523' title='bbox 1845 2206 1940 2244; x_wconf 87' lang='lat' dir='ltr'><strong>mihi</strong></span> <span class='ocrx_word' id='word_1_524' title='bbox 1968 2204 2074 2243; x_wconf 85' lang='lat' dir='ltr'><strong>valde</strong></span> <span class='ocrx_word' id='word_1_525' title='bbox 2096 2203 2280 2254; x_wconf 88' lang='lat' dir='ltr'><strong>probatur.</strong></span> <span class='ocrx_word' id='word_1_526' title='bbox 2307 2200 2400 2247; x_wconf 67' lang='lat' dir='ltr'>C10·‚</span> 
     </span>
     <span class='ocr_line' id='line_1_74' title="bbox 1364 2271 1500 2297; baseline 0 -1"><span class='ocrx_word' id='word_1_527' title='bbox 1364 2271 1500 2297; x_wconf 54' lang='lat' dir='ltr'><strong>fanu&amp;</strong></span> 
     </span>
    </p>

    <p class='ocr_par' dir='ltr' id='par_1_18' title="bbox 1362 2300 2398 2460">
     <span class='ocr_line' id='line_1_75' title="bbox 1414 2300 2398 2362; baseline -0.008 -15"><span class='ocrx_word' id='word_1_528' title='bbox 1414 2312 1473 2347; x_wconf 82' lang='lat'><strong>61.</strong></span> <span class='ocrx_word' id='word_1_529' title='bbox 1502 2315 1577 2347; x_wconf 86' lang='lat' dir='ltr'><strong>Cur</strong></span> <span class='ocrx_word' id='word_1_530' title='bbox 1592 2309 1677 2358; x_wconf 87' lang='lat' dir='ltr'><strong>suus</strong></span> <span class='ocrx_word' id='word_1_531' title='bbox 1700 2308 1782 2345; x_wconf 83' lang='lat' dir='ltr'><strong>haec</strong></span> <span class='ocrx_word' id='word_1_532' title='bbox 1797 2307 1852 2346; x_wconf 84' lang='lat' dir='ltr'><strong>illi</strong></span> <span class='ocrx_word' id='word_1_533' title='bbox 1863 2309 1981 2358; x_wconf 85' lang='lat' dir='ltr'><strong>reseret</strong></span> <span class='ocrx_word' id='word_1_534' title='bbox 1994 2319 2071 2344; x_wconf 89' lang='lat' dir='ltr'><strong>mea</strong></span> <span class='ocrx_word' id='word_1_535' title='bbox 2082 2304 2217 2362; x_wconf 60' lang='lat' dir='ltr'><strong>moeuia</strong></span> <span class='ocrx_word' id='word_1_536' title='bbox 2228 2300 2398 2352; x_wconf 62' lang='lat' dir='ltr'><strong>Mavors]</strong></span> 
     </span>
     <span class='ocr_line' id='line_1_76' title="bbox 1363 2355 2397 2409; baseline -0.005 -12"><span class='ocrx_word' id='word_1_537' title='bbox 1363 2360 1536 2409; x_wconf 81' lang='lat' dir='ltr'><strong>Reserabit</strong></span> <span class='ocrx_word' id='word_1_538' title='bbox 1561 2361 1663 2408; x_wconf 87' lang='lat' dir='ltr'><strong>prim.</strong></span> <span class='ocrx_word' id='word_1_539' title='bbox 1695 2361 1868 2398; x_wconf 87' lang='lat' dir='ltr'><strong>Gronov.</strong></span> <span class='ocrx_word' id='word_1_540' title='bbox 1886 2358 2030 2397; x_wconf 68' lang='lat' dir='ltr'><strong>rectius.</strong></span> <span class='ocrx_word' id='word_1_541' title='bbox 2083 2355 2217 2395; x_wconf 77' lang='lat' dir='ltr'><strong>Malim</strong></span> <span class='ocrx_word' id='word_1_542' title='bbox 2245 2364 2365 2393; x_wconf 88' lang='lat' dir='ltr'><strong>tamen</strong></span> <span class='ocrx_word' id='word_1_543' title='bbox 2384 2379 2397 2400; x_wconf 87' lang='lat'><strong>,</strong></span> 
     </span>
     <span class='ocr_line' id='line_1_77' title="bbox 1362 2412 1703 2460; baseline 0 -12"><span class='ocrx_word' id='word_1_544' title='bbox 1362 2412 1531 2460; x_wconf 86' lang='lat' dir='ltr'><strong>reserarit.</strong></span> <span class='ocrx_word' id='word_1_545' title='bbox 1558 2412 1703 2449; x_wconf 73' lang='lat' dir='ltr'><strong>Hmns.</strong></span> 
     </span>
    </p>

    <p class='ocr_par' dir='ltr' id='par_1_19' title="bbox 1360 2457 2443 2712">
     <span class='ocr_line' id='line_1_78' title="bbox 1413 2457 2397 2513; baseline -0.006 -15"><span class='ocrx_word' id='word_1_546' title='bbox 1413 2463 1471 2507; x_wconf 87' lang='lat'><strong>64.</strong></span> <span class='ocrx_word' id='word_1_547' title='bbox 1500 2468 1596 2498; x_wconf 79' lang='lat' dir='ltr'><strong>Nam</strong></span> <span class='ocrx_word' id='word_1_548' title='bbox 1616 2472 1729 2498; x_wconf 83' lang='lat' dir='ltr'><strong>metuo</strong></span> <span class='ocrx_word' id='word_1_549' title='bbox 1746 2460 1872 2511; x_wconf 53' lang='lat' dir='ltr'><strong>certe]</strong></span> <span class='ocrx_word' id='word_1_550' title='bbox 1920 2460 1961 2498; x_wconf 84' lang='lat' dir='ltr'><strong>ln</strong></span> <span class='ocrx_word' id='word_1_551' title='bbox 1988 2464 2066 2498; x_wconf 90' lang='lat' dir='ltr'><strong>uno</strong></span> <span class='ocrx_word' id='word_1_552' title='bbox 2086 2471 2197 2503; x_wconf 83' lang='lat' dir='ltr'><strong>meo,</strong></span> <span class='ocrx_word' id='word_1_553' title='bbox 2225 2457 2316 2513; x_wconf 74' lang='lat' dir='ltr'><strong>Jam</strong></span> <span class='ocrx_word' id='word_1_554' title='bbox 2334 2467 2397 2493; x_wconf 81' lang='lat' dir='ltr'><strong>me·</strong></span> 
     </span>
     <span class='ocr_line' id='line_1_79' title="bbox 1360 2508 2393 2564; baseline -0.006 -15"><span class='ocrx_word' id='word_1_555' title='bbox 1360 2522 1430 2549; x_wconf 82' lang='lat' dir='ltr'><strong>tuo.</strong></span> <span class='ocrx_word' id='word_1_556' title='bbox 1460 2512 1499 2549; x_wconf 87' lang='lat' dir='ltr'><strong>In</strong></span> <span class='ocrx_word' id='word_1_557' title='bbox 1525 2513 1644 2550; x_wconf 81' lang='lat' dir='ltr'><strong>Varie.</strong></span> <span class='ocrx_word' id='word_1_558' title='bbox 1674 2519 1729 2549; x_wconf 83' lang='lat' dir='ltr'><strong>Ha</strong></span> <span class='ocrx_word' id='word_1_559' title='bbox 1751 2523 1875 2549; x_wconf 84' lang='lat' dir='ltr'><strong>metuo.</strong></span> <span class='ocrx_word' id='word_1_560' title='bbox 1903 2511 2060 2555; x_wconf 67' lang='lat' dir='ltr'><strong>Lectio,</strong></span> <span class='ocrx_word' id='word_1_561' title='bbox 2088 2508 2240 2560; x_wconf 83' lang='lat' dir='ltr'><strong>quaeest</strong></span> <span class='ocrx_word' id='word_1_562' title='bbox 2252 2520 2287 2545; x_wconf 80' lang='lat' dir='ltr'><strong>in</strong></span> <span class='ocrx_word' id='word_1_563' title='bbox 2299 2517 2393 2564; x_wconf 71' lang='lat' dir='ltr'><strong>rneo,</strong></span> 
     </span>
     <span class='ocr_line' id='line_1_80' title="bbox 1361 2559 2443 2612; baseline -0.007 -11"><span class='ocrx_word' id='word_1_564' title='bbox 1361 2564 1476 2612; x_wconf 82' lang='lat' dir='ltr'><strong>magis</strong></span> <span class='ocrx_word' id='word_1_565' title='bbox 1497 2564 1669 2612; x_wconf 85' lang='lat' dir='ltr'><strong>probatur</strong></span> <span class='ocrx_word' id='word_1_566' title='bbox 1700 2564 1739 2600; x_wconf 88' lang='grc' dir='ltr'><strong>Ρ.</strong></span> <span class='ocrx_word' id='word_1_567' title='bbox 1760 2563 1933 2607; x_wconf 89' lang='lat' dir='ltr'><strong>Galefio,</strong></span> <span class='ocrx_word' id='word_1_568' title='bbox 1960 2563 1998 2599; x_wconf 72' lang='grc' dir='ltr'>ἃ</span> <span class='ocrx_word' id='word_1_569' title='bbox 2034 2563 2199 2610; x_wconf 86' lang='lat' dir='ltr'><strong>optimae</strong></span> <span class='ocrx_word' id='word_1_570' title='bbox 2236 2559 2307 2606; x_wconf 77' lang='lat' dir='ltr'><strong>spel</strong></span> <span class='ocrx_word' id='word_1_571' title='bbox 2331 2567 2395 2595; x_wconf 92' lang='lat' dir='ltr'><strong>no·</strong></span> <span class='ocrx_word' id='word_1_572' title='bbox 2441 2566 2443 2593; x_wconf 78' lang='lat'><em>3</em></span> 
     </span>
     <span class='ocr_line' id='line_1_81' title="bbox 1361 2609 2396 2663; baseline -0.007 -12"><span class='ocrx_word' id='word_1_573' title='bbox 1361 2614 1609 2663; x_wconf 84' lang='lat' dir='ltr'><strong>bilissimoque</strong></span> <span class='ocrx_word' id='word_1_574' title='bbox 1629 2613 1852 2651; x_wconf 88' lang='lat' dir='ltr'><strong>adolescenti</strong></span> <span class='ocrx_word' id='word_1_575' title='bbox 1879 2613 2047 2650; x_wconf 63' lang='lat' dir='ltr'><strong>Canoto</strong></span> <span class='ocrx_word' id='word_1_576' title='bbox 2077 2621 2306 2652; x_wconf 65' lang='lat' dir='ltr'><strong>supano,</strong></span> <span class='ocrx_word' id='word_1_577' title='bbox 2324 2609 2396 2644; x_wconf 78' lang='lat' dir='ltr'><strong>An-</strong></span> 
     </span>
     <span class='ocr_line' id='line_1_82' title="bbox 1362 2659 2392 2712; baseline -0.008 -11"><span class='ocrx_word' id='word_1_578' title='bbox 1362 2665 1484 2701; x_wconf 72' lang='lat' dir='ltr'><strong>verfae</strong></span> <span class='ocrx_word' id='word_1_579' title='bbox 1506 2664 1650 2701; x_wconf 89' lang='lat' dir='ltr'><strong>Comiti</strong></span> <span class='ocrx_word' id='word_1_580' title='bbox 1667 2692 1676 2706; x_wconf 95' lang='lat'>,</span> <span class='ocrx_word' id='word_1_581' title='bbox 1716 2664 1847 2712; x_wconf 88' lang='lat' dir='ltr'><strong>quibus</strong></span> <span class='ocrx_word' id='word_1_582' title='bbox 1868 2675 1939 2711; x_wconf 88' lang='lat' dir='ltr'><strong>ego</strong></span> <span class='ocrx_word' id='word_1_583' title='bbox 1959 2660 2141 2700; x_wconf 84' lang='lat' dir='ltr'><strong>affentior.</strong></span> <span class='ocrx_word' id='word_1_584' title='bbox 2195 2659 2253 2696; x_wconf 83' lang='lat' dir='ltr'><strong>Est</strong></span> <span class='ocrx_word' id='word_1_585' title='bbox 2277 2665 2392 2695; x_wconf 88' lang='lat' dir='ltr'><strong>autem</strong></span> 
     </span>
    </p>
   </div>
   <div class='ocr_carea' id='block_1_13' title="bbox 1354 2707 2392 2763">
    <p class='ocr_par' dir='ltr' id='par_1_20' title="bbox 1354 2707 2392 2763">
     <span class='ocr_line' id='line_1_83' title="bbox 1354 2707 2392 2763; baseline -0.007 -12"><span class='ocrx_word' id='word_1_586' title='bbox 1354 2715 1435 2763; x_wconf 80' lang='lat' dir='ltr'><strong>jam</strong></span> <span class='ocrx_word' id='word_1_587' title='bbox 1454 2715 1638 2761; x_wconf 87' lang='lat' dir='ltr'><strong>inceptiva</strong></span> <span class='ocrx_word' id='word_1_588' title='bbox 1659 2714 1844 2761; x_wconf 85' lang='lat' dir='ltr'><strong>particula.</strong></span> <span class='ocrx_word' id='word_1_589' title='bbox 1874 2714 2042 2750; x_wconf 79' lang='lat' dir='ltr'><strong>C10FAN.</strong></span> <span class='ocrx_word' id='word_1_590' title='bbox 2058 2718 2138 2748; x_wconf 86' lang='lat' dir='ltr'><strong>Non</strong></span> <span class='ocrx_word' id='word_1_591' title='bbox 2149 2719 2301 2747; x_wconf 84' lang='lat' dir='ltr'><strong>metuam</strong></span> <span class='ocrx_word' id='word_1_592' title='bbox 2314 2707 2392 2745; x_wconf 86' lang='lat' dir='ltr'><strong>Flo·</strong></span> 
     </span>
    </p>
   </div>
   <div class='ocr_carea' id='block_1_14' title="bbox 1360 2756 2437 3307">
    <p class='ocr_par' dir='ltr' id='par_1_21' title="bbox 1360 2756 2437 3011">
     <span class='ocr_line' id='line_1_84' title="bbox 1362 2756 2437 2812; baseline -0.008 -10"><span class='ocrx_word' id='word_1_593' title='bbox 1362 2774 1453 2802; x_wconf 87' lang='lat' dir='ltr'><strong>rent.</strong></span> <span class='ocrx_word' id='word_1_594' title='bbox 1474 2765 1507 2801; x_wconf 84' lang='lat' dir='ltr'><strong>S.</strong></span> <span class='ocrx_word' id='word_1_595' title='bbox 1523 2765 1663 2807; x_wconf 78' lang='lat' dir='ltr'><strong>Marci,</strong></span> <span class='ocrx_word' id='word_1_596' title='bbox 1692 2762 1843 2802; x_wconf 84' lang='lat' dir='ltr'><strong>Thuan.</strong></span> <span class='ocrx_word' id='word_1_597' title='bbox 1865 2764 2082 2812; x_wconf 84' lang='lat' dir='ltr'><strong>Bernegger.</strong></span> <span class='ocrx_word' id='word_1_598' title='bbox 2103 2765 2240 2811; x_wconf 85' lang='lat' dir='ltr'><strong>primus</strong></span> <span class='ocrx_word' id='word_1_599' title='bbox 2262 2756 2391 2796; x_wconf 83' lang='lat' dir='ltr'><strong>Medic.</strong></span> <span class='ocrx_word' id='word_1_600' title='bbox 2436 2762 2437 2765; x_wconf 77' lang='grc'>’</span> 
     </span>
     <span class='ocr_line' id='line_1_85' title="bbox 1362 2811 2435 2864; baseline -0.008 -12"><span class='ocrx_word' id='word_1_601' title='bbox 1362 2816 1466 2863; x_wconf 85' lang='lat' dir='ltr'><strong>prim.</strong></span> <span class='ocrx_word' id='word_1_602' title='bbox 1488 2815 1624 2852; x_wconf 88' lang='lat' dir='ltr'><strong>Erfurt.</strong></span> <span class='ocrx_word' id='word_1_603' title='bbox 1645 2814 1796 2863; x_wconf 89' lang='lat' dir='ltr'><strong>Spirens.</strong></span> <span class='ocrx_word' id='word_1_604' title='bbox 1826 2815 1865 2851; x_wconf 90' lang='lat'>&amp;</span> <span class='ocrx_word' id='word_1_605' title='bbox 1891 2825 1986 2851; x_wconf 91' lang='lat' dir='ltr'><strong>unus</strong></span> <span class='ocrx_word' id='word_1_606' title='bbox 2010 2824 2125 2850; x_wconf 89' lang='lat' dir='ltr'><strong>meus.</strong></span> <span class='ocrx_word' id='word_1_607' title='bbox 2152 2811 2211 2849; x_wconf 91' lang='lat' dir='ltr'><strong>alii</strong></span> <span class='ocrx_word' id='word_1_608' title='bbox 2230 2821 2274 2847; x_wconf 87' lang='lat' dir='ltr'><strong>ex</strong></span> <span class='ocrx_word' id='word_1_609' title='bbox 2296 2815 2395 2864; x_wconf 77' lang='lat' dir='ltr'><strong>vetu·</strong></span> <span class='ocrx_word' id='word_1_610' title='bbox 2433 2847 2435 2852; x_wconf 73' lang='lat'><strong>.</strong></span> 
     </span>
     <span class='ocr_line' id='line_1_86' title="bbox 1360 2864 2389 2909; baseline -0.01 -6"><span class='ocrx_word' id='word_1_611' title='bbox 1360 2865 1548 2906; x_wconf 62' lang='lat' dir='ltr'><strong>moribus.</strong></span> <span class='ocrx_word' id='word_1_612' title='bbox 1578 2872 1676 2901; x_wconf 83' lang='lat' dir='ltr'><strong>Nam</strong></span> <span class='ocrx_word' id='word_1_613' title='bbox 1701 2875 1880 2908; x_wconf 82' lang='lat' dir='ltr'><strong>metuam,</strong></span> <span class='ocrx_word' id='word_1_614' title='bbox 1920 2864 2003 2909; x_wconf 90' lang='lat' dir='ltr'><strong>vel,</strong></span> <span class='ocrx_word' id='word_1_615' title='bbox 2040 2869 2121 2900; x_wconf 86' lang='lat' dir='ltr'><strong>Non</strong></span> <span class='ocrx_word' id='word_1_616' title='bbox 2140 2873 2262 2899; x_wconf 85' lang='lat' dir='ltr'><strong>metuo.</strong></span> <span class='ocrx_word' id='word_1_617' title='bbox 2289 2868 2389 2906; x_wconf 82' lang='lat' dir='ltr'><strong>prim.</strong></span> 
     </span>
     <span class='ocr_line' id='line_1_87' title="bbox 1361 2913 2392 2960; baseline -0.001 -8"><span class='ocrx_word' id='word_1_618' title='bbox 1361 2916 1503 2953; x_wconf 87' lang='lat' dir='ltr'><strong>Moreti</strong></span> <span class='ocrx_word' id='word_1_619' title='bbox 1525 2917 1562 2951; x_wconf 86' lang='lat'>&amp;</span> <span class='ocrx_word' id='word_1_620' title='bbox 1582 2916 1669 2952; x_wconf 86' lang='lat' dir='ltr'><strong>alius</strong></span> <span class='ocrx_word' id='word_1_621' title='bbox 1685 2942 1695 2958; x_wconf 94' lang='lat'>‚</span> <span class='ocrx_word' id='word_1_622' title='bbox 1722 2915 1815 2960; x_wconf 76' lang='lat' dir='ltr'><strong>Jam</strong></span> <span class='ocrx_word' id='word_1_623' title='bbox 1839 2924 1962 2952; x_wconf 85' lang='lat' dir='ltr'><strong>metuo.</strong></span> <span class='ocrx_word' id='word_1_624' title='bbox 2017 2913 2137 2952; x_wconf 86' lang='lat' dir='ltr'><strong>Scribe</strong></span> <span class='ocrx_word' id='word_1_625' title='bbox 2151 2940 2162 2959; x_wconf 91' lang='lat'>‚</span> <span class='ocrx_word' id='word_1_626' title='bbox 2189 2914 2305 2959; x_wconf 72' lang='lat' dir='ltr'><strong>Qam</strong></span> <span class='ocrx_word' id='word_1_627' title='bbox 2323 2918 2392 2944; x_wconf 84' lang='lat' dir='ltr'><strong>me·</strong></span> 
     </span>
     <span class='ocr_line' id='line_1_88' title="bbox 1363 2964 1770 3011; baseline 0.002 -11"><span class='ocrx_word' id='word_1_628' title='bbox 1363 2969 1447 3000; x_wconf 80' lang='lat' dir='ltr'><strong>tuo!</strong></span> <span class='ocrx_word' id='word_1_629' title='bbox 1477 2964 1524 3001; x_wconf 84' lang='lat' dir='ltr'><strong>fic</strong></span> <span class='ocrx_word' id='word_1_630' title='bbox 1538 2965 1596 3001; x_wconf 81' lang='lat' dir='ltr'><strong>lib.</strong></span> <span class='ocrx_word' id='word_1_631' title='bbox 1613 2978 1665 3002; x_wconf 84' lang='lat' dir='ltr'><strong>xx.</strong></span> <span class='ocrx_word' id='word_1_632' title='bbox 1688 2977 1770 3011; x_wconf 77' lang='lat'><strong>474.</strong></span> 
     </span>
    </p>

    <p class='ocr_par' dir='ltr' id='par_1_22' title="bbox 1364 3027 1883 3141">
     <span class='ocr_line' id='line_1_89' title="bbox 1415 3027 1883 3077; baseline 0.011 -17"><span class='ocrx_word' id='word_1_633' title='bbox 1415 3028 1536 3073; x_wconf 49' lang='lat' dir='ltr'><strong>Quam</strong></span> <span class='ocrx_word' id='word_1_634' title='bbox 1558 3027 1687 3071; x_wconf 78' lang='lat' dir='ltr'><strong>nolim,</strong></span> <span class='ocrx_word' id='word_1_635' title='bbox 1716 3038 1797 3064; x_wconf 85' lang='lat' dir='ltr'><strong>rata</strong></span> <span class='ocrx_word' id='word_1_636' title='bbox 1810 3027 1883 3077; x_wconf 83' lang='lat' dir='ltr'><strong>fit!</strong></span> 
     </span>
     <span class='ocr_line' id='line_1_90' title="bbox 1364 3091 1796 3141; baseline 0.002 -12"><span class='ocrx_word' id='word_1_637' title='bbox 1364 3091 1493 3138; x_wconf 84' lang='lat' dir='ltr'><strong>Virgil.</strong></span> <span class='ocrx_word' id='word_1_638' title='bbox 1518 3092 1613 3128; x_wconf 81' lang='lat' dir='ltr'><strong>Aen.</strong></span> <span class='ocrx_word' id='word_1_639' title='bbox 1639 3103 1679 3128; x_wconf 84' lang='lat' dir='ltr'><strong>vr</strong></span> <span class='ocrx_word' id='word_1_640' title='bbox 1711 3094 1796 3141; x_wconf 72' lang='lat'><strong>694.</strong></span> 
     </span>
    </p>

    <p class='ocr_par' dir='ltr' id='par_1_23' title="bbox 1361 3153 2395 3251">
     <span class='ocr_line' id='line_1_91' title="bbox 1414 3153 2395 3209; baseline 0.002 -22"><span class='ocrx_word' id='word_1_641' title='bbox 1414 3153 1534 3199; x_wconf 70' lang='lat' dir='ltr'><strong>Qam</strong></span> <span class='ocrx_word' id='word_1_642' title='bbox 1557 3156 1665 3191; x_wconf 83' lang='lat' dir='ltr'><strong>metui</strong></span> <span class='ocrx_word' id='word_1_643' title='bbox 1683 3183 1692 3199; x_wconf 93' lang='lat'><strong>‚</strong></span> <span class='ocrx_word' id='word_1_644' title='bbox 1721 3169 1762 3193; x_wconf 86' lang='lat' dir='ltr'><strong>ne</strong></span> <span class='ocrx_word' id='word_1_645' title='bbox 1779 3157 2001 3209; x_wconf 54' lang='lat' dir='ltr'><strong>quidssibyae</strong></span> <span class='ocrx_word' id='word_1_646' title='bbox 2020 3156 2086 3194; x_wconf 79' lang='lat' dir='ltr'><strong>tibi</strong></span> <span class='ocrx_word' id='word_1_647' title='bbox 2104 3168 2206 3204; x_wconf 79' lang='lat' dir='ltr'><strong>regna</strong></span> <span class='ocrx_word' id='word_1_648' title='bbox 2224 3157 2395 3191; x_wconf 78' lang='lat' dir='ltr'><strong>nocerent?</strong></span> 
     </span>
     <span class='ocr_line' id='line_1_92' title="bbox 1361 3199 1749 3251; baseline 0.021 -15"><span class='ocrx_word' id='word_1_649' title='bbox 1361 3199 1525 3246; x_wconf 61' lang='lat' dir='ltr'><strong>juvmi.</strong></span> <span class='ocrx_word' id='word_1_650' title='bbox 1547 3205 1616 3242; x_wconf 77' lang='lat' dir='ltr'><strong>Sat.</strong></span> <span class='ocrx_word' id='word_1_651' title='bbox 1639 3206 1749 3251; x_wconf 68' lang='lat' dir='ltr'><strong>x.8.1.</strong></span> 
     </span>
    </p>

    <p class='ocr_par' dir='ltr' id='par_1_24' title="bbox 1412 3255 2261 3307">
     <span class='ocr_line' id='line_1_93' title="bbox 1412 3255 2261 3307; baseline 0.005 -20"><span class='ocrx_word' id='word_1_652' title='bbox 1412 3255 1533 3300; x_wconf 62' lang='lat' dir='ltr'><strong>§Qum</strong></span> <span class='ocrx_word' id='word_1_653' title='bbox 1555 3256 1656 3292; x_wconf 82' lang='lat' dir='ltr'><strong>timeo</strong></span> <span class='ocrx_word' id='word_1_654' title='bbox 1678 3257 1792 3294; x_wconf 56' lang='lat' dir='ltr'><strong>vicem</strong></span> <span class='ocrx_word' id='word_1_655' title='bbox 1813 3273 1854 3295; x_wconf 84' lang='lat' dir='ltr'><strong>ne</strong></span> <span class='ocrx_word' id='word_1_656' title='bbox 1866 3268 1992 3307; x_wconf 86' lang='lat' dir='ltr'><strong>poenas</strong></span> <span class='ocrx_word' id='word_1_657' title='bbox 2009 3256 2126 3307; x_wconf 83' lang='lat' dir='ltr'><strong>exigat</strong></span> <span class='ocrx_word' id='word_1_658' title='bbox 2149 3256 2261 3305; x_wconf 81' lang='lat' dir='ltr'><strong>Ajax.</strong></span> 
     </span>
    </p>
   </div>
   <div class='ocr_carea' id='block_1_15' title="bbox 1359 3316 2392 3415">
    <p class='ocr_par' dir='ltr' id='par_1_25' title="bbox 1359 3316 2392 3415">
     <span class='ocr_line' id='line_1_94' title="bbox 1359 3316 1920 3372; baseline 0.009 -17"><span class='ocrx_word' id='word_1_659' title='bbox 1359 3316 1566 3368; x_wconf 83' lang='lat' dir='ltr'><strong>Propertius</strong></span> <span class='ocrx_word' id='word_1_660' title='bbox 1585 3321 1646 3361; x_wconf 85' lang='lat' dir='ltr'><strong>lib.</strong></span> <span class='ocrx_word' id='word_1_661' title='bbox 1668 3335 1695 3360; x_wconf 88' lang='lat'><strong>1.</strong></span> <span class='ocrx_word' id='word_1_662' title='bbox 1719 3323 1819 3372; x_wconf 82' lang='lat' dir='ltr'><strong>Eleg.</strong></span> <span class='ocrx_word' id='word_1_663' title='bbox 1844 3334 1920 3360; x_wconf 80' lang='lat' dir='ltr'><strong>xxx.</strong></span> 
     </span>
     <span class='ocr_line' id='line_1_95' title="bbox 2277 3368 2392 3415; baseline 0.017 -17"><span class='ocrx_word' id='word_1_664' title='bbox 2277 3368 2392 3415; x_wconf 66' lang='lat' dir='ltr'><strong>Qum</strong></span> 
     </span>
    </p>
   </div>
  </div>
 </body>
</html>
