2483 3616
335 167 1582 242 METAMORPHOSEON
1654 180 1778 237 mis.
1849 177 1888 238 I.

2139 202 2197 249 73

360 281 612 337 Altorum
635 293 919 333 nemorum
935 315 951 339 ‚
991 274 1083 346 (δε
1112 292 1398 332 nemorum
1421 277 1802 335 monstraverat
1824 281 2070 352 umbras)

358 355 506 410 Dum
529 353 693 415 calet,
728 350 785 405 &
808 349 992 404 medio
1017 348 1108 403 Sol
1131 348 1207 403 est
1228 349 1498 405 altiffimus
1524 350 1672 406 orbe.

361 424 532 499 Quod
554 425 593 478 fi
615 425 721 478 sola
745 424 898 477 times
922 421 1142 476 latebras
1165 423 1362 477 intrare
1386 423 1649 486 ferarum3

357 495 605 554 Praefide
630 509 744 551 tuta
767 496 893 550 Deo
915 512 1200 550 nemorum
1227 495 1428 550 secreta
1450 496 1670 552 subibis:

213 582 315 645 '595
352 572 470 628 Nec
497 570 567 625 de
591 569 746 643 plebe
770 570 925 632 De0‚
960 568 1051 623 sed
1078 569 1171 640 qui
1197 568 1441 624 coelestia
1466 571 1657 641 magna

361 645 584 716 Sceptra
609 661 770 698 manu
797 655 990 704 teneo;
1032 641 1123 694 sed
1147 642 1240 714 qui
1259 660 1391 713 vaga
1414 641 1634 696 fulmina
1660 643 1838 699 mittO.

359 718 447 773 Ne
471 717 598 788 fuge
622 734 724 770 me.
760 715 995 786 fugiebat
1020 713 1177 767 enim.
1212 713 1317 785 jam
1343 716 1530 787 pascua
1554 715 1800 780 Lernae,

359 789 685 862 Confitaque
709 788 980 842 arboribus
1008 786 1249 857 Lyrcaea
1271 789 1558 862 reliquerat
1584 807 1734 850 arva3

359 860 505 917 Cum
531 862 680 916 Deus
704 860 918 914 inducta
942 860 1064 913 latas
1105 859 1330 930 caligine
1353 873 1516 915 terras

218 942 324 995 600
361 934 647 999 occuluit,
685 933 963 1005 tenuitque
988 930 1196 1002 sugam,
1234 934 1517 1005 rapuitque
1543 933 1824 1004 pudorem.

72 1139 185 1180 filiam
199 1141 375 1187 Δευτέραυ
387 1141 431 1178 Ῑῶ
451 1152 496 1179 ex
518 1138 650 1178 eodem
663 1137 819 1177 Eusebio
852 1135 972 1175 docet.
999 1135 1105 1175 Idem

2126 1010 2212 1067 111ss

1161 1135 1331 1175 Alteram
1344 1149 1521 1175 nemorum
1535 1166 1546 1183 ‚
1565 1148 1635 1187 ego
1649 1137 1796 1187 rejicere
1808 1150 1886 1177 non
1898 1138 2032 1180 audeo,
2047 1139 2095 1176 ita
2109 1139 2212 1178 enim

73 1193 246 1230 Eusebius
266 1192 312 1230 ad
332 1192 379 1230 A.
408 1203 596 1230 CCCCXXXI.
623 1190 835 1228 Promethei
865 1188 974 1225 filiam
1010 1188 1106 1225 facit.
1160 1189 1286 1236 paffim
1299 1188 1392 1225 altae
1405 1187 1529 1238 silvae.
1543 1190 1688 1226 vid.111.
1711 1190 1968 1238 17o.sequenti
1981 1203 2070 1227 vero
2083 1190 2212 1234 versu,

74 1244 220 1281 Auctor
249 1242 464 1292 Etymologi
495 1242 552 1278 M.
582 1242 620 1279 in
653 1241 817 1284 Βόσπορος
838 1239 949 1276 filiam
973 1238 1108 1276 Cadmi
1153 1238 1208 1287 sol
1238 1238 1425 1287 artiffimus
1456 1240 1503 1276 est
1534 1240 1571 1277 in
1606 1240 1805 1277 Thuaneo.
1845 1242 1939 1277 forte
1965 1269 1973 1281 .
2014 1242 2215 1278 acerrimas.

73 1293 147 1331 esse
178 1293 274 1330 dicit„
310 1293 373 1342 qui
403 1292 499 1329 forte
523 1298 581 1328 Ino
612 1292 650 1329 in
672 1299 798 1329 mente
819 1290 973 1328 habebat
988 1318 998 1334 ‚
1021 1301 1107 1326 Cum

70 1344 163 1382 haec
182 1343 358 1380 scriberet.
385 1341 600 1380 Herodotus
621 1341 683 1379 lib.
712 1355 742 1379 1.
770 1350 847 1389 cap.
870 1353 897 1377 1.
919 1340 1111 1378 aPhoeni-

70 1396 170 1432 cibus
191 1401 329 1441 raptam
351 1392 387 1429 in
410 1392 626 1441 Aegyptum
649 1390 720 1430 effe
741 1391 859 1429 tradit.
892 1392 931 1428 ὅ(
962 1402 1038 1439 cap.
1073 1404 1104 1440 ς.

70 1445 168 1483 illam
191 1454 277 1481 cum
309 1443 551 1492 gubernatore
574 1444 675 1481 navis
696 1442 917 1480 Phoeniciae
944 1453 1022 1479 rem
1044 1440 1109 1478 ha-

71 1493 207 1540 bui‘ffe,
245 1495 284 1531 ὃ(
316 1502 419 1531 metu
450 1494 557 1542 patris
588 1493 717 1542 sponte
749 1504 835 1530 cum
867 1491 1108 1530 Phoenicibus

68 1544 251 1594 navigasse
265 1556 375 1590 ,cum
398 1556 472 1594 quo
496 1545 581 1581 facit
602 1544 678 1582 fere
701 1544 931 1593 Lycophron
943 1540 1109 1581 Caffand.

68 1596 126 1641 fis.
163 1609 266 1645 1291.
303 1595 365 1632 ubi
394 1594 478 1632 vide
510 1595 691 1633 Tzetzen.
729 1595 785 1633 Ex
817 1594 944 1644 quibus
964 1602 1111 1643 apparet

67 1648 207 1686 incerta
239 1646 440 1684 fabularum
472 1644 559 1684 fides
582 1674 592 1690 ,
640 1647 679 1683 δε
710 1644 811 1683 fuisse
833 1644 996 1683 confusas
1027 1644 1115 1682 duas

70 1698 229 1747 puellas,
255 1708 348 1746 quae
370 1704 521 1745 utraque
544 1697 586 1734 Io
613 1696 730 1739 dicfta3
760 1704 800 1732 ut
832 1695 987 1744 Scaliger
1016 1696 1115 1733 reae

69 1748 187 1788 sentit.
208 1746 456 1796 Apollodorus
477 1759 586 1795 porro
596 1747 654 1784 lib.
678 1759 723 1784 11.
744 1746 850 1784 initio
864 1745 982 1794 &Jafi
1001 1745 1114 1784 filiam

70 1799 163 1837 facit
185 1827 195 1844 ‚
223 1800 261 1836 ὃ(
283 1798 380 1836 addit
393 1797 599 1835 Hesiodum
623 1799 661 1835 ὅ(
685 1796 896 1834 Acusilaum
918 1797 1052 1834 Pirenis
1073 1796 1116 1834 fi-

72 1849 161 1888 liam
182 1848 333 1887 tradere.
373 1847 457 1885 Ister
476 1860 566 1886 vero
589 1847 685 1897 apud
708 1847 892 1886 Clement.
914 1847 1114 1886 Alexandr.

73 1899 134 1939 lib.
148 1912 175 1936 1.
189 1900 320 1937 Strom.
344 1910 424 1948 pag.
443 1911 525 1948 322.
546 1900 657 1937 etiam
679 1899 893 1936 Promethei
913 1898 1025 1936 filiam
1047 1898 1115 1936 sta-

74 1950 156 1988 tuit.
178 1951 274 1988 forte
296 1951 381 2000 quia
401 1949 445 1986 ab
477 1950 660 1999 Aeschylo
682 1950 720 1987 in
742 1949 965 1987 Prometheo
987 1949 1115 1987 vincto

75 2011 227 2050 magnas
247 2009 363 2049 partes
385 2011 493 2048 agens
513 2000 706 2038 inducitur.
732 1999 911 2037 Meursius
921 2000 980 2037 lib.
1008 2012 1037 2037 1.
1070 2000 1116 2037 de

75 2051 194 2101 Regn.
222 2050 434 2089 Atheniensi
456 2062 533 2100 cap.
553 2064 629 2089 xxv.
672 2052 715 2089 Io
736 2052 848 2089 etiam
881 2050 1041 2087 Atthida
1061 2050 1117 2088 di-

77 2100 174 2138 ‹aam
189 2131 199 2147 ,
210 2101 308 2139 unde
321 2101 442 2139 Attica
454 2114 595 2139 nomen
606 2103 728 2147 habet,
741 2114 785 2139 ex
799 2101 979 2139 veteribus
992 2101 1113 2138 docet.

76 2151 153 2198 ejus
165 2152 323 2200 posteros
353 2151 464 2200 usque
486 2152 532 2190 ad
551 2153 752 2190 Herculem
774 2152 883 2189 habet
906 2151 1116 2189 Scholiastes

84 2200 249 2251 Aeschyli
271 2203 394 2240 Prom.
416 2202 528 2239 vindt.
552 2213 636 2251 773.
657 2203 923 2240 BuRMANNus.

137 2261 218 2298 391.
245 2257 324 2288 Aut
353 2252 476 2289 horum
506 2263 571 2289 aut
601 2253 724 2290 horum
756 2265 934 2289 nemorum
955 2263 998 2292 ω’
1019 2266 1117 2289 mon-

76 2298 257 2347 straverat
286 2302 454 2351 ambas.]
503 2304 732 2340 Veterrimus
764 2302 961 2340 Florentin.
999 2303 1117 2351 Neap.

82 2350 237 2397 Thuan.
261 2350 298 2386 &
318 2351 577 2397 antiquiffirnae
599 2353 750 2390 schedae
774 2352 1039 2391 Leodicenses:

136 2400 305 2438 Alterum
327 2412 512 2485 bnemorum
544 2430 555 2446 ‚
605 2416 648 2443 (9·
669 2418 845 2441 nemorum
867 2402 1122 2450 monstraverat

264 2463 323 2486 um
348 2463 414 2485 ras.

85 2503 214 2551 Quam
234 2499 435 2538 lectionem
459 2500 610 2538 Carolus
631 2503 809 2541 Vivianus
821 2515 971 2554 quoque
984 2515 1028 2540 ex
1040 2516 1121 2552 per-

86 2552 228 2590 vetusto
258 2549 387 2588 codice
417 2551 585 2596 notavit,
612 2553 651 2589 &
683 2564 753 2601 ego
784 2555 951 2601 vulgatae
981 2556 1124 2600 praefe-

85 2602 239 2641 rendam
275 2599 347 2639 effe
383 2600 523 2638 censeo.
573 2602 748 2640 secundus
791 2603 969 2641 Palatinus
1019 2615 1126 2640 men-

65 2665 67 2667 ·
86 2652 194 2692 ‹lose-2
958 2679 969 2687 .

138 2708 202 2739 Du
230 2702 351 2739 horum
384 2716 561 2740 nemorum
592 2713 655 2740 aut
676 2702 821 2749 horum,
848 2716 892 2744 ω’
913 2702 1126 2751 monstrave—

265 2764 321 2790 rat
347 2753 498 2790 umbras.
1034 2750 1046 2762 ¹

91 2801 222 2841 Forte:
374 2809 453 2840 Pete
465 2832 475 2848 ,
502 2804 639 2841 dixerat
651 2832 661 2849 ‚
688 2805 828 2842 umbras

143 2855 208 2890 Eia
229 2853 351 2890 horum
372 2867 549 2892 nemorum
563 2883 573 2899 ,
595 2868 638 2895 <J
659 2870 836 2893 nemorum
864 2856 1121 2904 monstraverat

260 2903 411 2941 umbras.

94 2952 193 2989 Nam
215 2953 382 2989 Altorum
404 2955 523 2992 minus
543 2956 683 3003 placet,
710 2968 796 2994 cum
818 2956 997 3006 altiffimus
1018 2957 1120 2995 versu

96 3003 263 3048 proximo
285 3003 460 3052 sequatur.
486 3004 644 3044 similiter
665 3019 706 3044 ea
725 3020 801 3044 vox
833 3017 1000 3056 corrupta
1029 3008 1121 3045 libro

96 3061 144 3086 11.
174 3063 263 3089 vers.
290 3056 372 3101 691.
406 3055 444 3091 ὅ(
463 3054 521 3093 lib.
541 3068 613 3093 vn.
633 3056 749 3105 poffet
771 3059 809 3095 δε
828 3058 900 3107 legi
919 3060 1096 3107 denfhrum
1112 3087 1122 3102 ,

95 3099 155 3136 vel
168 3101 314 3148 filorum
334 3118 521 3142 nemorum.
552 3116 592 3144 ut
612 3107 650 3144 in
667 3108 729 3146 illo
751 3109 953 3159 Virgiliano
984 3109 1043 3148 lib.
1065 3121 1118 3148 xx.

326 3204 421 3253 Juga
443 3205 540 3256 longa
554 3206 689 3256 petebat

149 3249 300 3286 Selorum
322 3266 504 3297 nemorum.
560 3258 757 3297 Htmsxus.

153 3304 188 3336 T
185 3313 248 3337 om.
263 3307 309 3340 II.
755 3307 758 3309 ’

1165 1293 1256 1325 Acer
1280 1291 1380 1327 enim
1402 1289 1452 1327 sol
1474 1290 1618 1339 proprie
1642 1290 1770 1327 dicitur
1794 1320 1804 1335 ‚
1843 1302 1929 1328 cum
1965 1290 2214 1328 vehementis-

1164 1339 1246 1377 fimi
1269 1341 1397 1378 caloris
1419 1341 1478 1378 est.
1523 1350 1563 1378 ut
1586 1341 1733 1377 Graecis
1764 1341 1853 1387 ὀξύς.
1878 1342 1926 1378 ita
1951 1342 2084 1378 Horat.
2099 1341 2216 1379 1.Sat.

1165 1402 1219 1427 vr.
1246 1391 1301 1427 sol
1321 1392 1442 1428 acrior.
1463 1391 1548 1428 vide
1572 1391 1665 1428 Clar.
1680 1392 1814 1429 Graev.
1838 1392 1921 1429 left.
1948 1391 2100 1428 Heliod.
2136 1403 2216 1439 cap.

1169 1452 1226 1478 10.
1255 1442 1338 1478 Hae
1361 1450 1487 1480 autem
1511 1453 1621 1480 voces
1644 1442 1921 1480 confunduntur
1942 1442 2058 1491 saepe.
2084 1450 2124 1480 ut
2137 1443 2215 1489 Rex„

1166 1491 1265 1528 med.
1290 1493 1379 1529 Am.
1406 1494 1494 1542 651.

1193 1591 1196 1593 .
1216 1542 1377 1580 Flumine
1390 1553 1546 1594 perpetuo
1569 1555 1699 1582 torrens
1713 1544 1800 1594 solet
1818 1545 1931 1582 acrius
1956 1543 2016 1580 ire.

1168 1592 1245 1630 Ubi
1267 1595 1411 1632 codices
1433 1596 1515 1641 alii,
1542 1596 1659 1632 altius.
1688 1604 1873 1643 praeterea
1894 1596 1932 1632 in
1947 1593 2124 1632 Mediceo
2137 1605 2217 1634 uno

1172 1652 1247 1681 erat
1262 1673 1272 1689 ,
1301 1646 1386 1682 dum
1409 1646 1498 1683 calor
1522 1648 1593 1684 &c
1622 1646 1888 1684 Rumpimus.

1223 1708 1305 1744 595.
1336 1696 1512 1745 Magna]
1537 1703 1677 1733 Dextra
1708 1698 1828 1745 Marg.
1861 1695 2085 1735 Bersmanni.
2109 1696 2219 1734 male.

1168 1745 1254 1782 vide
1276 1746 1322 1783 ad
1342 1746 1443 1794 Eleg.
1465 1746 1503 1783 in
1524 1746 1629 1784 Drus.
1652 1759 1734 1791 224.

1222 1796 1308 1844 598.
1336 1795 1541 1847 Confitaque
1561 1797 1739 1834 arboribus
1752 1803 1859 1846 Lycea
1882 1798 2070 1848 reliquerat
2092 1796 2222 1846 arva.]

1171 1846 1278 1885 Tum
1301 1858 1346 1884 ex
1365 1847 1563 1893 Pausania,
1589 1856 1671 1886 tum
1693 1860 1738 1885 ex
1761 1849 1905 1886 vetusto
1928 1848 2128 1897 exemplari
2150 1859 2221 1886 nos

1170 1910 1322 1947 quoque
1367 1904 1502 1947 Lyncea
1537 1899 1574 1936 ὃ(
1612 1900 1838 1937 correximus
1887 1900 1926 1937 δε
1973 1898 2225 1948 exposuimus.

1171 1949 1337 1987 Remus.
1366 1949 1626 1998 Castigandum
1649 1950 1836 1987 censemus
1857 1951 1932 1988 hoc
1965 1962 2114 1988 carmen
2139 1978 2150 1995 ‚
2180 1951 2220 1987 δε

1171 2012 1239 2048 pro
1263 2006 1370 2048 Lycea
1386 2028 1396 2044 ,
1424 2006 1553 2048 Lyrcea
1574 2001 1854 2049 reponendum,
1890 2012 1938 2038 ne
1952 2029 1963 2046 ,
1990 2000 2016 2038 fi
2040 2008 2146 2049 Lycea
2166 2000 2220 2036 le-

1170 2063 1231 2100 gas
1245 2079 1255 2095 ,
1284 2052 1323 2088 &
1343 2050 1458 2088 sensus
1480 2051 1519 2088 ὃς
1541 2051 1693 2100 syllaba,
1721 2053 1815 2101 quae
1827 2052 1944 2100 prima
1957 2053 1993 2089 in
2008 2058 2114 2100 Lycea
2137 2062 2223 2087 cor-

1172 2102 1322 2149 ripitur,
1347 2109 1563 2150 repugnent.
1591 2107 1719 2151 Lyrcea
1741 2114 1830 2150 ergo
1852 2114 1937 2139 arva
1968 2101 2102 2138 iterum
2126 2112 2220 2138 con-

1169 2150 1354 2190 tendimus
1373 2152 1583 2201 legendum.
1622 2153 1778 2191 Inachus
1800 2153 1901 2189 enim
1924 2152 2074 2195 fluvius,
2110 2160 2150 2188 ut
2172 2152 2223 2187 ait

1171 2203 1297 2240 Strabo
1309 2231 1320 2247 ‚
1326 2203 1432 2252 juxta
1445 2204 1608 2240 Lernam
1630 2204 1758 2242 labitur
1773 2232 1783 2247 ,
1809 2203 1873 2252 qui
1885 2202 1998 2239 oritur
2010 2214 2053 2239 ex
2068 2202 2220 2249 Lyrceo

1172 2253 1218 2290 ad
1238 2253 1427 2291 Cinvriam
1457 2261 1629 2292 montem
1652 2254 1844 2291 Arcadiae.
1898 2254 1958 2290 De
1982 2252 2131 2301 Lyrceo
2154 2262 2220 2288 au·-

1172 2311 1251 2340 tem
1272 2304 1347 2341 hoc
1378 2304 1546 2352 Papinius
1578 2305 1616 2343 in
1637 2317 1690 2342 1v.
1717 2304 1932 2342 Thebaidos
1948 2315 2030 2350 711.
2053 2302 2222 2348 mentio-⁴

1175 2366 1264 2392 nem
1286 2355 1374 2392 fecit
1396 2355 1470 2391 hoc
1491 2356 1678 2394 carmine:

1227 2410 1319 2442 Aret
1343 2411 1455 2442 Lerna
1477 2419 1594 2443 nocens
1607 2435 1617 2452 ‚
1644 2416 1720 2443 aret
1741 2412 1885 2453 Lyrceus
1898 2433 1909 2450 ,
1937 2417 1980 2444 ω’
1998 2404 2114 2453 ingens

1228 2455 1387 2492 Inachus.
1447 2458 1575 2505 Quem
1599 2456 1740 2495 versum
1755 2455 1949 2493 Priscianus
1969 2455 2101 2503 pariter
2119 2453 2222 2492 citat}

1176 2505 1346 2551 JACOEUS
1376 2519 1397 2543 Α
1425 2507 1580 2544 CRUCE.
1609 2508 1738 2544 Lircei'a
1760 2506 1909 2556 liquerat
1920 2506 1984 2553 pri.
1996 2505 2120 2542 Vatic.
2134 2503 2221 2544 Val.»

1177 2556 1326 2593 Flaccus
1345 2557 1471 2593 lib.1v.
1495 2570 1577 2605 355.
1599 2559 1637 2595 in
1658 2559 1728 2594 hac
1747 2556 1879 2594 eadem
1900 2556 2041 2594 fabula:

1411 2608 1604 2643 Dominam
1627 2609 1756 2644 Lirce‘z'a
1775 2607 1875 2644 tellus

1233 2660 1422 2706 Antraque
1443 2657 1618 2706 deprensae
1638 2669 1855 2695 tremuerunt
1875 2657 2002 2706 conscia
2014 2658 2153 2707 sfialvae.

1182 2706 1344 2744 Graevio
1366 2719 1518 2756 quoque
1539 2708 1661 2746 nostro
1692 2710 1832 2757 Lyrceia
1863 2709 2092 2756 probabatur.
2131 2721 2217 2748 nam

1180 2757 1284 2794 locus
1306 2763 1450 2806 Lyrceus
1473 2787 1483 2802 ‚
1536 2757 1633 2795 unde
1666 2763 1833 2807 Lyrceius.
1860 2760 2069 2797 ΗΕῐΝεως.
2121 2761 2220 2798 Vide

1182 2808 1314 2845 Maser.
1337 2808 1382 2846 ad
1403 2809 1485 2846 Val.
1503 2809 1620 2846 Flacc.
1638 2809 1671 2847 d.
1694 2810 1715 2847 l.
1738 2811 1776 2847 ὃ(
1795 2812 1845 2847 ita
1878 2811 2092 2848 Gronovius
2123 2811 2219 2859 apud

1176 2859 1331 2896 Statium
1352 2859 1411 2896 lib.
1435 2871 1487 2897 ιν.
1511 2859 1633 2897 Theb.
1658 2873 1738 2905 117.
1760 2861 1858 2898 re5³oe
1879 2861 1977 2910 legit.
2006 2862 2081 2910 Qi
2103 2862 2190 2909 ripas
2205 2888 2216 2903 ‚

1176 2910 1294 2958 Lyrcie
1307 2938 1317 2954 ‚
1331 2920 1411 2947 tuas
1425 2937 1435 2954 ,
1454 2921 1516 2946 tua
1538 2911 1641 2947 litora
1680 2911 1790 2948 multo
1832 2926 1967 2948 vomere
1990 2912 2214 2960 ficspendunt.

1176 2972 1263 2998 cum
1277 2960 1389 3009 vulgo
1400 2967 1550 3010 Lync-aee
1559 2962 1708 3011 legatur.
1721 2968 1865 3011 Lyrceus
1875 2963 1913 3000 δε
1926 2963 2080 3010 Lyrcius,
2094 2970 2132 2996 ut
2143 2966 2217 3008 Spe-

1177 3011 1283 3048 chius.
1340 3012 1469 3049 BuRM.

1229 3074 1313 3111 599.
1344 3062 1525 3112 Indutid.]
1557 3064 1722 3100 Indueras
1744 3063 1820 3100 lata
1842 3064 1982 3112 caligine
1994 3072 2114 3098 terras.
2137 3058 2214 3098 duo

1177 3112 1335 3150 codices.
1362 3114 1449 3151 nihil
1472 3122 1586 3151 muta.
1608 3115 1667 3152 lib.
1689 3126 1734 3151 11.
1760 3127 1843 3164 307.

1177 3211 1209 3252 E
1229 3163 1324 3200 Unde
1336 3164 1423 3213 sblet
1444 3164 1527 3202 latis
1549 3165 1651 3202 nubes
1670 3166 1827 3202 inducere
1848 3162 1959 3201 terris.

1211 3221 1225 3251 ἵ
1247 3225 1316 3263 395
1323 3242 1330 3250 ·

1229 3271 1327 3304 Neve
1347 3264 1435 3304 velit
1455 3266 1611 3304 tenebras
1630 3267 1786 3304 inducere
1806 3263 1914 3301 rebus.
1942 3268 1949 3272 “

1505 3316 1540 3354 K
2178 3319 2225 3358 In
