2483 3616
246 162 342 227 525

702 145 762 202 P.
837 127 1248 198 OVIDII
1318 115 1850 184 NASONIS

539 271 866 417 TAlibus
892 279 1050 337 atque
1075 257 1182 314 aliis
1206 257 1428 325 longum
1452 248 1778 305 sermonibus
1801 244 1876 300 illi

680 345 969 416 Implevere
995 335 1155 389 diem.

1194 327 1324 382 lucis
1346 341 1463 397 pars
1485 322 1670 377 ultima
1693 318 1902 373 mensae

540 424 635 479 Est
658 420 804 478 data,
845 430 953 467 nox
979 404 1190 463 somnis.
1224 399 1376 471 jubar
1399 411 1586 450 aureus
1611 392 1873 447 extulerat
1899 387 2014 464 Solq

545 494 726 550 Flabat
753 487 925 542 adhuc
955 481 1157 537 Euru83
1197 471 1542 547 redituraque
1567 466 1683 519 vela
1710 461 1943 517 tenebat.

408 575 508 638 665
549 566 641 624 Ad
665 559 963 633 Cephalum
988 552 1220 608 Pallante
1244 543 1337 598 sati
1362 581 1378 606 ‚
1417 557 1503 594 cui
1529 535 1780 608 grandior
1803 538 1943 587 aetas
1962 570 1978 596 ‚

548 638 641 694 Ad
668 650 853 705 regem
877 625 1170 698 Cephalu8‚

1210 615 1359 670 simul
1384 613 1438 667 δε
1464 610 1700 665 Pallante
1725 606 1890 659 creati

552 706 920 766 Conveniunt.
955 697 1045 754 sed
1071 693 1246 749 adhuc
1270 703 1456 758 regem
1481 682 1639 754 sopor
1663 679 1795 732 altus
1820 675 2060 732 habebat.

556 779 775 851 Excipit
801 770 1066 830 Aeacides
1091 767 1206 821 illos
1231 762 1288 817 in
1311 759 1494 815 limine
1521 754 1760 811 Phocus:

260 1034 403 1070 Auram
422 1039 516 1064 orare
536 1022 637 1073 coepit
650 1050 660 1066 ,
688 1030 729 1058 ut
745 1019 784 1070 β
805 1026 997 1056 recreatum
1014 1011 1198 1052 adveniret
1213 1011 1307 1059 ,fite-

256 1082 400 1132 piusque
425 1080 596 1115 invocare.
633 1076 715 1121 Qu
738 1071 867 1121 aliquis
886 1081 966 1106 voce
986 1067 1162 1120 deceptus,
1183 1074 1227 1102 <9⁹
1240 1074 1308 1098 cre-

265 1132 372 1174 didit,
389 1140 432 1168 (φ’
451 1128 497 1164 ad
518 1125 659 1164 Procrin
680 1123 827 1173 pertulit
855 1118 1047 1170 Cephalum
1073 1127 1205 1171 amicae
1225 1114 1311 1161 suae

265 1181 440 1219 amoribus
455 1180 493 1215 in
506 1176 656 1227 saltibus
686 1172 856 1211 obleciari.
910 1169 1013 1219 Qod
1033 1178 1073 1205 ut
1100 1178 1187 1203 octus
1209 1175 1313 1212 agno-

259 1233 369 1282 sceret
382 1230 507 1279 sylvas
520 1238 636 1278 petens
662 1227 732 1274 sese
749 1223 894 1260 occuluit
910 1250 920 1266 ,
948 1232 991 1259 (φ
1011 1216 1204 1274 Cephalum
1222 1227 1314 1251 more

260 1288 325 1332 suo
338 1287 479 1318 Auram
499 1277 696 1328 compellare
707 1275 851 1311 audiens
864 1301 874 1316 ‚
897 1274 977 1320 J'am
994 1270 1150 1320 pellicem
1164 1265 1313 1309 credens,

267 1333 416 1382 gemitus
448 1331 539 1367 inter
555 1328 703 1375 frutices
719 1326 811 1362 edere
831 1325 943 1373 coepit.
991 1330 1052 1377 ‘At
1075 1316 1244 1375 Cephalus
1255 1317 1313 1362 fe-

269 1397 348 1420 ram
368 1381 545 1418 arbitrans
565 1407 575 1424 ,
604 1377 709 1415 nimis
740 1387 870 1413 certum
895 1387 927 1410 eo
957 1372 1104 1409 vibrans
1127 1367 1285 1423 jaculum
1301 1393 1311 1409 ,

270 1435 396 1471 charae
419 1431 568 1480 conjugis
584 1431 699 1479 pestus
728 1424 908 1473 transfixit
922 1451 932 1468 ,
960 1422 1163 1470 missumque
1182 1426 1310 1472 insecu-

269 1495 328 1522 tus
350 1483 598 1532 semianimem
632 1479 751 1529 reperit
782 1489 933 1514 uxorem.
989 1473 1143 1509 Tandem
1171 1480 1319 1505 nominis

270 1548 417 1573 errorem
439 1532 619 1582 cognovit,
647 1541 691 1570 ω’
712 1528 847 1577 frustra
872 1539 948 1564 eam
979 1522 1224 1562 moribundam
1245 1518 1321 1555 edo-

275 1596 361 1625 cuit.

330 1653 416 1690 661.
444 1647 670 1700 Implevere.]
699 1646 887 1684 Detinuere
907 1656 951 1681 ex
969 1642 1136 1681 Palatino
1160 1641 1324 1697 Gebhar-

280 1703 348 1741 dus
370 1715 399 1740 1.
419 1700 605 1750 Crepund.
629 1712 663 1748 9.
709 1698 769 1737 sed
790 1697 873 1735 vide
894 1695 939 1733 ad
958 1695 1019 1733 lib.
1045 1706 1075 1731 1.
1102 1692 1188 1741 683.
1210 1691 1326 1742 impli-

284 1767 378 1790 cuere
398 1765 489 1790 unus
508 1750 679 1789 Ambros.

336 1804 418 1840 662.
447 1803 547 1838 Lucis
554 1811 635 1851 pars
646 1799 772 1849 optima
783 1797 917 1846 mensae
927 1795 983 1843 Est
992 1795 1089 1832 data.
1103 1793 1118 1844 ]
1131 1794 1237 1831 MSS.
1249 1794 1328 1831 Co-

287 1855 385 1893 dices
400 1863 499 1902 ‚pars
509 1852 638 1889 ultima
653 1878 662 1894 ,
690 1851 765 1887 hoc
785 1850 832 1886 est
842 1849 1007 1897 suprema
1020 1846 1211 1893 tempestas
1227 1858 1235 1882 :
1250 1857 1328 1882 ma-

284 1918 335 1944 ne
364 1904 515 1954 quidem
545 1902 686 1950 optima
724 1901 796 1938 diei
827 1911 904 1948 pars
938 1898 1006 1941 est,
1047 1898 1133 1933 hinc
1152 1897 1290 1934 dietum
1306 1894 1327 1932 a

208 1984 211 1988 -
287 1955 486 1994 Macrobio
514 1954 550 1991 in
579 1965 609 1989 1.
627 1952 766 1989 Saturn.
800 1962 877 1998 cap.
897 1949 961 1986 ult.
998 1947 1237 1996 Reservandus
1256 1960 1328 1995 ergo

290 2006 334 2054 est
359 2005 518 2053 Virgilius
539 2002 643 2049 noster
662 2002 709 2038 ad
730 2001 901 2038 meliorem
916 2008 1054 2049 partem
1073 1998 1162 2041 diei,
1175 2009 1215 2035 ut
1227 2011 1331 2035 mane

289 2069 424 2093 novum
443 2053 645 2103 inspiciendo
661 2062 723 2102 per
750 2052 903 2088 ordinem
940 2049 1088 2087 carmini
1117 2049 1331 2095 destinemus.

287 2107 339 2146 Et
360 2107 405 2144 de
428 2116 556 2143 aurora
588 2104 632 2140 ab
666 2103 833 2140 Hesiodo
863 2106 936 2145 Ερν.
967 2100 1046 2145 178.
1079 2099 1190 2145 ἔργοιο
1209 2101 1332 2143 τρίτην

291 2157 528 2202 ἀπομείρεται
546 2150 662 2191 αἶα-ειν.
701 2153 780 2191 Nisi
801 2153 872 2190 dici
894 2152 1122 2189 voluerimus
1144 2150 1333 2199 optimam,

291 2209 330 2247 id
352 2208 423 2251 est,
451 2206 654 2243 maximam
681 2204 846 2242 cadentis
869 2204 948 2252 jam
978 2201 1051 2239 diei
1081 2210 1223 2249 partem
1244 2213 1336 2238 con·

294 2260 399 2296 vivio
422 2258 556 2295 datam.
594 2263 633 2293 ut
667 2255 755 2291 bona
782 2263 865 2304 pars
892 2264 1068 2303 procerum
1098 2263 1164 2300 pro
1193 2264 1336 2300 magna.

297 2310 397 2347 Nam
420 2311 458 2345 ὃς
480 2306 657 2345 Planudes
681 2305 875 2355 plurimum
906 2304 972 2340 diei
1000 2304 1268 2351 interpretatur.
1296 2310 1337 2340 ut

297 2360 494 2407 intelligas,
523 2359 675 2407 quinam
699 2357 732 2393 ei
755 2355 900 2394 codices
912 2354 1120 2402 obtigerint.
1147 2353 1268 2391 nostra
1282 2361 1337 2390 ta-

302 2421 388 2446 men
429 2408 642 2445 emendatio
677 2407 768 2445 mihi
807 2406 933 2443 castior
961 2405 1103 2452 semper
1133 2404 1216 2442 visa.
1251 2406 1341 2442 ΜΑ-

304 2471 448 2496 RIANG.
480 2459 658 2495 Aeetias.
694 2459 731 2495 in
755 2457 939 2495 Diatribis.
996 2456 1037 2492 ln
1061 2467 1137 2492 uno
1159 2455 1280 2493 Vatic.
1302 2456 1342 2492 ὃς

305 2509 440 2545 eodem
462 2520 549 2545 meo
564 2536 574 2552 ‚
601 2510 639 2545 δε
662 2508 785 2546 Ursini
799 2536 808 2551 ,
838 2507 1032 2555 Lucispars
1052 2505 1191 2543 ultima.
1245 2506 1342 2543 Cio-

308 2571 445 2595 FaNus.
494 2565 580 2594 Pars
609 2559 737 2594 ultima
765 2559 872 2607 prim.
892 2559 930 2595 &
950 2557 1019 2595 sec.
1038 2556 1148 2594 Palat.
1175 2557 1344 2595 Calandr.

309 2609 384 2644 duo
405 2609 530 2656 Regii,
558 2609 690 2656 aliique
710 2609 862 2656 septem.
888 2609 994 2646 bene.
1021 2619 1109 2645 nam
1122 2608 1270 2656 prandia
1281 2619 1346 2645 ve-

308 2658 448 2695 tustiori
471 2670 564 2695 aevo
579 2658 718 2705 prorsus
737 2660 873 2705 ignota.
902 2660 1117 2696 Hrmsrus.
1172 2659 1342 2702 Mallem,

312 2719 444 2745 cetera.-
475 2708 522 2744 ita
550 2709 649 2744 enim
683 2708 806 2754 paffim
839 2709 936 2746 Naso
957 2710 1061 2757 loqui
1080 2718 1192 2746 amat.
1219 2709 1267 2746 sic
1285 2709 1348 2746 lib.

313 2771 388 2797 xxx.
417 2757 499 2806 580.
532 2770 599 2793 nox
625 2755 668 2803 est
698 2757 785 2793 data
814 2768 920 2795 cetera
934 2759 1067 2806 somno.
1088 2760 1126 2796 &
1148 2760 1209 2797 lib.
1238 2771 1349 2799 >1111-

310 2821 399 2859 302.

367 2870 556 2920 Primaque
566 2870 653 2919 sunt
677 2869 732 2906 illi
751 2871 837 2907 data
859 2880 1008 2920 tempora
1032 2882 1139 2909 cetera
1159 2873 1268 2914 vobis.

316 2936 366 2976 Et
386 2948 464 2973 xix.
489 2947 569 2984 152.

371 3007 477 3038 Sacra
498 2997 606 3035 tulere
617 2997 723 3045 suam
736 3027 747 3044 ,
768 3007 851 3047 pars
871 2997 913 3044 est
933 2998 1019 3034 data
1042 3009 1149 3036 cetera
1169 2999 1301 3050 menfis.
1347 2989 1354 2992 .

325 3068 585 3105 §caeprianus
613 3064 709 3112 apud
732 3064 830 3102 Tan.
853 3063 937 3101 Fab.
956 3064 1016 3101 lib.
1037 3077 1083 3101 1r.
1105 3067 1170 3113 ΕΡ.
1197 3076 1255 3110 71.
1283 3071 1367 3102 Ma-

323 3120 423 3155 xima
449 3117 561 3153 etiam
586 3114 873 3157 Ambrosianus,
911 3116 948 3151 &
972 3115 1071 3152 alter.
1107 3116 1252 3152 Gruter.
1285 3129 1366 3153 111.

328 3169 509 3215 Suspic.4.
539 3172 624 3202 Pars
645 3166 791 3202 extima.
819 3165 879 3203 sed
909 3166 981 3202 hoc
1003 3165 1223 3203 vocabulum
1246 3166 1289 3203 ab
1312 3167 1368 3203 O·

325 3218 429 3254 vidio
442 3217 651 3264 profecium
673 3228 750 3252 non
770 3216 963 3253 credimus.
992 3215 1125 3252 Ultima
1148 3216 1287 3254 reolum
1305 3217 1366 3255 est.

325 3268 381 3304 Ut
403 3269 515 3306 etiam
547 3266 751 3317 corrigebat
780 3266 906 3306 Petrus
928 3266 1040 3305 Viola
1073 3266 1117 3305 de
1136 3267 1264 3306 Veteri
1284 3267 1367 3315 No<

2265 854 2398 914 Nam
2474 884 2476 932 ᾗ

1362 1014 1485 1055 vaque
1498 1002 1661 1040 Roman.
1679 1005 1896 1053 temporum
1915 995 2069 1033 ratione.
2096 1004 2178 1043 pag.
2192 992 2274 1032 186.
2289 993 2405 1052 Toni:
2424 1049 2427 1052 .
2474 982 2476 1034 f

1364 1055 1474 1094 VllI.
1511 1051 1688 1092 Thesaur.
1727 1050 1857 1098 Antiq.
1890 1048 2161 1085 Romanarum.
2216 1045 2271 1083 Ita
2298 1045 2405 1096 Epist.
2474 1055 2477 1090 ξ

1367 1120 1445 1146 xix.
1468 1117 1522 1151 14.
2412 1115 2414 1119 ,
2475 1110 2477 1112 ,

1419 1179 1585 1219 Diluitur
1595 1175 1699 1229 posito
1712 1175 1821 1226 serior
1842 1174 1928 1213 hora
1949 1187 2052 1213 mero.

1369 1254 1474 1294 Silius
1495 1268 1573 1294 xvi.
1594 1267 1678 1304 225.

1420 1320 1596 1358 suadendi
1618 1321 1738 1358 modus
1759 1319 1836 1365 hic,
1864 1318 2020 1369 quodque
2041 1317 2085 1366 est
2104 1318 2145 1356 de
2166 1326 2266 1367 parte
2288 1317 2355 1357 diei

1422 1373 1548 1408 Exacli
1565 1373 1686 1422 super,
1715 1372 1762 1408 ad
1785 1371 1918 1422 mensas
1947 1383 1989 1409 <9¹
2003 1369 2127 1419 pocula
2147 1379 2305 1407 vertunt.

2476 1410 2478 1424 .

1373 1439 1512 1479 Eadem
1537 1440 1688 1478 varietas
1712 1440 1791 1478 infr.
1813 1451 1848 1476 x.
1865 1439 1949 1480 672.
1965 1445 2053 1475 Pars
2072 1438 2200 1476 ultima
2222 1439 2337 1488 cursus
2356 1443 2420 1480 ιιι-ἶ
2476 1448 2478 1477 ε

1368 1490 1604 1579 stahgtflubi
1625 1501 1707 1541 pars
1736 1490 1865 1540 optima
1892 1501 1984 1528 unus
2005 1490 2159 1528 Moreti.
2186 1490 2358 1530 Similiter
2377 1493 2415 1545 ὃς

1377 1556 1423 1580 11.
1475 1555 1493 1579 a
1527 1553 1638 1591 ‚570.

1429 1619 1561 1656 Ultima
1574 1617 1756 1667 placandis
1773 1614 1936 1653 manibus
1955 1614 2017 1652 illa
2040 1614 2122 1653 dies.

1381 1691 1455 1729 Ubi
1475 1692 1582 1729 MSS.
1603 1694 1763 1738 habent,
1791 1693 1941 1743 optima:
1963 1693 2001 1730 &
2024 1692 2160 1731 ibidem
2171 1692 2228 1737 331⁵.
2240 1694 2324 1744 635.

1432 1757 1561 1794 Suadet
1577 1757 1726 1806 placidos
1747 1771 1816 1794 nox
1837 1757 1966 1794 ultima
1978 1756 2126 1806 fhmnos.

1381 1815 1458 1853 Ubi
1480 1817 1554 1855 vid.
1576 1817 1705 1855 Heius.
1733 1817 1861 1856 BuRM.

1434 1882 1519 1930 663.
1545 1882 1667 1926 Jubar
1678 1883 1845 1932 aureus.]
1880 1863 2034 1920 Niveum
2048 1882 2158 1930 jubar
2169 1883 2245 1922 duo
2261 1874 2438 1929 libri.cla-'=l
2470 1927 2471 1930 Ἰ

1384 1945 1464 1969 rum
1479 1932 1588 1981 jubar
1611 1946 1703 1970 unus
1725 1935 1836 1971 Palat.
1857 1933 1970 1970 clarus
1980 1931 2092 1982 jubar
2103 1935 2241 1973 Moret.
2262 1935 2429 1975 attuleras

1385 1985 1522 2032 Regius
1545 1985 1583 2020 &
1604 1984 1793 2021 Leidenfis
1820 1996 1924 2021 unus.
2423 1992 2431 2003 ’

1438 2047 1522 2093 665.
1555 2045 1619 2081 Ad
1641 2046 1871 2095 Cephalum]
1903 2046 2095 2097 Cephaelon
2110 2058 2204 2086 unus
2222 2029 2435 2094 Heinfiissi
2472 2066 2473 2069 ¹

1388 2097 1537 2146 Thyfii.
1570 2097 1619 2134 ita
1644 2099 1682 2134 δί
1702 2097 1794 2146 supr.
1816 2109 1900 2147 493.
2436 2094 2440 2124 5

1441 2160 1528 2206 667.
1554 2159 1707 2210 Altus.]
1737 2166 1851 2197 Artus
1873 2172 1966 2198 unus
1986 2160 2142 2199 Heinfii.

1443 2226 1530 2274 669.
1558 2231 1746 2275 fraterque
1772 2228 1864 2264 viros
1886 2225 1934 2262 ad
1956 2225 2046 2263 bella
2062 2225 2229 2275 legebant.
2251 2226 2268 2277 ]
2299 2228 2341 2266 In
2369 2236 2441 2269 eoa:

1392 2276 1478 2314 dem
1503 2288 1613 2320 meo,
1644 2277 1692 2312 ad
1713 2276 1800 2314 bella
1824 2277 2021 2314 movebant.
2059 2279 2100 2314 ln
2142 2278 2256 2315 altero
2286 2279 2324 2316 ὃ(
2344 2267 2437 2325 dqu

1391 2327 1456 2365 bus
1475 2327 1597 2364 Vatie.
1619 2327 1791 2373 Briantii,
1819 2329 1857 2365 δε
1879 2327 2031 2365 Caelest.
2062 2327 2126 2364 Ad
2146 2327 2233 2364 bella
2247 2328 2431 2379 parabam&
2481 2362 2483 2375 ,

1395 2378 1612 2415 Cmrmus.
1655 2378 1697 2415 In
1718 2379 1883 2427 plurimis
1903 2387 2071 2416 veterum
2087 2407 2096 2422 ‚
2123 2378 2315 2416 movebant
2330 2408 2340 2424 ,
2365 2391 2432 2417 mo·
2482 2383 2483 2401 ³

1395 2428 1549 2473 nebunt,
1570 2428 1770 2477 parabant,
1798 2428 1969 2477 regebant.
1996 2430 2033 2466 in
2051 2429 2126 2466 aliis
2140 2457 2149 2470 ‚
2165 2429 2347 2476 gerebant,
2374 2442 2431 2466 vo·
2481 2433 2483 2454 ἵ

1397 2479 1525 2515 cabant
1539 2507 1548 2523 ‚
1572 2479 1783 2528 premebant.
1838 2480 1985 2517 Frustra.
2003 2480 2092 2517 hinc
2110 2479 2254 2516 deleczus
2273 2481 2338 2517 seu
2353 2478 2447 2516 dile-³·

1401 2532 1474 2566 clus
1495 2529 1665 2567 militum.
1694 2532 1732 2568 in
1763 2543 1840 2569 uno
1860 2541 1984 2568 tamen
2006 2530 2169 2567 Palatino
2184 2558 2194 2574 ‚
2215 2542 2282 2578 pro
2300 2527 2434 2568 diversfi

1400 2580 1584 2625 lechone,
1613 2580 1756 2618 ciebant.
1794 2592 1871 2618 non
1894 2581 2003 2618 male.
2029 2581 2238 2619 Hssmsius.
2274 2579 2435 2630 Legebant

1401 2643 1479 2669 non
1501 2631 1746 2668 movendum.
1775 2629 1904 2679 Virgil.
1925 2644 2013 2669 vm.
2036 2643 2117 2679 547.

1456 2707 1616 2752 {Quorum
1636 2703 1677 2740 de
1703 2717 1844 2760 numero
1858 2732 1867 2745 ,
1895 2706 1956 2761 qui
1968 2705 2038 2755 fise
2058 2707 2097 2744 in
2115 2706 2204 2744 bella
2215 2708 2406 2759 sequantur

1458 2754 1671 2802 praestantes
1691 2765 1825 2792 virtute
1846 2754 1937 2805 legit.

1413 2829 1545 2868 Claud.
1564 2828 1653 2868 Bell.
1672 2830 1795 2869 Getic.
1815 2843 1901 2877 401.

1467 2898 1514 2931 Et
1536 2893 1620 2930 bello
1640 2893 1811 2944 quaesivit
1833 2904 1924 2945 opes,
1952 2894 2099 2946 legitque
2112 2904 2290 2946 precantes

1466 2944 1671 2981 Auxilium.

1421 3018 1596 3067 Spartian.
1616 3022 1739 3059 Carae.
1764 3035 1841 3072 cap.
1862 3036 1916 3061 vr.
1945 3024 2023 3072 Legi
2044 3023 2150 3060 etiam
2179 3022 2314 3059 validos
2333 3019 2379 3057 ad
2388 3018 2452 3058 mi·

1420 3068 1538 3105 litiam
1557 3072 1721 3120 praecepit
1735 3101 1744 3115 ‚
1773 3087 1824 3109 eos
1842 3085 1962 3111 autem
1983 3075 2043 3124 qui
2061 3073 2185 3120 legerat
2205 3072 2320 3111 occidi.
2335 3071 2451 3118 Justin.

1421 3131 1510 3156 xui.
1540 3132 1567 3156 1.
1596 3135 1676 3169 quos
1699 3122 1893 3172 Philippus,
1948 3138 2028 3161 mox
2053 3122 2260 3160 Alexander
2280 3132 2380 3160 tanta
2399 3131 2454 3155 cu·

1421 3183 1471 3257 νιί)
1484 3170 1619 3260 [ςςενὲι.
1648 3173 1686 3209 &
1707 3175 1754 3212 ita
1779 3188 1840 3216 ver
1860 3175 1982 3214 virum
1995 3174 2117 3222 legere,
2130 3172 2168 3211 &
2189 3172 2317 3212 similia
2335 3169 2456 3220 paffim

1422 3232 1445 3259 o
1475 3232 1543 3260 vra.
1603 3236 1698 3262 uari.

2267 3321 2351 3368 670.
2377 3315 2462 3364 Pul7
