2483 3616
155 147 292 188 1100
395 127 718 202 JOAN.
794 122 1053 182 GUL.
1128 82 2042 184 CAPOF'ERREUS

209 262 258 294 05
273 254 359 305 petit
371 282 381 299 ,
407 266 452 296 <9¹
463 257 580 305 fixeras
595 251 714 292 inhiat
739 251 904 290 divellere
925 249 1061 290 vultus.

211 307 297 344 Fab.
316 319 378 344 111.
397 307 486 345 vers.
499 308 559 354 70.
587 308 690 355 Qae
706 304 824 341 videre
842 303 950 350 nefas.

155 357 295 397 Melius
313 357 500 396 videretur
513 387 523 404 ,
550 359 652 408 Qut
661 357 796 405 juvere.

207 408 299 447 Ead.
320 409 404 446 Fab.
422 408 511 448 vers.
530 409 589 458 83.
617 413 742 456 Longos
761 417 892 456 quoque
911 401 1056 442 brachia
1074 413 1165 440 vera

211 459 282 508 Effe
296 468 395 508 putes
415 473 540 498 ramos.

158 511 303 550 Melior
330 510 404 548 fine
433 511 546 549 dubio
578 508 626 546 est
654 506 790 546 lectio:
816 507 1033 556 porreeiaque
1062 502 1205 561 brachia

156 575 266 598 veros.
329 562 399 600 Sed
442 561 525 599 cum
568 559 714 597 codices
754 557 1015 607 diligentissimi
1053 555 1205 593 Crofani

158 621 356 662 utramque
386 612 540 650 habeant
564 610 769 648 lectionem
792 637 802 653 ,
848 609 874 646 fi
906 609 964 646 cui
997 608 1095 656 prior
1117 606 1206 643 stru-

161 662 262 701 &ura
286 664 399 712 magis
428 663 569 712 placet,
598 662 625 699 is
644 661 766 710 legat:
798 673 896 697 veros
913 671 1045 711 quoque
1062 657 1207 696 brachia

160 714 218 751 lon
241 727 272 751 a.

217 727 240 764 g
267 764 349 802 Fab.
368 776 406 803 V.
434 764 525 803 vers.
540 764 622 812 163.
650 762 818 800 Carmine
837 759 987 798 deliniit.

210 814 379 864 Legend.
406 815 542 853 delinit.
570 815 619 851 est
647 815 747 851 enim
771 811 1075 860 secundalonga,
1104 809 1211 848 &in-

152 865 256 913 sonat
281 866 468 914 praeceffit
490 894 502 912 ‚
530 865 693 915 praesens
720 864 918 907 videlicet,
955 874 1034 901 non
1054 870 1215 912 praeter-

159 924 267 954 itum.

267 966 353 1006 Fab.
372 979 463 1007 vm.
483 967 571 1005 vers.
594 967 678 1014 264.
707 964 879 1003 Exhibita
897 964 1006 1015 estque
1025 963 1152 1001 Thetis.

161 1016 240 1055 Cur
259 1030 337 1056 non
361 1019 598 1067 Exhibuitque
612 1018 739 1056 Thetin
753 1046 762 1062 ,
791 1016 896 1066 quod
915 1016 1066 1054 nitidius
1087 1013 1174 1054 esset
1193 1013 1211 1053 ?

161 1068 203 1106 ὅ(
223 1069 376 1107 fortaffis
398 1071 489 1114 fuit,
517 1078 556 1107 ut
576 1070 662 1107 Lib.
683 1068 752 1106 Vl.
774 1067 865 1105 vers.
885 1078 946 1117 43.

212 1125 303 1158 Tum
318 1126 392 1156 Dea
405 1120 525 1164 ,venit
539 1149 549 1164 ‚
569 1121 620 1157 ait
632 1135 644 1163 ς
665 1121 893 1171 firmamque
907 1116 1214 1164 removitanilem,

209 1170 432 1221 Palladaque
450 1171 622 1209 exhibuit.

266 1221 353 1260 Fab.
374 1235 426 1259 ix.
446 1222 534 1260 vers.
557 1234 642 1271 299.

213 1270 313 1309 Illius
331 1271 450 1310 virtus
467 1286 553 1322 reges
569 1283 750 1323 gentesque
760 1271 908 1321 subegit.

160 1321 297 1361 Versus
326 1323 387 1361 hic
413 1324 536 1362 nescio
565 1324 765 1374 quomodo
791 1335 893 1362 aures
915 1333 1016 1360 meas
1036 1333 1116 1362 non
1137 1323 1211 1362 im-

162 1373 238 1423 plet
252 1401 262 1419 ,
291 1374 328 1412 δι
349 1374 516 1413 existimo
542 1373 645 1414 fuiffe
666 1388 675 1413 :
706 1374 774 1413 Illa
795 1374 865 1424 ejus
882 1374 1013 1413 virtus.

267 1424 353 1464 Fab.
373 1437 409 1464 X.
435 1426 524 1464 vers.
545 1437 629 1475 351.

213 1476 345 1513 Pendet
365 1487 408 1516 ca·
425 1477 489 1526 ipse
508 1488 603 1514 metu
621 1475 774 1527 trepidus
795 1474 1011 1526 Trachynius
1032 1476 1138 1516 heros.

164 1527 379 1574 Quomodo
418 1530 531 1566 etiam
574 1528 683 1578 Ceyx
720 1535 824 1565 metu
857 1527 1019 1576 trepidus
1048 1527 1215 1577 pendet,

164 1576 251 1614 cum
269 1578 396 1616 Peleus
409 1606 419 1621 ‚
449 1580 552 1628 cujus
573 1591 628 1617 res
646 1578 842 1628 agebatur,
865 1590 945 1616 non
955 1579 1136 1628 trepidet,
1156 1578 1217 1618 sed

162 1628 271 1676 plane
293 1630 478 1667 interritus
504 1631 687 1668 famulum
718 1629 901 1679 quidquid
924 1638 1094 1678 apportet
1111 1642 1216 1669 enar-

162 1689 242 1716 rare
266 1680 394 1728 J'ubeat
418 1679 433 1718 ?
463 1681 509 1718 Et
539 1693 636 1730 quae
663 1681 923 1730 trepidationis>
951 1679 1090 1726 caussa,
1127 1693 1214 1720 cum

162 1732 404 1768 armentarius
433 1743 511 1769 non
535 1733 741 1781 periculum
756 1759 767 1774 ,
802 1731 862 1769 sed
885 1731 1028 1770 cladem
1047 1733 1215 1778 nuntiet,

163 1779 204 1817 in
233 1792 305 1828 qua
333 1782 453 1831 major
483 1783 532 1820 est
562 1783 669 1821 dolor
704 1781 821 1832 quam
850 1783 966 1820 timor
993 1781 1008 1820 ἓ
1039 1783 1217 1834 Denique

165 1828 251 1868 cum
279 1832 318 1869 in
344 1832 513 1871 sermone
540 1833 700 1872 duorum
728 1833 903 1883 personae
931 1833 1024 1879 sint,
1059 1836 1151 1879 Hic,
1179 1837 1218 1873 δε

170 1880 251 1924 Ille,
292 1893 370 1930 quo
399 1885 503 1920 tertia
531 1885 683 1931 persona
717 1886 874 1934 Ceycis,
903 1884 970 1922 nisi
1004 1885 1051 1923 ad
1079 1886 1218 1925 oratio-

164 1942 254 1970 nem
283 1933 576 1980 perturbandam.
629 1935 743 1973 Tolle
773 1936 884 1983 igitur
913 1935 1084 1979 versum,
1113 1938 1152 1975 ὅ(
1172 1949 1218 1975 ex

164 1982 325 2071 {pil-iore
354 1985 531 2022 orationis
555 1986 730 2034 jun&ura
756 1986 887 2025 Ovidii
918 1998 998 2025 non
1025 1985 1097 2027 effe
1125 2000 1219 2027 con-

179 2045 213 2072 ·a
241 2043 281 2071 it.

275 2084 359 2122 Fab.
375 2096 466 2122 xm.
495 2084 585 2123 vers.
605 2085 692 2134 643.

219 2134 285 2172 Ille
304 2136 343 2172 in
353 2135 503 2173 humum
516 2165 527 2181 ,
542 2140 763 2185 saxumque,
775 2136 991 2186 undamque,
1003 2138 1220 2187 trabemque,

221 2187 390 2237 Qaeque
410 2198 527 2224 carent
547 2188 673 2224 anima
686 2215 696 2232 ,
715 2187 900 2235 fallaciter
919 2188 1038 2225 omnia
1058 2188 1196 2237 transit.

166 2236 438 2276 Existimaffem
471 2237 542 2276 effe
571 2239 706 2276 vitium
739 2239 1077 2288 Typographicum
1101 2267 1112 2283 ,
1153 2237 1223 2277 nifi

170 2287 344 2326 Heinsius
370 2301 524 2338 quoque
552 2288 600 2326 fic
619 2289 792 2327 haberet:
822 2289 920 2328 unde
937 2289 1223 2330 admonendum

169 2340 241 2387 est,
270 2343 438 2388 transfert
454 2341 526 2390 legi
544 2340 701 2385 debere,
728 2351 806 2378 non
825 2340 970 2380 transit.

404 2441 770 2481 LIBRO
851 2441 980 2480 XII.

223 2542 310 2582 Fab.
329 2556 356 2582 1.
380 2544 471 2581 vers.
484 2555 544 2590 25.
570 2553 613 2584 (φ
623 2542 714 2592 sunt
733 2542 795 2594 qui
808 2551 946 2591 parcere
965 2543 1087 2593 Trojae

229 2598 431 2643 Neptunum
451 2595 594 2632 credant
607 2624 617 2641 ,
646 2595 731 2645 quia
751 2594 887 2632 moenia
897 2598 1034 2642 fecerat
1053 2594 1160 2635 urbis.

174 2645 300 2681 malim
313 2646 447 2690 fecerit.

278 2693 363 2731 Fab.
376 2709 437 2733 xxx.
456 2699 545 2737 vers.
569 2711 649 2748 132.
677 2696 870 2745 Gladioque
887 2696 1038 2745 adversa
1059 2698 1197 2736 reduelo

225 2750 291 2781 Ter
310 2756 433 2795 quater
450 2763 506 2785 ora
529 2751 601 2788 viri
621 2748 736 2797 capulo
759 2760 850 2785 cava
870 2757 1022 2798 tempora
1029 2750 1163 2799 pulsat.

225 2794 339 2832 Forte
354 2823 363 2839 ,
392 2796 487 2841 Viri,
515 2811 557 2837 φ’
577 2801 704 2849 capula.

283 2845 368 2883 Fab.
387 2857 458 2884 vit.
479 2849 567 2885 vers.
590 2853 671 2893 624-
698 2848 765 2885 soli
785 2849 969 2887 Telamone
982 2860 1094 2887 creatu
1112 2878 1122 2895 ,

230 2901 444 2947 Laertaeque
458 2898 533 2944 fuit
553 2908 675 2934 tantae
686 2899 818 2942 fiducia
841 2901 969 2939 laudis.

229 2948 350 2995 Lego.
379 2948 462 2985 sotis
483 2948 664 2986 Telamone
681 2948 804 2984 creatis

228 3002 429 3050 Laerteque.

429 3080 1031 3122 LIBROXIII.

283 3167 369 3206 Fab.
392 3179 417 3205 ι.
443 3165 532 3203 vers.
553 3177 634 3213 254.

232 3225 347 3255 Arma
363 3229 481 3265 negate
503 3216 615 3261 mihi,
634 3216 814 3267 fueritque
829 3216 1002 3266 benignior
1021 3215 1137 3267 Ajaxi

175 3269 343 3308 Muretus
363 3282 370 3306 :
392 3271 489 3317 serat
509 3267 652 3306 haecut
674 3267 808 3317 dignior
826 3269 941 3319 Ajax,

1259 246 1360 285 Mihi
1377 247 1531 297 quidem
1554 249 1726 300 benignior
1745 264 1822 290 non
1844 251 1989 301 placet;
2017 251 2078 292 sed
2095 254 2317 295 emendatio

1259 299 1401 337 Mureti
1431 298 1589 338 nimium
1621 300 1644 338 a
1669 303 1841 352 scriptura
1862 303 2013 343 recedit.
2039 305 2168 345 medio
2188 307 2311 355 certis-u,

1260 348 1371 387 fimus
1392 350 1480 388 ibis:

1304 401 1486 450 fueritque
1509 401 1564 438 his
1583 400 1719 449 dignior
1742 405 1855 452 Ajax.

1366 451 1451 489 Fab.
1471 465 1516 490 11.
1540 453 1628 491 vers.
1652 464 1735 500 294.

1311 501 1548 553 Diverfiisque
1567 502 1664 540 urbes
1676 531 1686 548 ,
1715 502 1935 554 nitidumque
1952 508 2088 551 Orionis
2103 509 2228 558 ensem.

1315 554 1415 591 Inter
1437 556 1550 592 lide-ra
1572 555 1695 592 nullae
1713 554 1829 592 urbes.
1856 555 1989 606 Lego:

1312 605 1546 654 Diverfhsque
1561 605 1666 642 orbes.

1371 656 1464 695 Ead.
1483 657 1569 694 Fab.
1590 656 1678 694 vers.
1699 668 1785 707 332.

1318 711 1429 757 thue
1450 708 1505 744 tui
1525 706 1636 752 mihi,
1656 705 1707 756 sic
1721 707 1792 755 fiat
1809 706 1876 744 tibi
1895 708 1986 758 copia
2003 710 2117 758 nostri.

1266 757 1403 796 Versus
1423 759 1511 797 huic
1529 759 1617 796 loco
1637 758 1782 807 ineptus
1796 787 1806 803 ,
1833 770 1903 797 nec
1922 760 1971 798 est
1995 762 2148 800 verbum
2166 776 2243 815 quo
2257 765 2314 804 su-²

1267 808 1464 855 stentetur;
1494 811 1533 848 ὃς
1553 810 1723 848 Muretus
1737 811 1817 859 jam
1839 810 1930 848 olim
1953 811 2152 851 delendum
2163 816 2314 862 censuit,

1269 869 1311 900 ut
1329 860 1397 911 qui
1415 862 1453 900 in
1472 861 1566 900 libro
1587 860 1773 900 Vaticano
1792 873 1871 900 non
1891 863 2103 910 reperiatur.

1510 963 1546 1002 L
1599 962 1617 1002 1
1668 962 1698 1002 B
1750 963 1787 1002 R
1839 963 1877 1002 Ο
1956 963 2100 1005 XIV.

1372 1065 1458 1104 Fab.
1477 1078 1504 1104 r.
1525 1065 1615 1104 vers.
1633 1077 1696 1117 23.

1268 1121 1341 1155 Nec
1364 1117 1518 1154 medeare
1539 1116 1650 1162 mihi,
1672 1119 1841 1168 firnesque
1859 1116 1941 1155 haec
1961 1116 2114 1156 vulnera
2133 1119 2287 1159 mande?

1269 1169 1419 1217 fineque
1439 1168 1492 1206 m'l
1509 1176 1587 1216 opus
1606 1167 1662 1212 est.-
1683 1178 1822 1218 partem
1835 1171 1934 1216 ferat
1955 1168 2020 1206 illa
2041 1169 2175 1208 caloris.

1265 1220 1415 1271 fineque
1443 1221 1566 1270 primo
1595 1220 1713 1259 statim
1743 1221 1880 1259 intuitu
1919 1228 2136 1270 corruptum
2162 1227 2323 1272 apparet.

1265 1270 1390 1321 Lego:
1645 1270 1780 1320 Frigore
1796 1271 1850 1309 nil
1870 1279 1951 1321 opus
1965 1271 2021 1320 est.

1372 1322 1464 1361 Ead.
1483 1321 1570 1361 Fab.
1585 1322 1676 1361 vers.
1700 1334 1760 1370 30.

1268 1372 1408 1423 Dignus
1425 1386 1500 1412 eras
1522 1374 1615 1411 ultro
1629 1383 1766 1424 poteras
1787 1382 1938 1425 certeque
1959 1373 2084 1423 rogari.

1324 1426 1456 1464 Versus
1468 1452 1477 1469 ‚
1506 1425 1871 1475 quomodocumque
1886 1426 2166 1475 interpungatur
2178 1453 2188 1470 ‚
2216 1425 2340 1475 pland-

1271 1476 1370 1515 rudis
1400 1478 1438 1514 ὅ(
1464 1477 1528 1515 vix
1557 1476 1756 1515 tolerabilis
1789 1477 1827 1514 in
1856 1487 2000 1525 puero,
2028 1477 2093 1526 qui
2115 1476 2235 1515 versus
2252 1480 2325 1527 pri-

1272 1527 1377 1566 mum
1400 1528 1520 1566 facere
1540 1528 1718 1577 incipiat,
1744 1527 1882 1566 nedum
1905 1527 1985 1565 talis
2001 1555 2012 1571 ,
2039 1535 2079 1566 ut
2100 1527 2250 1566 adscribi
2262 1529 2327 1567 de-

1271 1578 1355 1617 beat
1385 1579 1646 1618 consummato
1676 1579 1848 1617 Poetae:
1884 1576 2028 1616 Verum
2054 1577 2169 1628 quarn
2199 1577 2327 1628 aperte

1273 1629 1492 1675 mendosus,
1519 1629 1599 1668 tarn
1627 1629 1796 1669 correetu
1815 1629 1989 1674 difficilis,
2017 1629 2056 1667 ὃ(
2076 1630 2178 1678 cujus
2198 1641 2325 1668 veram

1273 1681 1581 1720 emendationem
1623 1682 1687 1719 vix
1726 1680 1840 1719 ausim
1874 1680 2041 1729 polliceri
2065 1707 2077 1725 ,
2123 1679 2184 1717 sed
2214 1691 2326 1718 verae

1272 1734 1483 1782 proximam
1505 1761 1516 1778 ‚
1563 1733 1603 1771 δε
1632 1732 1808 1782 tantisper
1838 1732 2052 1782 placituram
2073 1757 2084 1777 ,
2122 1730 2212 1770 dum
2242 1732 2326 1781 quis

1273 1784 1558 1834 probabiliorem
1579 1784 1762 1822 attulerit:

1324 1836 1463 1885 Dignus
1483 1848 1559 1873 eras
1577 1835 1670 1872 ultrb
1683 1836 1781 1884 ponti
1799 1833 1825 1872 ὰ
1845 1833 1990 1883 consorte
2006 1832 2131 1883 rogari.

1272 1890 1377 1925 Ponti
1395 1889 1524 1935 consors
1552 1886 1739 1924 Ovidiana
1755 1884 1888 1935 phrasis
1904 1885 1954 1922 est
1967 1913 1978 1930 ‚
2006 1894 2046 1923 ut
2064 1883 2174 1932 Epist.
2194 1882 2325 1920 Brisei-

1272 1938 1342 1976 dos
1355 1966 1365 1984 ,
1394 1938 1483 1976 vers.
1496 1949 1556 1985 47.
1583 1940 1761 1986 Confhrtes
1774 1936 1970 1986 generisque
1982 1934 2150 1984 necisque,
2164 1935 2200 1971 &
2213 1933 2325 1981 Epist.

1277 1989 1457 2039 Sapphus,
1470 1989 1558 2028 vers.
1569 2000 1631 2038 29.
1643 1987 1795 2026 Alcaeus
1807 1987 1934 2034 confhrs
1939 1984 2142 2033 patriaeque
2152 1984 2328 2039 lyraeque.

1277 2040 1348 2079 Sed
1380 2039 1551 2089 profeet‘o
1579 2039 1653 2088 ipsa
1678 2037 1811 2086 phrasis
1848 2037 1885 2073 δε
1910 2036 2104 2083 scripturae
2134 2043 2325 2084 utrlusque

1276 2091 1531 2140 propinquitas
1555 2101 1618 2127 me
1647 2087 1815 2131 inducit,
1842 2093 1902 2129 ut,
1931 2085 2035 2134 quod
2051 2084 2254 2133 praefiscini
2271 2085 2329 2123 di-

1279 2140 1381 2179 etum
1416 2142 1480 2185 fit,
1506 2140 1596 2178 nihil
1623 2138 1743 2176 verius
1773 2145 1835 2176 aut
1866 2135 2005 2176 felicius
2035 2136 2073 2175 in
2096 2135 2242 2175 Ovidio
2262 2146 2327 2175 me

1277 2189 1485 2229 emendasse
1503 2190 1723 2227 existimem.

1382 2242 1473 2280 Ead.
1493 2240 1579 2279 Fab.
1599 2240 1689 2278 vers.
1709 2239 1769 2289 58.

1331 2298 1394 2330 Ter
1415 2292 1532 2330 novies
1553 2305 1691 2329 carmen
1711 2289 1840 2340 magico
1859 2290 2107 2328 demurmurat
2124 2302 2191 2328 ore.

1279 2344 1342 2383 De
1371 2345 1479 2393 hujus
1506 2343 1675 2381 lectionis
1708 2345 1859 2380 veritate
1890 2343 2009 2380 fateor
2036 2353 2099 2378 me
2119 2337 2292 2379 dubitaffe
2317 2341 2329 2378 ε’

1278 2404 1476 2443 propterea
1494 2393 1599 2443 quod
1618 2402 1674 2431 ter
1694 2394 1826 2431 novies
1846 2391 1932 2430 esset
1953 2393 2064 2429 vicies
2084 2391 2212 2440 septies
2225 2419 2235 2435 ,
2261 2392 2328 2440 qui

1279 2457 1455 2483 numerus
1477 2446 1514 2483 in
1534 2444 1842 2482 incantationibus
1857 2442 2104 2482 veneficarum
2118 2442 2344 2491 incognitus-

1280 2497 1342 2535 est.
1404 2498 1457 2535 At
1490 2495 1575 2534 curn
1618 2496 1779 2533 Glaucus
1812 2495 1905 2533 libro
1935 2494 2121 2544 superiore
2155 2502 2330 2532 extremo

1279 2547 1371 2586 vers.
1390 2560 1476 2597 952.
1504 2547 1551 2586 de
1569 2547 1604 2585 se
1627 2547 1786 2585 referat:

1279 2603 1327 2635 Et
1339 2608 1509 2648 purgante
1528 2600 1623 2645 nefas
1639 2597 1756 2634 novies
1771 2596 1861 2634 mihi
1879 2595 2033 2633 carmine
2054 2594 2164 2640 dieto,
2192 2604 2263 2636 φτ.

1280 2654 1344 2687 Ter
1373 2651 1490 2688 novies
1520 2662 1599 2688 non
1631 2647 1913 2697 intelligendum
1944 2647 1993 2684 est
2023 2648 2137 2685 vicies
2162 2644 2326 2692 septiesg

1278 2701 1340 2739 sed
1357 2712 1425 2750 pro
1445 2713 1492 2739 eo
1505 2729 1516 2746 ,
1544 2699 1648 2751 quod
1668 2699 1716 2737 est
1730 2727 1741 2745 ,
1769 2708 1824 2738 ter
1844 2699 1905 2736 vel
1922 2698 2075 2744 novies,
2102 2693 2328 2734 utdicisolet

1279 2762 1331 2789 ter
1349 2762 1485 2802 quater.

1385 2803 1469 2841 Fab.
1491 2814 1526 2841 ν.
1551 2801 1641 2841 vers.
1663 2802 1746 2850 169.
2046 2845 2053 2852 ⁶
2205 2844 2213 2851 ·

1334 2860 1426 2891 Haec
1446 2853 1536 2891 mihi
1557 2854 1595 2890 ni
1613 2853 1721 2901 potior
1738 2851 1858 2887 damus
1878 2846 1922 2894 est
1941 2845 2119 2895 Ithacique
2140 2857 2260 2883 carina
2274 2860 2287 2882 e

1336 2906 1457 2954 Lego,
1481 2912 1557 2941 Hac
1569 2904 1658 2941 mihi
1660 2901 1696 2949 fi
1697 2901 1803 2947 potior
1812 2899 1932 2934 demus
1942 2896 1984 2944 est
1998 2896 2178 2946 Ithaceque
2189 2894 2328 2935 carind-

1284 2956 1434 3004 Nempe
1460 2955 1487 2992 fi
1517 2955 1650 2991 domus
1680 2951 1877 2996 Ithaceque
1905 2948 2030 2996 potior
2059 2948 2107 2985 est
2137 2947 2228 3002 mihi
2254 2947 2326 2985 hac

1284 3007 1415 3043 carina.
1466 3001 1762 3041 Achaemenides
1787 2999 1860 3048 ipse
1880 2999 1926 3036 de
1955 2998 1990 3036 se
2010 2997 2105 3047 apud
2125 2997 2337 3048 Virgilium.

1281 3055 1434 3094 AEneid.
1449 3066 1511 3093 111.
1526 3053 1613 3092 vers.
1631 3054 1714 3100 613.
1742 3056 1826 3088 Sum
1836 3049 1962 3100 -patria
1978 3063 2020 3087 ex
2042 3048 2179 3088 Ithaca.

1335 3105 1420 3144 Fab.
1437 3117 1509 3144 vir.
1533 3103 1618 3141 vers.
1645 3115 1729 3153 325.

1619 3167 1726 3204 neque
1743 3151 1859 3188 adhuc
1868 3151 2025 3202 spee‘iasse
2042 3160 2093 3189 tot
2112 3163 2222 3189 annor

1330 3208 1600 3256 §Quinquennem
1615 3213 1747 3255 poterat
1759 3203 1908 3252 Grajam
1920 3213 2043 3252 quater
2052 3201 2146 3238 edere
2156 3205 2326 3251 pugnam-²

1277 3259 1405 3299 Locus
1421 3257 1466 3297 acl
1485 3256 1688 3307 AEsculapii
1708 3256 1836 3294 fanum
1849 3254 2008 3304 spectare
2026 3252 2260 3301 manifestus,
2285 3255 2330 3310 ξι

2284 3315 2325 3345 m
