2483 3616
224 134 1103 294 JoANNIS

1238 131 2241 274 GULIELMI

686 300 1748 392 C'APOFERREI

448 531 1984 608 ANIMADVERSIONES

1146 744 1172 791 I

1239 742 1295 790 N

138 924 679 1029 OV-IDII
806 921 2294 1037 METAMORPHOSIN.

279 1201 317 1238 δε
337 1199 474 1249 aliquid
493 1199 676 1249 agendum
701 1197 788 1237 effer
803 1227 812 1243 ,
838 1209 878 1239 ut
902 1202 1067 1240 fallerem
1091 1211 1190 1240 tem-

278 1262 343 1300 pus
359 1279 367 1294 ,
397 1252 505 1299 coepi
533 1250 701 1288 conferre
727 1251 822 1288 inter
843 1252 877 1289 se
900 1253 1082 1291 editiones
1101 1253 1189 1292 duas

137 1303 271 1342 Ovidii
302 1301 689 1351 Metamorphoseon:
728 1300 966 1343 Basileensem
987 1333 998 1350 ,
1030 1305 1189 1353 publica-

135 1361 212 1392 tam
243 1352 265 1391 ὲ.
297 1353 382 1391 Nic.
415 1353 630 1402 Brylingero
653 1381 662 1397 ,
712 1364 811 1391 anno
837 1354 968 1394 saeculi
995 1355 1187 1405 superioris

136 1404 292 1447 XLV1;
324 1404 661 1454 &Lugdunensem
679 1432 689 1448 ‚
718 1404 903 1454 vulgatam
915 1406 1188 1454 abJoan.Frel-

134 1454 266 1501 Ionio,
304 1467 404 1493 anno
439 1456 605 1505 ejusdem
640 1455 770 1494 saeculi
801 1457 885 1496 LV.
917 1470 1072 1508 quarum
1095 1458 1187 1496 haec

78 1540 83 1546 .
136 1505 252 1544 nitida
279 1505 362 1543 sane
381 1507 419 1544 ὃς
439 1508 581 1556 elegans
597 1534 607 1552 ,
635 1507 693 1545 illa
715 1506 804 1545 vero
819 1536 828 1553 ,
857 1507 931 1559 qua
953 1508 1185 1558 propofitum

136 1558 326 1606 exemplar
355 1556 477 1595 secuta
508 1558 579 1601 est,
609 1559 780 1596 omnium
798 1587 806 1603 ‚
835 1572 923 1608 quas
943 1560 1117 1599 hactenus
1138 1561 1189 1598 le-·

134 1608 205 1656 gi,
244 1608 503 1657 castigatiffima
538 1616 649 1653 atque
677 1609 980 1649 emendatiffima.
1034 1611 1097 1649 Ad
1126 1613 1188 1650 has

134 1665 262 1695 tamen
301 1659 340 1696 ὃς
380 1660 523 1697 tertiam
562 1660 711 1698 adhibui
749 1661 926 1707 prolatam
960 1662 1003 1700 ab
1037 1663 1186 1701 Andrea

136 1707 322 1746 Weclrelo
356 1709 589 1748 Francofurti
617 1722 715 1748 anno
743 1711 837 1756 XC,
866 1721 931 1757 ut,
960 1713 1003 1751 ab
1035 1722 1113 1752 utra
1144 1726 1185 1752 ea

134 1759 198 1796 vel
227 1759 332 1797 staret
355 1788 365 1804 ,
400 1761 461 1798 vel
494 1761 708 1810 discreparet
730 1789 740 1806 ,
777 1763 961 1812 majorem
983 1764 1032 1802 illi
1061 1765 1186 1802 mino-

134 1819 264 1847 remve
303 1811 475 1850 haberem
518 1811 645 1850 fidem.
698 1812 768 1851 Sed
810 1815 972 1860 accidit,
1019 1824 1060 1854 ut
1100 1815 1185 1854 ciim

134 1858 260 1908 scripta
282 1872 365 1899 mea
380 1890 389 1905 ,
417 1875 512 1912 quae
531 1864 667 1901 multos
688 1876 752 1912 per
775 1876 891 1904 annos
914 1866 1083 1916 congesta
1102 1868 1185 1906 Pra-

136 1907 182 1965 gfi
205 1912 416 1966 navigarant
444 1913 589 1952 Stadarn
605 1943 615 1959 ,
645 1914 804 1963 Lipfiam
825 1916 870 1955 ad
891 1929 952 1955 me
971 1918 1071 1968 quasi
1091 1919 1186 1967 post·

135 1959 283 1998 liminio
304 1972 594 2008 reverterentur,
623 1977 699 2002 non
720 1965 839 2005 modo
857 1969 998 2006 turbata
1020 1969 1133 2007 essent
1149 1970 1188 2006 δε

138 2009 325 2060 diffipara,
352 2013 413 2050 sed
443 2016 555 2051 etiam
587 2015 707 2052 multis
740 2017 828 2054 locis
867 2018 1010 2056 defedta
1033 2021 1071 2057 &
1091 2020 1186 2057 hiul-

136 2072 208 2100 ca:
247 2069 359 2111 atque
388 2065 482 2100 inter
514 2072 632 2102 cetera
661 2066 822 2105 Collario
850 2069 941 2107 haec
970 2070 1065 2108 adeo
1091 2070 1187 2107 male

134 2111 282 2157 habita,
311 2121 351 2151 ut
380 2125 424 2150 ex
455 2125 496 2151 ca
523 2115 613 2152 nihil
640 2114 807 2162 superfit,
835 2129 977 2167 praeter
997 2121 1130 2158 librum
1157 2121 1184 2158 Ι.

138 2161 178 2199 ὃς
199 2162 246 2200 11.
276 2171 355 2201 tum
383 2164 447 2200 ΙΧ.
476 2166 514 2201 &
543 2174 682 2212 partem
707 2166 855 2206 decimi.
884 2170 980 2207 Ciirn
1002 2171 1093 2209 vero
1114 2184 1183 2209 nu·

141 1150 347 1289 CUm
379 1148 512 1187 abhinc
538 1158 654 1186 annos
682 1147 814 1196 viginti
835 1151 916 1189 otio
937 1150 1162 1190 abundarem
1177 1179 1189 1196 ,

135 2223 200 2259 per
231 2214 285 2251 vir
313 2215 525 2252 clarislimus
547 2215 705 2261 Jacobus
723 2216 971 2263 Thomafius,
998 2215 1194 2258 Professor

137 2263 353 2310 Lipsiensis,
387 2275 425 2302 ut
454 2266 833 2316 felicissimiingenii,
863 2270 912 2306 ita
934 2272 1182 2309 exactissimae

134 2312 367 2362 diligentiae,
394 2317 527 2364 gratius
545 2328 606 2354 me
628 2317 745 2356 doctis
767 2319 947 2359 facturum
969 2321 1157 2360 censuiffet
1172 2350 1182 2366 ,

133 2363 160 2401 fi
183 2365 534 2404 Animadverliones
555 2368 592 2404 in
616 2369 736 2405 varios
759 2370 924 2408 auctores
946 2384 1045 2410 meas
1063 2374 1179 2422 publi-

132 2415 168 2452 ci
193 2415 282 2462 juris
311 2418 471 2455 facerem
500 2417 615 2467 quam
646 2420 807 2458 carmina
831 2449 841 2465 ,
883 2421 928 2460 ad
951 2434 1046 2472 quae
1065 2425 1181 2461 cuivis

134 2464 155 2501 ὲ
184 2466 304 2504 schola
327 2468 363 2504 in
383 2467 504 2506 lucem
526 2469 774 2517 protrudenda
795 2472 844 2509 est
866 2474 1033 2517 animus;
1064 2474 1182 2512 liben-

133 2524 189 2552 ter
218 2517 256 2554 &
287 2518 424 2556 meritis
450 2519 568 2565 illius,
606 2532 701 2570 quac
732 2523 767 2558 iri
805 2535 865 2560 me
897 2524 1051 2572 plurima
1067 2525 1180 2570 sunt,

131 2565 227 2604 hanc
245 2568 399 2615 gratiam
419 2569 550 2615 habui,
585 2582 626 2609 ut
645 2572 826 2611 voluntati
847 2575 923 2623 ejus
946 2587 1093 2614 morem
1117 2587 1181 2625 ge-

130 2628 272 2661 rerein;
316 2620 353 2656 &
382 2619 524 2668 jndicio
549 2648 559 2664 ,
595 2623 698 2671 quod
727 2635 816 2661 meo
837 2634 1052 2675 antepono,
1081 2627 1182 2666 hunc

132 2665 316 2706 honorem
339 2696 348 2713 ,
397 2679 437 2707 ut
474 2672 511 2707 in
549 2683 595 2708 eo
633 2674 914 2721 acquiescerem.
968 2677 1099 2726 Itaque
1137 2679 1182 2716 ab

134 2716 269 2755 eodem
297 2720 413 2757 Po'e'ta
443 2721 629 2769 publicum
662 2723 993 2772 auspicaturuspin
1020 2740 1097 2777 quo
1119 2729 1178 2767 in-

131 2774 185 2804 tra
213 2766 430 2823 domesticos
461 2773 614 2819 parietes
635 2775 787 2811 Critices
811 2777 1023 2815 tirocinium
1048 2779 1176 2826 posui,

132 2828 212 2855 non
239 2816 317 2873 satis
338 2818 446 2873 habui
463 2825 686 2870 peregrinata
707 2825 764 2861 illa
787 2825 990 2874 fragmenta
1013 2829 1176 2866 recense-

131 2879 172 2905 re
187 2896 197 2912 ,
234 2872 301 2904 nin
326 2875 437 2904 etiam
457 2876 574 2908 totam
595 2874 719 2911 denuo
744 2875 1065 2926 Metamorphosin
1085 2880 1175 2917 rele-

132 2918 257 2966 gendo
289 2929 567 2966 percurrerem:
601 2933 677 2960 non
699 2925 778 2974 jam
807 2927 881 2965 hoc
911 2929 1063 2968 consilio
1086 2958 1097 2976 ,
1136 2939 1176 2969 ut

133 2969 373 3006 collectorem
402 2980 549 3017 agerem
578 2972 756 3013 variarum
783 2978 1032 3025 Lectionum,
1061 2993 1175 3030 quem

134 3020 257 3068 quivis
279 3031 355 3056 non
375 3020 566 3069 indiligens
590 3021 705 3069 potest
721 3050 730 3066 ‚
760 3027 797 3060 3<
813 3029 957 3068 abunde
978 3032 1011 3068 se
1033 3033 1177 3080 praesti-

133 3077 178 3107 tit
197 3069 459 3114 Bersmannus3
489 3070 617 3110 nec‘ut
640 3083 684 3109 ex
699 3073 805 3110 variis
826 3082 980 3122 optimas
1002 3094 1178 3132 verasque

135 3121 391 3159 constituerem
406 3149 415 3165 ,
445 3121 482 3160 id
502 3123 605 3171 quod
628 3121 648 3160 {t
667 3131 723 3161 tot
748 3124 878 3162 Ovidii
891 3130 1179 3172 editoribusten-

133 3178 277 3220 tatum,
314 3170 335 3210 a
357 3174 508 3211 nemine
528 3181 708 3222 patratum
726 3203 735 3220 ,
764 3187 842 3214 non
865 3175 1078 3226 defugerem
1099 3185 1179 3233 pol-

129 3221 253 3266 liceri,
280 3221 328 3267 si,
356 3235 517 3273 quorum
547 3224 708 3269 mistus,
746 3238 875 3265 eorum
908 3227 994 3265 effer
1025 3231 1062 3267 δε
1083 3235 1179 3273 sum-

124 3279 207 3329 ‘sk-³⁵³
228 3272 297 3363 :ried
332 3283 371 3311 ut
398 3276 488 3316 locis
518 3278 650 3331 partim
675 3277 798 3330 aperte}
822 3278 919 3333 male
938 3280 1179 3337 habentibus,

257 3335 324 3362 am.
350 3330 397 3364 ΙΙ.
970 3331 981 3333 ’
1012 3331 1021 3333 “
1060 3331 1067 3333 ’
1090 3332 1135 3335 Ἢ

1245 1152 1378 1200 partim
1410 1150 1619 1190 fallentibus
1646 1151 1764 1201 specie
1792 1152 1974 1197 sanitatis,
2013 1166 2096 1193 eam
2124 1156 2297 1198 afferrem

1246 1202 1471 1240 medicinam
1486 1231 1496 1247 ,
1524 1213 1619 1252 quae
1634 1230 1643 1247 ,
1672 1203 1723 1241 nil
1740 1204 1954 1253 juvantibus
1974 1206 2155 1245 veteribus
2176 1207 2296 1254 libris,

1245 1251 1267 1290 a
1293 1253 1370 1291 solo
1391 1254 1543 1302 ingenio
1565 1252 1682 1291 afferri
1703 1255 1843 1303 potest,
1872 1256 1909 1293 δε
1931 1255 2065 1305 absque
2085 1258 2189 1295 nobis
2208 1258 2297 1298 effer.

1246 1304 1366 1354 (quod
1394 1305 1482 1342 citra
1513 1305 1756 1354 arrogantiam
1790 1307 1828 1343 &
1862 1306 2041 1344 invidiam
2074 1307 2215 1347 dictum
2236 1309 2298 1359 fit)

1244 1366 1433 1405 nunquam
1458 1357 1610 1394 fortassis
1631 1355 1833 1395 afferretur.
1884 1356 2002 1407 Atqui
2024 1365 2064 1396 ut
2084 1358 2132 1396 ita
2150 1359 2187 1397 in
2209 1360 2297 1398 Me-

1243 1406 1496 1455 tamorphosin
1530 1407 1801 1456 ingrediamur,
1837 1407 1915 1458 quo
1948 1419 2015 1446 nos
2034 1408 2197 1447 -secuturi
2229 1422 2296 1449 ve-

1241 1458 1474 1496 nerationem
1524 1459 1717 1497 nobiscum
1759 1458 2049 1507 ingeniosissimo
2090 1459 2292 1500 Poetarum

1242 1508 1402 1548 debitam
1430 1510 1642 1557 concipiant
1658 1537 1668 1554 ‚
1695 1509 1842 1548 odiosus
1861 1511 1898 1548 in
1918 1510 2048 1548 limine
2069 1510 2295 1551 obtrectator

1244 1560 1478 1599 amoliendus
1507 1561 1555 1597 est
1576 1560 1690 1607 Julius
1710 1560 1888 1609 Scaliger,
1917 1563 1981 1609 qui
2004 1560 2087 1599 cum
2110 1561 2297 1601 absolutis-

1244 1611 1379 1649 fimum
1414 1611 1530 1649 divini
1560 1613 1678 1659 operis
1711 1612 1858 1650 initium
1887 1612 2110 1650 infelicitatis
2143 1625 2295 1662 arguere

1244 1663 1368 1707 ausus,
1396 1672 1474 1701 tam
1498 1663 1632 1712 frigidis
1656 1662 1947 1700 cavillationibus
1971 1663 2135 1708 vellicet,
2165 1672 2205 1701 ut
2216 1676 2297 1702 ma-

1242 1714 1297 1762 gis
1341 1714 1378 1751 id
1417 1713 1451 1751 se
1490 1713 1756 1762 reprehendere
1789 1712 1942 1751 voluisse
1982 1712 2095 1762 quarn
2138 1714 2297 1762 potuisse

1245 1764 1434 1809 ostendat,
1463 1773 1607 1814 poterat
1625 1763 1708 1802 sane
1729 1765 1935 1813 praeteriri,
1964 1764 2029 1802 nisi
2052 1764 2174 1802 nescio
2197 1777 2296 1814 quo-

1244 1815 1363 1854 modo
1400 1817 1521 1853 virum
1553 1816 1685 1854 saeculi
1723 1817 1832 1853 nostri
1863 1815 2143 1853 eruditiffimum
2169 1816 2213 1852 ad
2235 1827 2296 1853 ca-

1240 1867 1402 1905 lumniae
1426 1867 1508 1905 suae
1535 1868 1872 1915 propugnationem
1895 1866 2135 1903 transversum
2160 1866 2295 1914 rapuis-

1239 1918 1314 1963 set,
1340 1917 1558 1956 auctoritate
1576 1917 1660 1959 sua,
1689 1917 1730 1954 ni
1748 1926 1980 1961 occurratur,
2010 1915 2125 1965 plures
2148 1916 2297 1956 fortasse

1241 1978 1442 2018 rapturum.
1496 1970 1555 2006 Ac
1584 1968 1675 2006 mihi
1705 1968 1857 2017 quidem
1878 1966 1964 2004 curn
1988 1967 2024 2003 in
2044 1966 2295 2014 expendendis

1243 2020 1438 2058 auctorum
1464 2019 1693 2057 classicorum
1721 2019 1857 2067 scriptis
1885 2016 1992 2054 caute
2011 2028 2053 2054 ac
2074 2018 2295 2066 circumspe-

1243 2069 1302 2108 ete
1332 2070 1548 2108 versandum
1580 2070 1746 2111 videtur,
1777 2078 1857 2105 tum
1891 2067 1981 2105 vero
2011 2068 2133 2105 omnis
2166 2069 2202 2105 in
2226 2081 2291 2107 eos

1243 2121 1412 2158 censurae
1438 2120 1654 2158 refrenanda
1681 2117 1869 2166 asperitas,
1906 2119 1969 2168 qui
1998 2119 2145 2166 optimo
2176 2131 2217 2156 ac
2236 2120 2292 2156 fe·-

1241 2171 1460 2208 cundiffimo
1492 2170 1690 2207 doctorum
1722 2169 1865 2208 saeculo
1892 2181 1969 2208 non
1991 2167 2106 2206 solum
2137 2170 2288 2218 ingenio

1242 2222 1281 2258 δε
1312 2221 1521 2259 eruditione
1553 2220 1781 2263 excelluere,
1819 2219 1878 2257 sed
1908 2221 2019 2258 etiam
2044 2221 2288 2268 principatum

1240 2271 1365 2320 adepti
1391 2272 1429 2309 in
1459 2283 1593 2319 genere
1622 2271 1687 2308 suo
1714 2279 1815 2308 tanta
1843 2271 2009 2319 scripsere
2039 2282 2121 2307 cum
2146 2270 2251 2307 lande
2276 2298 2288 2315 ,

1241 2331 1281 2360 ut
1301 2323 1339 2360 in
1360 2322 1410 2360 eis
1431 2323 1532 2360 velut
1552 2321 1785 2370 posterorum
1808 2322 2006 2371 magistris,
2034 2332 2111 2358 non
2131 2320 2287 2368 discipu-

1239 2373 1303 2417 lis,
1349 2374 1477 2411 omnia
1508 2372 1651 2420 placere
1679 2372 1793 2422 quam
1824 2373 1939 2410 multa
1968 2371 2152 2419 displicere
2185 2371 2289 2409 sarius

1234 2424 1436 2471 judicetur.
1492 2426 1584 2472 Quo
1616 2425 1750 2461 merito
1781 2423 1808 2461 si
1834 2424 1913 2473 quis
1944 2422 2016 2467 est,
2044 2422 2144 2470 cujus
2166 2422 2289 2459 existi-

1240 2474 1447 2511 mationem
1473 2476 1567 2511 tncri
1586 2482 1782 2522 oporteat,
1809 2474 1838 2511 is
1857 2472 2027 2522 profecto
2047 2476 2094 2508 eit
2113 2472 2290 2517 Ovidius,

1239 2536 1302 2574 par
1321 2525 1485 2569 futurus,
1515 2534 1554 2562 ut
1571 2536 1641 2573 ego
1664 2526 1840 2568 arbitror,
1865 2526 1987 2573 primo
2010 2524 2232 2566 Poetarum,
2261 2523 2287 2562 fi

1238 2578 1377 2624 primus
1399 2574 1469 2613 effe
1491 2574 1746 2613 contendisset.
1774 2576 1855 2613 Nec
1878 2583 2004 2612 tamen
2026 2586 2085 2611 mc
2099 2583 2174 2611 tarn
2190 2574 2286 2612 Ovi-

1238 2627 1288 2665 dii
1309 2627 1464 2676 dignitas
1492 2626 1606 2676 quam
1631 2638 1738 2664 arnor
1758 2627 1917 2664 veritatis
1935 2634 2088 2668 movet,
2131 2632 2171 2661 ut
2200 2625 2288 2662 Sca-

1235 2677 1390 2726 ligerum
1414 2678 1564 2726 rejicere
1581 2676 1765 2715 instituam
1782 2705 1792 2721 ‚
1820 2678 1882 2725 qui
1906 2676 1993 2714 dum
2019 2675 2166 2712 Nasone
2186 2676 2288 2713 casti-

1236 2728 1359 2777 gando
1384 2728 1540 2766 crescere
1563 2727 1683 2766 voluit
1699 2756 1709 2772 ‚
1747 2727 1990 2775 magnitudini
2016 2726 2098 2773 suae
2119 2736 2196 2762 non
2220 2725 2285 2762 ad-

1226 2779 1343 2827 jecit,
1371 2778 1431 2816 sed
1448 2778 1614 2816 detraxit.
1666 2779 1751 2827 Age
1769 2777 1857 2826 ergo
1880 2778 2113 2815 conferamus
2131 2775 2282 2823 pedem,

1233 2831 1272 2866 δε
1285 2857 1294 2873 ,
1324 2829 1411 2878 quid
1430 2830 1468 2867 in
1487 2829 1675 2878 inculpato
1694 2830 1874 2880 principio
1892 2827 2112 2875 culpandum
2137 2826 2277 2868 statuat,

1233 2880 1447 2917 audiamus:

1287 2937 1328 2967 In
1348 2942 1442 2967 nova
1451 2931 1527 2977 fert
1547 2931 1690 2969 animus
1707 2938 1865 2966 mutatas
1883 2926 1990 2962 (licere
2007 2926 2146 2971 fhrmas

1285 2987 1443 3030 Corpora,
1470 2980 1524 3017 Di
1543 2983 1660 3030 coeptis
1681 2981 1782 3026 (nam
1805 2989 1866 3013 vos
1884 2974 2043 3022 mutastis
2062 2985 2106 3014 (5⁴
2124 2974 2232 3025 illas)
2284 2982 2286 2987 ’

1288 3033 1479 3081 Adspirate
1501 3031 1594 3067 meis.
2062 3077 2068 3084 ι

1233 3082 1398 3121 Primum
1418 3090 1592 3117 numerus
1607 3106 1616 3123 ,
1643 3079 1713 3123 ait,
1741 3089 1820 3116 non
1839 3077 1981 3123 bonus,
2007 3089 2147 3115 ammas
2159 3086 2280 3115 muta-

1235 3145 1299 3169 tas.
1356 3129 1520 3178 Syllabae
1539 3140 1702 3179 namque
1723 3129 1851 3167 iisdem
1876 3137 2096 3167 concurrunt
2117 3129 2283 3166 elemen-

1235 3183 1290 3220 tis.
1346 3180 1471 3228 Atque
1510 3180 1584 3217 hoc
1608 3208 1618 3226 ,
1659 3180 1748 3218 dum
1778 3180 1909 3218 Ovidii
1946 3180 2063 3217 versus
2104 3179 2282 3230 refingere

1235 3241 1411 3275 conatur,
1437 3229 1541 3278 quod
1558 3231 1591 3268 ei
1616 3231 1709 3271 vitio
1728 3233 1859 3276 vertit,
1886 3229 1958 3279 ipse
1985 3232 2187 3269 committit
2206 3260 2216 3275 ,
2244 3231 2283 3268 in

1236 3282 1393 3335 capimus
1419 3280 1593 3317 miracula
1614 3299 1627 3322 .-
1665 3282 1815 3338 gffiffltas
1837 3283 1935 3337 gulfi]
1960 3282 2147 3335 vocalium
2166 3283 2180 3322 i
2206 3283 2244 3320 δί
2265 3292 2289 3317 w

1355 3331 1370 3335 ⁹
1411 3332 1630 3388 nyrrz
2227 3332 2292 3383 Μ
