2483 3616
278 149 1529 233 METAMO'RPHOSEON
1597 178 1724 218 ΜΒ,
1799 163 1857 222 ii.

312 264 595 337 Concipias
621 259 827 323 anim0‚
864 255 1191 332 delubraque
1219 258 1348 315 ditia
1369 260 1525 316 donis
1581 295 1584 297 -

312 339 448 396 Effe.
485 353 582 408 per
601 332 808 389 infidias
830 331 933 384 iter
959 329 1033 384 est
1045 371 1060 394 ‚

1097 332 1397 406 formasque
1422 333 1670 392 ferarum.

307 411 491 484 thue
515 408 654 463 viam
677 418 881 468 teneaS‚
915 403 1169 477 nulloque
1194 423 1377 461 errore
1403 406 1652 471 traharis;

196 488 272 546 280
309 488 409 540 Per
438 497 619 537 tamen
642 476 846 533 adverfi
870 475 1123 548 gradieris
1147 496 1348 534 cornua
1370 479 1573 545 Tauri,

312 554 759 626 Haemoniosque
783 567 960 621 arem,
995 549 1327 624 violentique
1351 570 1445 608 ora
1470 552 1700 616 LeoniS,

309 631 580 702 Saevaque
603 625 834 681 circuitu
857 636 1165 679 curvantem
1187 623 1402 680 brachia
1425 628 1589 698 longo

315 703 608 775 Scorpion,
646 712 806 771 atque
830 697 980 751 aliter
1005 710 1316 753 curvantem
1341 698 1557 753 brachia
1583 698 1873 755 Cancrum.

313 775 433 831 Nec
457 773 556 828 tibi
578 769 951 845 quadrupedes
974 770 1234 824 animosos
1257 770 1466 842 ignibus
1507 772 1634 836 illis,

206 850 274 923 '85
315 849 470 921 Quos
493 847 550 901 in
569 844 787 917 peclore
812 842 1035 905 habent,
1061 861 1193 914 quos
1217 860 1311 897 ore
1339 842 1395 896 &
1418 843 1628 898 naribus
1657 843 1865 908 efflant,

315 921 377 977 In
398 930 619 993 promtu
643 934 831 988 regere
855 913 942 968 est.
982 915 1075 968 vix
1096 932 1184 968 me
1207 915 1480 986 patiuntur
1497 954 1512 976 ,
1548 929 1608 968 ut
1635 932 1783 971 acres

315 993 586 1048 Incaluere
609 989 799 1050 animi;
840 987 1129 1059 cervixque
1154 1000 1416 1058 repugnat
1443 985 1672 1042 habeniS.

318 1067 396 1120 At
421 1078 512 1130 tu,
548 1061 737 1120 funesti
761 1078 828 1116 ne
853 1059 949 1115 fim
977 1059 1075 1114 tibi
1099 1060 1335 1116 muneris
1360 1056 1571 1123 auctor,

81 1278 145 1327 '74ss
170 1276 269 1328 Qid
287 1274 390 1325 ages]
418 1276 516 1323 Agas
536 1270 688 1309 Thuan.
711 1268 917 1318 Cantabrig.
936 1268 1064 1308 secun÷

31 1330 98 1370 'dus
118 1330 226 1367 Palat.
248 1328 286 1364 &
306 1326 364 1362 sex
385 1324 455 1361 alii.
510 1324 712 1360 Hmnsrus.

83 1381 142 1426 76.
170 1377 331 1426 Urbesque
360 1372 538 1422 deorum]
568 1372 758 1422 Domosque
788 1371 863 1409 duo
900 1369 1065 1409 Medicei

28 1432 73 1469 ssc
91 1440 181 1467 unus
201 1425 463 1465 Ambrosianus
483 1435 569 1461 cum
592 1434 669 1460 uno
689 1422 726 1460 T
730 1423 889 1460 huaneo.
927 1423 1064 1459 Hiems.

27 1481 158 1530 Itaque
179 1478 319 1516 bonum
342 1475 480 1514 faenum
495 1502 506 1519 ,
544 1475 582 1511 &
603 1473 668 1510 Dii
689 1473 791 1510 urbes
812 1473 887 1509 suas
907 1472 1065 1517 habent,

26 1542 151 1580 neque
180 1528 222 1566 iis
248 1528 326 1566 satis
358 1526 406 1563 est
435 1525 568 1562 habere
599 1537 680 1560 aras
695 1552 705 1568 ‚
742 1523 947 1572 delubraque
977 1523 1067 1561 djtia

31 1582 140 1619 donis.
166 1579 238 1616 Sed
254 1579 366 1626 longe
387 1576 478 1613 mihi
499 1575 566 1612 alia
583 1573 759 1612 sententia
780 1574 849 1619 est,
868 1573 1067 1622 legendum

32 1631 135 1668 enim
158 1629 319 1678 dejerem
333 1657 344 1673 ,
355 1627 443 1663 lucos
459 1626 530 1663 illic
551 1625 711 1676 urbesque
723 1653 734 1671 ,
747 1624 924 1675 domosque
937 1641 947 1661 .·
970 1631 1010 1661 ut
1027 1624 1067 1661 jn

32 1681 108 1720 hoc
127 1679 202 1729 ipso
221 1679 313 1717 libro
336 1689 418 1726 794.

30 1780 66 1821 E
85 1731 288 1781 Afflatuque
299 1729 363 1778 suo
374 1726 509 1778 populos
530 1725 688 1777 urbesque
710 1725 899 1775 domosque.

66 1788 82 1819 t
102 1781 161 1819 lib.
191 1792 222 1818 1.
267 1792 326 1817 or.

85 1792 271 1869 Mirantu3r
282 1829 349 1879 sub
371 1842 464 1879 aqua
486 1828 597 1874 lucos,
624 1827 782 1878 urbesque
796 1855 806 1872 ‚
827 1827 1015 1877 domosque.

33 1881 134 1927 Ubi,
161 1880 480 1931 quemadmodum
503 1879 626 1924 vides,
655 1878 782 1916 omnia
812 1877 892 1915 sunt
913 1877 1043 1915 eadem
1059 1905 1070 1921 ‚

33 1940 77 1970 ut
96 1932 199 1977 alibi,
211 1931 236 1969 fi
248 1929 581 1976 meminiffem,aut
598 1940 772 1979 quaerere
792 1935 951 1966 vacaret.
975 1927 1071 1965 dicet

36 1982 161 2032 aliquis
175 2011 185 2027 ‚
221 1981 281 2019 sed
301 1981 380 2018 illae
402 1981 495 2018 duae
515 1980 618 2018 urbes
639 1980 677 2017 in
700 1979 845 2028 Clypeo
868 1977 964 2027 apud
988 1979 1072 2015 Ho-

36 2043 181 2070 merum
194 2061 207 2077 ‚
232 2030 347 2082 quid?
361 2032 491 2080 Nugae
505 2059 514 2076 ‚
541 2043 619 2068 non
642 2031 740 2068 enim
761 2030 841 2066 sunt
861 2029 963 2065 urbes
981 2027 1072 2065 deo-

37 2093 143 2126 rum3
172 2084 210 2120 ὃς
238 2082 351 2119 miror
371 2080 472 2119 fuiffe
494 2082 557 2131 qui
577 2082 649 2119 &c.
674 2082 782 2118 Duos
803 2090 848 2116 ex
882 2078 988 2116 MSS.
1017 2078 1072 2114 Cl.

41 2131 183 2169 Heinfii
201 2133 401 2170 lectionem
424 2131 521 2168 illam
544 2143 629 2179 prae
648 2130 683 2167 se
705 2132 797 2167 ferre
820 2129 907 2167 dicis
921 2158 932 2174 ‚
960 2139 1072 2177 quam

42 2191 118 2228 ego
139 2182 337 2220 divinatam
349 2196 360 2225 ;
398 2182 516 2218 fateor
529 2209 541 2225 ‚
565 2180 627 2218 sed
645 2180 773 2217 locum
795 2179 896 2215 illum
912 2208 923 2224 ‚
958 2186 999 2215 ut
1020 2179 1076 2215 in-

47 2228 169 2266 finitos
189 2232 299 2277 alios,
321 2238 405 2269 ante
427 2230 713 2269 emendaveram
739 2258 746 2272 ‚
775 2240 887 2278 quam
911 2229 979 2266 viri
1001 2228 1079 2265 dili-

46 2279 240 2328 gentiffimi
266 2281 366 2318 labor
396 2283 434 2319 in
469 2282 592 2319 lucem
624 2280 794 2329 prodiret.
846 2279 945 2316 Dein
988 2279 1080 2315 ami-

44 2340 110 2366 cus
139 2329 197 2366 ille
220 2357 231 2373 ,
274 2331 338 2378 qui
366 2331 607 2369 describendas
635 2331 749 2368 varias
779 2329 955 2367 leffiones
987 2329 1025 2365 in
1046 2328 1081 2365 se

47 2378 271 2427 susceperat,
297 2379 390 2417 hanc
411 2380 530 2416 nescio
552 2381 748 2429 quomodo
771 2379 903 2418 omisit.
943 2379 1055 2428 (nam
1069 2407 1080 2423 ,

48 2427 76 2466 fi
96 2429 207 2465 nescis
219 2429 369 2473 ‚librum
390 2428 491 2465 illum
504 2440 567 2476 per
583 2431 744 2467 amicum
764 2430 857 2478 legi,
868 2429 966 2467 unde
979 2430 1078 2466 enim

48 2479 143 2516 mihi
164 2486 306 2516 tantum
318 2477 411 2514 otii?
429 2481 439 2523 )
469 2485 651 2526 praeterea
671 2478 697 2514 fi
717 2479 805 2515 nihil
817 2479 912 2516 aliud
925 2507 935 2522 ,
954 2479 992 2516 id
1005 2491 1081 2516 cer-

48 2533 88 2564 te
109 2537 129 2563 a
150 2537 212 2563 me
232 2528 373 2564 ratione
393 2529 431 2564 ὃς
453 2528 627 2576 exemplis
651 2540 695 2564 ex
716 2528 791 2576 ipso
817 2529 933 2565 Poe'ta
962 2530 1081 2575 petitis

48 2577 241 2626 probatum
274 2577 345 2621 est,
380 2577 482 2625 quod
514 2578 551 2613 in
584 2577 709 2615 medio
733 2589 753 2614 a
773 2578 852 2614 viro
876 2577 1082 2614 doffiffimo

50 2626 215 2666 relietum
238 2634 322 2664 erat.
375 2627 562 2664 Postremo
585 2627 687 2675 quod
717 2628 775 2663 ille
807 2627 1012 2675 diligentiae
1045 2627 1084 2663 &

51 2676 228 2720 indefesso
248 2677 361 2714 labori
382 2705 392 2721 ,
433 2676 470 2713 id
491 2676 639 2725 ingenio
663 2675 780 2713 debeo
805 2705 815 2721 ,
871 2678 910 2713 ὃς
931 2676 1004 2713 acri
1032 2684 1085 2713 at-

51 2737 124 2776 que
153 2727 314 2765 intentae
341 2727 675 2768 commentationi,
704 2728 804 2776 cujus
827 2738 889 2763 me
911 2738 974 2763 cur
996 2737 1087 2774 poe-

52 2776 187 2823 niteat,
231 2776 330 2814 haud
367 2776 449 2813 sane
491 2776 609 2813 adhuc
639 2775 762 2813 video.
810 2776 917 2814 Tau.
953 2777 1085 2814 FABER

52 2825 111 2863 lib.
133 2838 177 2863 11.
198 2827 307 2875 Epist.
331 2825 391 2874 69.
417 2826 475 2863 cui
496 2826 589 2864 adde
612 2827 803 2874 Schepper.
831 2827 897 2874 Ep.
924 2837 982 2870 71.

107 2875 164 2921 78.
200 2877 309 2932 Effe]
347 2877 454 2914 Unus
473 2877 613 2914 Moreti
644 2881 735 2913 Ecce.
763 2887 856 2912 unus
881 2876 990 2912 Palat.
1019 2882 1082 2914 Ire.

57 2933 211 3010 ‹flurattuor
231 2927 312 2972 ahi,
325 2926 390 2976 iffi.
418 2932 487 2963 lter
507 2927 550 2975 est
570 2928 618 2964 ire
631 2938 718 2976 ,pro
740 2925 914 2964 eundum.
941 2926 1081 2965 Hfims.

77 2984 99 3009 o
133 2986 171 3012 e:

110 3029 216 3061 Omne
230 3035 287 3075 per
308 3025 447 3076 infidias
468 3026 532 3063 iter
551 3026 604 3074 est.

111 3081 170 3120 79.
199 3080 314 3125 thue.
328 3076 353 3132 'j’
376 3077 568 3124 Quamvis.
596 3076 714 3115 Alibi:

60 3171 96 3210 C
111 3127 158 3157 Ut
179 3123 294 3170 desunt
314 3140 404 3163 vtres
416 3154 427 3171 ,
452 3137 570 3164 tamen
589 3127 632 3174 est
653 3127 834 3165 laudanda
854 3128 1028 3167 voluntasss

99 3184 273 3210 onANU&

113 3222 172 3260 80.
208 3229 272 3261 Per
326 3234 442 3265 tamen
490 3224 678 3277 adverfi.]
730 3227 838 3266 Alex.
897 3227 1092 3268 Taffonius

2049 1129 2162 1187 Nass

1116 1269 1275 1310 Penfier.
1303 1270 1432 1309 divers.
1467 1282 1519 1309 ιχ.
1546 1269 1604 1319 36.
1629 1269 1690 1308 hic
1712 1267 2000 1308 controversiam
2032 1277 2165 1308 movet

1118 1323 1257 1361 Poetae
1272 1350 1282 1367 ‚
1310 1334 1355 1359 an
1377 1334 1456 1360 non
1476 1322 1514 1359 in
1537 1320 1821 1359 Astronomicae
1842 1320 2011 1358 scientiae
2032 1321 2166 1370 princi-³

1119 1373 1178 1421 pia
1191 1381 1321 1422 peccet
1335 1402 1346 1417 ‚
1374 1371 1478 1422 quod
1500 1383 1576 1408 uno
1589 1371 1648 1408 die
1668 1371 1783 1408 solem
1806 1382 1869 1419 per
1888 1378 1945 1407 tot
1969 1371 2066 1420 signa
2087 1383 2169 1420 gra*-

1120 1423 1285 1461 dientem
1307 1423 1480 1467 inducat,
1518 1430 1610 1471 quot
1641 1433 1711 1459 nec
1741 1429 1825 1458 toto
1848 1420 1972 1457 mense
1994 1433 2170 1470 pervaga-

1122 1481 1179 1511 tur
1194 1503 1204 1517 ‚
1232 1474 1292 1512 sed
1314 1474 1385 1523 ipse
1408 1472 1514 1511 solvit
1535 1472 1800 1522 quaestionem.
1834 1473 1989 1508 Po'e'tam
2014 1473 2072 1509 hic
2092 1482 2171 1510 non

1124 1536 1169 1562 ex
1200 1526 1283 1562 artis
1315 1524 1599 1562 Astronomicae
1619 1523 1788 1572 princpiis
1808 1521 2005 1571 loqui‚sed
2032 1522 2172 1567 solem,

1124 1583 1164 1613 ut
1195 1575 1391 1613 coelestem
1422 1574 1614 1624 personam
1653 1574 1804 1612 Po'e'tica
1835 1573 1981 1609 licentia
2011 1571 2175 1621 fingere,

1125 1626 1189 1675 qui
1214 1638 1299 1664 cum
1333 1626 1397 1664 suo
1421 1637 1527 1663 curru
1540 1624 1687 1662 coelum
1708 1629 1867 1670 pererrat
1882 1651 1892 1665 ,
1921 1624 1959 1658 ὃ(
1982 1622 2018 1658 in
2042 1623 2174 1659 itinere

1126 1678 1235 1714 obvia
1256 1679 1347 1714 haec
1370 1676 1434 1711 fibi
1452 1675 1550 1721 figna
1571 1675 1681 1709 habet
1695 1700 1705 1717 ,
1730 1684 1807 1709 non
1830 1683 1922 1709 vero
1946 1671 1991 1708 de
2013 1671 2086 1708 sole
2100 1700 2111 1716 ‚
2133 1678 2176 1709 ut

1119 1727 1162 1762 in
1186 1725 1331 1762 coelesti
1353 1723 1441 1762 orbe
1462 1723 1522 1760 vel
1542 1723 1618 1772 ejus
1640 1722 1836 1770 disciplina,
1858 1730 2035 1771 tanquam
2058 1721 2174 1758 fidere

1122 1776 1238 1825 loqui.
1250 1775 1369 1824 potuit
1381 1786 1471 1811 vero
1485 1774 1550 1821 (&
1569 1773 1671 1811 licuit
1682 1773 1822 1810 Poetae
1835 1772 1946 1809 etiam
1962 1800 1972 1817 ‚
1979 1773 2062 1820 jure
2083 1772 2178 1809 vati-

1125 1826 1189 1863 bus
1203 1826 1369 1875 usurpato
1385 1826 1422 1872 ‚)
1451 1824 1510 1862 hic
1523 1831 1649 1861 contra
1673 1823 1849 1872 dogmata
1862 1822 2178 1860 Astronomorum

1125 1876 1299 1914 inducere
1320 1876 1433 1914 solem
1459 1905 1470 1921 ‚
1509 1875 1635 1912 omnia
1666 1873 1880 1911 terribiliora
1909 1873 2106 1910 facientem
2136 1874 2177 1910 &

1127 1928 1284 1976 pericula
1316 1933 1598 1975 exaggerantem
1624 1954 1634 1969 ‚
1671 1932 1712 1961 ut
1742 1924 1948 1962 Phaetonta
1969 1924 2182 1961 deterreret.

1127 1978 1225 2015 unde
1263 1978 1373 2015 etiam
1398 1990 1442 2014 ex
1466 1976 1570 2025 signis
1599 1975 1657 2012 illa
1676 1983 1821 2012 tantum
1846 1975 1966 2022 eligit,
1993 1986 2089 2023 quae
2116 1973 2178 2009 sub

1128 2029 1354 2066 ferociorum
1386 2028 1546 2064 ferarum
1577 2026 1739 2074 imagine
1780 2026 1817 2063 in
1856 2025 1967 2061 coelis
1990 2025 2177 2072 finguntur

1128 2088 1294 2127 recepta;
1318 2078 1514 2128 praeteritis
1529 2105 1539 2121 ‚
1569 2077 1632 2125 qui
1653 2076 1806 2113 mitioris
1827 2074 1986 2123 aspectus
2009 2074 2114 2119 sunt,
2138 2079 2180 2111 ut

1129 2130 1281 2178 virgine,
1300 2129 1453 2178 geminis
1467 2156 1478 2172 ,
1505 2127 1655 2176 piscibus
1670 2154 1680 2171 ,
1710 2127 1782 2163 &c.
1803 2125 1931 2162 Euam.

1186 2181 1242 2226 84.
1272 2187 1342 2215 Nec
1362 2178 1426 2215 tibi
1447 2177 1678 2228 quadrupedes
1704 2175 1911 2224 animosos.]
1944 2174 2077 2211 Nescio
2113 2172 2178 2221 qui

1132 2230 1207 2267 hoc
1227 2230 1314 2267 loco
1339 2241 1383 2267 ex
1397 2228 1604 2277 Animofhs,
1630 2225 1848 2276 ineptiffime
1872 2226 1958 2263 fecit
1971 2223 2179 2272 Drzmnosbs.
2203 2236 2214 2253 x

1139 2281 1353 2318 CloFANUS.

1188 2331 1244 2380 85.
1277 2334 1371 2380 Qus
1393 2343 1446 2366 ore
1478 2340 1521 2370 v·
1551 2329 1695 2366 naribus
1725 2325 1888 2379 efflant.]
1940 2323 2068 2372 Virgfl.
2106 2332 2181 2361 xm

1139 2393 1221 2431 113.

1187 2443 1320 2490 Postera
1342 2442 1404 2480 lux
1419 2442 1558 2491 summo
1572 2439 1753 2490 spargebat
1774 2438 1904 2477 lumine
1925 2446 2036 2473 terras

1189 2499 1278 2529 Orta
1301 2494 1369 2529 dies
1383 2521 1392 2537 ,
1420 2506 1498 2529 cum
1512 2492 1669 2540 primum
1689 2490 1759 2527 alto
1776 2490 1813 2538 se
1831 2487 1964 2537 gurgite
1987 2485 2120 2523 tollunt

1189 2543 1270 2577 Solis
1291 2543 1390 2591 equi,
1417 2542 1592 2590 lucemque
1614 2540 1713 2576 elatis
1735 2539 1878 2575 naribus
1898 2538 2028 2587 efflant.

1140 2598 1302 2636 Lucilius
1315 2627 1325 2644 ,
1353 2599 1439 2636 citat
1456 2599 1594 2636 Marius
1606 2597 1818 2634 vietorinus
1831 2596 1876 2634 de
1895 2595 2055 2645 syllabis:

1193 2689 1290 2697 —
1319 2662 1514 2712 Efflantque
1536 2661 1634 2698 elatis
1657 2659 1800 2697 naribus
1822 2659 1941 2698 lucem.

1145 2727 1285 2765 Ennius
1308 2726 1405 2775 apud
1429 2726 1620 2762 Servium:

1321 2777 1555 2827 Funduntque
1576 2775 1675 2813 elatis
1697 2775 1840 2813 naribus
1862 2774 1981 2812 lucem.

1147 2828 1357 2866 CrorANus.

1193 2877 1251 2914 86.
1278 2877 1340 2914 Ubi
1360 2876 1558 2924 incaluere]
1588 2883 1633 2913 Ut
1652 2876 1821 2914 incaluere
1841 2875 1959 2914 multi.
1981 2873 2189 2912 HEIstussj

1142 2927 1310 2965 incaluere
1330 2929 1457 2964 animis
1489 2927 1637 2965 volebat·
1673 2928 1819 2964 Douza.
1861 2929 2055 2964 intumuere
2075 2922 2188 2959 anime

1141 2978 1321 3016 Palatinus
1337 3007 1346 3023 ,
1368 2978 1470 3027 quod
1494 2978 1627 3027 placuit
1650 2977 1849 3015 Gebhardo
1871 2978 1929 3014 lib.
1954 2988 1982 3013 t.
2006 2969 2190 3019 Crepund.

1151 3040 1228 3076 cap.
1258 3041 1312 3067 12.
1348 3029 1398 3066 ita
1432 3029 1561 3066 Statius
1586 3041 1615 3066 Ι.
1638 3028 1760 3067 Theb.
1789 3027 1967 3073 411.'irae
1997 3025 2191 3076 infremuere

1139 3079 1241 3127 satis.
1273 3079 1400 3117 Claud.
1424 3091 1468 3116 11.
1491 3081 1527 3117 in
1560 3080 1648 3117 Ruf.
1684 3079 1767 3127 185.
1796 3075 1977 3126 intnmuir
1996 3081 2123 3126 vrrtus.
2152 3071 2192 3107 &

1150 3129 1200 3166 ita
1222 3130 1346 3178 passim
1370 3131 1444 3166 hoc
1467 3129 1580 3167 verbo
1604 3138 1755 3166 utuntur
1774 3133 1920 3178 poetae..
1943 3121 2094 3158 vid.1nf.
2109 3119 2193 3169 508„

1147 3190 1201 3215 1v.
1229 3180 1336 3217 Pont.
1368 3191 1446 3218 xiv.
1468 3192 1524 3231 34.
1552 3181 1591 3219 &
1619 3181 1786 3218 Gronov.
1810 3176 1853 3213 ad
1877 3175 1961 3210 Liv.
1985 3183 2121 3209 xxm-11.
2146 3183 2192 3208 11..

1148 3229 1413 3269 BURMANNUS.
1672 3275 1716 3314 N

1741 3287 1760 3314 2

1948 3285 1954 3291 ·
2001 3284 2061 3321 90,
2090 3269 2195 3318 Genii-3
