2483 3616
320 147 1555 223 METAMORPHOSEON
1626 155 1768 215 Lm.
1840 164 1899 222 n.

2086 181 2180 233 155

328 272 402 328 Et
426 269 595 323 ditem
618 264 822 326 summ,
860 258 1012 335 quod
1038 277 1190 314 avara
1216 258 1523 332 poposcerit
1542 300 1558 323 ‚
1600 280 1744 321 auro,

182 349 289 417 760
326 342 576 401 Protinus
599 336 866 399 Invidiae,
905 334 1060 406 nigro
1086 333 1372 409 squalentla
1399 334 1556 400 tabo,

329 413 504 472 Tecia
527 413 678 486 petit.
718 410 913 464 domus
939 407 1014 463 est
1038 408 1157 462 imis
1184 408 1239 462 in
1263 408 1480 463 vallibus
1506 412 1644 465 antri

324 488 557 552 Abdita,
593 486 702 540 sole
730 501 943 547 carenS,
979 499 1091 537 non
1115 481 1205 536 ulli
1229 484 1411 554 pervia
1434 499 1634 547 vent03

327 560 550 622 Tristis,
593 559 649 613 &
675 558 853 631 ignavi
879 555 1172 630 pleniffima
1199 554 1443 627 frigoris3
1490 556 1546 610 &
1569 575 1707 631 quae

327 636 459 709 “Igne
484 646 638 689 vacet
664 633 899 704 semper,
938 630 1162 702 caligine
1190 629 1397 702 semper
1422 630 1677 686 abundet.

186 716 290 785 765
330 709 463 767 Huc
486 707 577 762 ubi
598 707 844 781 pervenit
871 704 993 759 belli
1017 702 1306 758 metuenda
1333 704 1549 776 virag03

329 781 588 838 Constitit
612 795 736 836 ante
761 779 1015 841 domum,
1057 782 1078 848 (
1094 795 1271 850 neque
1299 778 1442 831 enim
1470 779 1758 835 succedere
1785 776 1934 834 tectis

333 856 432 912 Fas
456 855 652 926 habet)
681 853 737 907 &
763 851 935 926 postes
959 855 1202 905 extrema
1231 850 1447 921 cuspide
1471 851 1655 922 pulsat.

330 927 631 985 Concussae
657 939 877 1001 patuere
901 924 1061 978 fores
1100 923 1248 978 videt
1273 924 1415 976 intus
1443 925 1700 982 edentem

334 1002 596 1076 Vipereas
622 1018 834 1063 ca1·ne3‚
872 997 1125 1053 vitiorum
1151 996 1398 1050 alimenta
1423 996 1663 1064 suorum,

188 1094 292 1149 770
328 1068 614 1132 Invidiam:
655 1074 868 1146 visaque
894 1071 1080 1125 oculos
1107 1070 1315 1124 avertit.
1356 1086 1406 1123 at
1434 1069 1516 1123 illa

336 1150 517 1222 Surgit
544 1148 711 1203 humo
734 1146 912 1219 pigra:
953 1144 1379 1217 semesarumque
1402 1143 1660 1217 relinquit

337 1223 584 1294 Corpora
607 1221 942 1295 serpentum:
980 1216 1231 1290 passuque
1257 1216 1462 1271 incedit
1498 1218 1677 1272 inerti.

329 1295 518 1368 'thue
543 1294 721 1349 Deam
745 1293 881 1349 vidit
906 1292 1189 1364 form-aque
1217 1290 1479 1362 armisque
1509 1290 1764 1347 decoram
1785 1330 1804 1356 o

334 1367 629 1441 Ingemuit:
670 1368 991 1439 vultumque
1011 1365 1120 1420 ima
1144 1363 1212 1418 ad
1236 1364 1450 1436 suspiria
1480 1363 1650 1420 duxit.

42 1553 361 1608 Perturbationibus
376 1561 494 1603 partes
522 1551 670 1602 ejusiiem
698 1551 828 1602 generis
853 1550 969 1602 plures
980 1550 1094 1600 subji-

39 1605 193 1645 'ciuntur
206 1635 216 1650 ‚
243 1615 284 1642 ut
304 1603 514 1654 aegritudini
535 1604 737 1641 invidentia
751 1632 761 1648 ‚
791 1603 975 1640 (utendum
998 1602 1042 1648 est
1063 1616 1096 1638 e-

54 1659 130 1696 nim
145 1687 155 1703 ,
181 1656 319 1694 docendi
341 1654 451 1705 cauffa
463 1683 474 1700 ,
487 1654 589 1691 verbo
612 1655 728 1691 minus
749 1653 898 1704 ufitat0;
928 1653 1096 1703 quoniam

52 1709 234 1747 invidiam
256 1721 323 1744 non
345 1707 382 1744 in
403 1721 436 1742 eo
451 1734 460 1750 ‚
489 1706 549 1756 qni
571 1706 731 1750 invidet,
746 1705 861 1754 solum
885 1705 1028 1749 dicitur,
1034 1703 1098 1753 sed

54 1759 164 1797 etiam
185 1760 223 1796 in
242 1772 275 1795 eo
299 1786 310 1803 ,
338 1758 392 1794 cui
412 1757 609 1806 invidetur)
638 1756 826 1795 aemulatio
850 1785 860 1802 ‚
899 1755 1099 1793 obtrecffatio

55 1822 129 1851 υτ.
159 1811 373 1847 CxorANUS.

110 1863 194 1908 761.
223 1861 307 1897 Imis
324 1861 363 1897 in
382 1858 536 1897 vallibas
557 1859 690 1910 hujus]
722 1859 876 1897 Vallibus
887 1859 985 1897 antri
996 1870 1100 1908 prae-

56 1911 256 1950 stantior-es.
285 1912 487 1949 Hzrusrus.
525 1911 627 1948 Libri
649 1911 785 1960 vulgati
804 1923 870 1960 pro
904 1911 1003 1948 antri
1034 1910 1101 1947 ha-

54 1962 148 2000 bent
162 1992 172 2008 ,
199 1962 311 2011 hujus.
340 1964 378 2001 &
401 1962 498 2000 rec7te
520 1962 557 2000 id
579 1962 744 2012 quidem.
771 1961 837 2000 nili
858 1970 985 1999 tamen
1008 1961 1101 1998 mihi

59 2014 192 2062 probet
211 2013 336 2062 aliquis
367 2013 506 2051 dicium
527 2013 723 2063 aliquando
757 2012 860 2050 fuisse
875 2042 884 2058 ‚
904 2013 1015 2049 valles
1045 2025 1103 2048 ca·

65 2077 193 2101 vernae
207 2092 216 2108 ,
245 2064 354 2101 valles
376 2065 475 2101 antri
491 2093 498 2106 ,
521 2064 632 2101 valles
643 2067 770 2114 specus.
803 2063 1013 2101 revocanda
1036 2063 1104 2100 ita-

62 2125 141 2200 Rue
170 2113 313 2162 vulgata
332 2114 444 2152 lectio
468 2143 479 2158 ‚
516 2127 638 2164 neque
661 2116 768 2152 MSS.
802 2115 890 2152 fides
911 2114 1106 2164 sequenda.

64 2182 67 2184 >
96 2163 201 2200 einde
220 2175 310 2202 vers.
349 2168 430 2215 763.
451 2166 650 2214 legendum
675 2194 686 2210 ‚
713 2166 762 2202 ita
794 2165 997 2214 postulante
1030 2164 1110 2201 sen-

70 2213 210 2258 tentia,
237 2224 275 2250 ut
295 2229 379 2264 quae
399 2217 472 2264 igne
500 2228 601 2253 vacet
620 2218 768 2266 fiemper:
798 2216 981 2253 rationem
1006 2216 1107 2252 enim

73 2262 178 2300 affert
192 2291 201 2307 ,
228 2275 290 2300 cur
310 2265 472 2303 Invidiae
493 2267 591 2305 sedes
614 2267 742 2316 frigida
764 2267 815 2304 fit.
844 2267 949 2305 Tm.
963 2267 1109 2304 FABER.

72 2313 157 2350 Lib.
169 2326 213 2350 11.
225 2313 323 2361 Epist
338 2316 397 2360 69.
407 2327 498 2355 unus
507 2318 712 2356 Bafileenfis
725 2320 762 2356 &
775 2317 917 2355 Heinfii
930 2329 1037 2362 unus,
1042 2317 1110 2366 fieb

68 2363 239 2402 vallibus.
262 2364 467 2413 eleganter,
489 2368 609 2405 utlate
631 2369 826 2407 docuimus
849 2370 893 2406 ad
915 2369 973 2407 lib.
987 2369 1111 2417 1.689.

127 2415 210 2463 765.
250 2415 341 2451 Bello
384 2417 567 2452 metuenda
610 2420 768 2469 virago.]
818 2420 904 2456 Belli
950 2419 1113 2467 optimus

74 2463 227 2504 Thuan.
248 2465 378 2502 Urbin.
405 2466 623 2515 Bernegger.
652 2468 828 2506 secundus
865 2470 1014 2506 Palatin.
1044 2470 1115 2517 pri-

74 2528 157 2555 mus
180 2515 444 2561 Bononiensis,
473 2517 560 2555 alter
592 2519 743 2567 Rogerii
774 2519 952 2556 Twisden
976 2547 986 2563 ‚
1019 2519 1120 2555 Zuli-

73 2566 290 2605 (hemi-anus
312 2568 350 2604 ὃς
373 2567 461 2604 alter
493 2569 789 2617 Hamburgenfis.
816 2569 924 2608 reete..
946 2577 1016 2606 tres
1039 2569 1120 2613 alii,

78 2617 182 2655 bellis.
212 2617 432 2656 Claudianus
455 2631 506 2656 vx.
531 2619 641 2656 Cons.
666 2620 831 2658 Honorii
855 2620 935 2667 176.
963 2620 1008 2657 ex
1029 2619 1122 2657 anu-

76 2680 154 2718 quo
177 2668 327 2706 codice:

184 2733 233 2739 ·-
309 2719 494 2771 Gladiique
515 2720 733 2758 tremendum

133 2770 274 2819 Gurgite
286 2769 413 2818 fidereo
426 2772 616 2820 subterluit
638 2772 781 2811 Oriona.

84 2820 259 2858 Martialis
277 2820 337 2858 lib.
357 2833 410 2858 vx.
431 2823 499 2871 Ep.
521 2824 579 2869 64.

184 2884 275 2891 ·-“
309 2870 460 2922 Nafique
478 2874 673 2910 timendum

141 2921 269 2957 Omnia
290 2922 432 2959 crudelis
453 2923 567 2960 lanius
578 2933 639 2973 per
662 2924 806 2974 compita
822 2933 953 2974 portat.

88 2970 137 3008 fic
157 2973 393 3009 veterrimum
424 2974 610 3023 exemplar
632 2976 838 3012 Thuaneae
870 2974 1124 3013 bibliothecae.

89 3032 177 3108 ἓειόῐη
200 3022 364 3107 ἴῗὲαῖῆ,
390 3023 553 3076 nafisque.
579 3039 674 3062 mens
695 3025 857 3063 interrita
886 3026 945 3063 leti
972 3027 1066 3064 Met.
1089 3038 1124 3062 x.

120 3084 134 3109 1
168 3100 174 3106 .
243 3084 342 3110 mus,

146 3122 229 3167 767.
257 3129 321 3159 Fas
332 3124 463 3175 habet]
492 3126 549 3165 Sic
560 3127 965 3166 Plaut.Trinum.11.2.
977 3130 1041 3176 fas
1063 3127 1129 3165 ha-

92 3171 175 3210 bent
196 3185 259 3222 quo
280 3186 423 3212 manum
444 3178 644 3225 abstineant.

148 3235 233 3269 770.
262 3222 405 3278 Vis-‘eique
426 3228 531 3265 oculos
551 3229 696 3265 avertit.
714 3228 730 3277 ]
761 3229 817 3267 Sic
841 3230 969 3266 Livius
989 3230 1049 3267 lib.
1076 3243 1129 3268 IX.

91 3279 140 3313 Ut
151 3275 240 3324 suae
261 3275 399 3325 qulsque
421 3279 620 3318 conditionis
642 3279 764 3317 oblitus
777 3307 788 3327 ,
809 3280 852 3318 ab
874 3280 936 3319 illa
959 3281 1131 3328 deforma·

2083 1439 2205 1494 Pal-2

1153 1550 1249 1587 tione
1270 1559 1398 1587 tantae
1429 1548 1618 1600 majestatis
1649 1550 1748 1588 velat
1778 1549 1823 1587 ab
1854 1549 2002 1597 nefando
2033 1559 2209 1590 avertere?

1151 1601 1271 1639 oculos.
1302 1603 1469 1639 CIOFAN.

1204 1665 1287 1700 771.
1321 1653 1462 1702 pigre]
1494 1652 1602 1701 Pigrd
1622 1654 1804 1691 meliores.
1837 1652 1941 1702 quod
1963 1653 2002 1690 ὃς
2023 1652 2062 1690 in
2094 1654 2208 1692 tribus

1153 1704 1303 1742 suorum
1338 1704 1543 1752 Giphanius
1563 1705 1765 1742 invenerat.
1793 1705 1998 1742 Hmssms.
2038 1704 2208 1743 Gifanius

1156 1756 1237 1794 Ind.
1265 1757 1415 1793 Lucret.
1437 1756 1474 1792 in
1488 1761 1526 1792 A
1540 1756 1684 1794 videtur
1703 1757 1763 1793 hic
1779 1756 1879 1806 pigra
1901 1755 2126 1792 nominativi
2148 1767 2209 1793 ca-a

1155 1807 1209 1845 sus
1232 1819 1386 1856 capere,
1414 1819 1502 1845 nam
1534 1815 1663 1845 contra
1697 1818 1857 1844 canonas
1883 1807 2157 1843 Grammaticos
2185 1820 2210 1843 ce

1156 1858 1312 1907 produci
1333 1859 1392 1896 ait.
1419 1858 1479 1895 sed
1495 1859 1595 1908 pigra
1623 1858 1751 1896 humus
1783 1858 1832 1896 est
1865 1857 1986 1896 sterilis
2008 1885 2020 1904 ,
2056 1857 2212 1905 inculta<

1156 1911 1207 1947 ita
1232 1911 1364 1946 Horat.
1388 1922 1415 1947 1.
1438 1909 1498 1947 od.
1525 1922 1582 1947 22.

1209 1967 1299 1998 Pone
1320 1975 1372 1997 me
1388 1961 1494 2010 pigris
1516 1960 1575 1997 ubi
1598 1959 1696 1997 nulla
1719 1961 1847 2011 canzpit

1211 2012 1330 2049 Arbor
1351 2012 1482 2059 aestiva
1504 2023 1677 2049 recreatur
1697 2026 1788 2049 aura

1159 2064 1208 2101 ita
1222 2065 1353 2100 >inertes
1373 2071 1490 2100 terrae
1503 2063 1613 2100 etiam
1636 2063 1711 2100 aliis
1733 2063 1862 2100 dietae.
1890 2062 2109 2101 Rumam.

1214 2126 1296 2161 774.
1324 2114 1535 2165 Vultumqae
1556 2120 1651 2150 Deae
1684 2115 1731 2150 ad
1754 2114 1905 2163 fitspiria
1943 2114 2087 2163 duania]
2129 2111 2214 2149 Vah·

1164 2176 1307 2217 tamque
1337 2165 1411 2202 ima
1435 2194 1445 2210 ,
1473 2166 1611 2214 primus
1638 2165 1778 2202 Medic.
1800 2165 1938 2213 primus
1970 2165 2092 2201 Vatic.
2123 2164 2212 2200 Ber-

1164 2228 1312 2266 negger.
1335 2217 1497 2254 Florent.
1522 2216 1693 2253 Cantabr.
1725 2216 1858 2265 aliique
1891 2214 1997 2252 multi
2029 2226 2074 2251 ex
2106 2226 2212 2263 prae-

1163 2268 1403 2306 stantioribus.
1433 2279 1528 2317 quae
1549 2266 1660 2305 lectio
1672 2267 1838 2304 Viviano
1861 2277 2011 2315 quoque
2024 2265 2215 2303 arridebat.

1165 2325 1262 2356 Imus
1279 2320 1427 2369 gemitus
1459 2318 1556 2367 apud
1579 2318 1781 2367 Apuleium
1804 2317 1864 2354 lib.
1888 2329 1935 2356 Π.
1956 2317 2051 2353 Met.
2072 2316 2216 2366 suspicit

1166 2370 1223 2406 ille
1245 2371 1284 2406 de
1305 2370 1425 2407 leffZalo
1441 2399 1451 2415 ‚
1480 2383 1524 2410 εγ
1545 2370 1614 2406 imo
1635 2382 1714 2405 cum
1732 2368 1864 2417 gemitu
1881 2367 2043 2416 populum
2056 2365 2106 2415 fic
2128 2367 2216 2404 ado-

1168 2431 1250 2457 rat.-
1278 2421 1368 2457 imus
1401 2432 1511 2457 metus
1535 2419 1756 2457 Claudianus
1777 2419 1814 2455 in
1836 2418 1989 2466 Eutrop.
2010 2417 2069 2454 lib.
2093 2430 2138 2455 11.
2160 2417 2215 2461 >⁷ls.

1173 2471 1258 2507 282.
1283 2484 1348 2518 pro
1371 2472 1518 2508 intimo.
1542 2469 1692 2518 supr.>x⁷ss.
1706 2472 1790 2519 655.
1809 2469 1963 2518 suspirat
1983 2467 2028 2504 ab
2050 2468 2130 2505 imis
2156 2477 2217 2518 pe-

1175 2520 1321 2557 Horibas
1335 2550 1345 2565 ‚
1370 2521 1532 2558 imitatus
1554 2520 1750 2568 Virgilium
1773 2533 1800 2556 1.
1820 2521 1915 2557 Aen.
1944 2530 2025 2569 374.
2038 2519 2220 2569 suspirans

1175 2571 1309 2620 imoque
1330 2571 1471 2607 trahens
1490 2584 1512 2606 a
1529 2573 1659 2619 per‘iore
1681 2583 1808 2607 vocem.
1838 2572 1876 2608 δί
1897 2583 1943 2608 Π,
1967 2570 2050 2607 288.
2069 2571 2220 2619 gemitus

1176 2621 1245 2657 imo
1267 2622 1306 2657 de
1324 2624 1451 2671 pectore
1473 2622 1609 2659 ducens.
1631 2620 1734 2658 Silius
1755 2634 1807 2658 xx.
1845 2635 1924 2670 151.
1956 2632 1997 2658 at
2017 2620 2118 2670 miser
2150 2619 2219 2659 imo

1167 2675 1299 2721 pectore
1311 2673 1501 2722 suspirans.
1538 2671 1586 2708 fic
1616 2671 1692 2708 alta
1706 2672 1855 2722 sitspiria
1889 2671 2077 2710 Claudiam.
2102 2685 2148 2710 11.
2181 2673 2220 2711 in

1178 2723 1331 2771 Eutrop.
1357 2735 1439 2772 530.
1461 2735 1506 2760 ex
1527 2723 1577 2758 V.
1602 2724 1645 2760 C.
1671 2722 1814 2774 altaque
1832 2724 1898 2760 vix
1917 2723 2108 2760 lacrimans
2129 2725 2220 2761 inter

1169 2774 1318 2822 fitfpiria
1332 2776 1451 2821 fatur.
1486 2775 1628 2811 HEINS.
1668 2780 1745 2811 Ima
1779 2774 1827 2810 ad
1840 2775 1989 2824 suspiria
2020 2775 2124 2811 duxit
2158 2774 2222 2812 fibi.

1179 2825 1322 2873 placere
1353 2826 1471 2862 innuit
1506 2824 1635 2862 Ovidii
1667 2824 1902 2872 Aesculapius
1935 2825 2009 2872 (fic
2032 2826 2131 2862 enim
2166 2825 2223 2862 N.

1181 2875 1377 2913 Heinsium
1412 2887 1547 2913 vocare
1581 2875 1782 2921 debemus)
1823 2876 1936 2913 miror
1964 2884 2091 2913 tamen
2115 2904 2125 2919 ,
2156 2886 2222 2912 ne-

1180 2939 1253 2976 que
1277 2927 1376 2964 enim
1403 2928 1576 2965 Latinum
1616 2926 1686 2964 effe
1722 2939 1782 2964 me
1816 2927 2002 2964 arbitrarer
2036 2956 2046 2971 ‚
2084 2924 2110 2961 fi
2139 2924 2221 2962 scri-

1181 2977 1306 3015 berem
1323 3007 1332 3023 ,
1361 2978 1505 3016 vultum
1528 2979 1615 3015 duxi
1644 2979 1692 3015 ad
1704 2977 1851 3028 fitspiria
1873 2978 1958 3014 ima.
2008 2977 2135 3024 Itaque
2166 2975 2224 3012 ni-

1180 3028 1232 3066 hil
1253 3028 1373 3067 dicam
1407 3029 1572 3078 amplius.
1620 3029 1662 3067 In
1695 3029 1768 3066 aliis
1801 3028 2019 3065 editionibus
2050 3037 2117 3074 pro
2149 3026 2224 3062 ima

1179 3078 1312 3128 legitur
1326 3109 1336 3125 ‚
1359 3087 1452 3117 Deae
1466 3080 1590 3129 ‚quod
1614 3088 1827 3128 corruptum
1851 3077 1920 3115 effe
1943 3077 2121 3114 affirmare
2142 3075 2225 3125 pos-

1184 3131 1274 3167 sum.
1300 3131 1360 3168 sed
1381 3131 1470 3181 quid
1490 3131 1516 3168 fi
1537 3132 1574 3169 in
1595 3131 1652 3169 illa
1675 3142 1771 3167 voce
1793 3128 1924 3178 priscae
1946 3127 2137 3175 scripturae
2159 3138 2226 3164 ve=

1185 3181 1284 3230 ssigia
1315 3182 1509 3230 supersunt.
1538 3194 1616 3219 uno
1640 3182 1753 3218 verbo
1778 3191 1852 3215 rem
1876 3177 2059 3233 absolvam
2075 3206 2085 3222 ‚
2108 3176 2133 3213 fi
2155 3189 2226 3226 po—

1184 3240 1280 3269 tero.
1326 3240 1458 3270 notum
1490 3233 1662 3269 omnibus
1696 3231 1742 3267 est
1775 3229 1927 3276 ccleplm
1953 3256 1963 3273 ,
1999 3228 2059 3265 seu
2090 3239 2231 3276 epano-

1186 3282 1276 3322 dum
1300 3310 1312 3330 ‚
1339 3284 1377 3323 in
1399 3283 1525 3331 primis
1545 3280 1713 3332 placuisse
1736 3279 1878 3318 ovidio
1902 3307 1912 3325 ,
1951 3279 1989 3317 &
2009 3278 2047 3319 id
2068 3278 2229 3316 ducenta

1418 3333 1455 3369 V
1484 3344 1504 3370 2
2103 3340 2232 3369 exem<
