2483 3616
745 177 805 232 P.
879 163 1290 230 OVIDII
1362 161 1894 220 NASONIS

563 276 721 349 Signa
744 290 894 337 tuae,
931 272 1069 327 dixi:
1113 263 1264 340 quod
1287 263 1377 344 das
1400 262 1557 326 mihi,
1597 263 1881 344 pigneror,
1919 274 2097 316 omen.

558 350 724 405 Forte
747 350 843 405 fuit
864 348 1011 418 juxta
1034 339 1221 415 patulis
1242 334 1496 391 rariffima
1520 351 1706 399 ram1s,

562 423 718 478 Sacra
737 422 888 493 Jovi,
927 431 1156 490 quercus
1180 410 1250 464 de
1278 408 1476 462 semine
1502 407 1824 463 Dodonaeo,

558 495 674 550 Hic
697 512 794 550 nos
820 491 1102 563 frugilegas
1125 481 1457 554 adspeximus
1484 479 1696 550 agmine
1720 482 1886 552 longo

421 572 522 638 625
562 567 784 623 Grande
811 582 944 619 onus
968 563 1166 633 exiguo
1191 553 1440 609 formicas
1465 568 1560 632 ore
1586 566 1863 621 gerente8‚

567 640 901 711 Rugosoque
926 636 1076 690 suum
1100 632 1363 686 servantes
1387 637 1592 679 cortlce
1616 624 1819 679 callem.
1887 696 1898 707 ⁶
2103 697 2112 707 .
2158 697 2168 706 .

564 713 711 767 Dum
738 725 1021 765 numerum
1046 705 1242 763 miror,
1277 697 1574 760 Totidem,
1611 708 1762 768 pater
1787 708 2021 768 optime,
2061 697 2203 762 dno,

565 785 659 839 Tu
686 784 816 839 mihi
847 783 912 836 da
939 781 1107 833 cives:
1149 775 1204 829 &
1228 771 1400 827 inania
1423 769 1636 824 moenia
1661 770 1822 841 reple.

567 855 875 917 Intremuit,
913 851 1174 923 ramisque
1199 847 1389 901 sonum
1416 842 1521 897 fine
1549 842 1765 897 flamine
1789 843 1951 897 motis

425 935 528 996 630
565 930 690 984 Alta
726 927 878 982 dedit
902 941 1146 999 quercus,
1184 918 1381 993 pavido
1406 915 1538 970 mihi
1561 914 1803 970 membra
1828 918 2024 970 timore

570 1001 943 1062 Horruerant‚
982 996 1291 1067 stabantque
1318 1007 1521 1045 comae.
1561 1001 1741 1042 tamen
1767 989 1945 1043 oscula
1969 1002 2170 1054 terrae,

569 1073 988 1146 Roboribusque
1013 1068 1167 1124 dedi:
1209 1083 1309 1121 nec
1335 1080 1422 1118 me
1448 1062 1654 1134 sperare
1679 1061 1912 1126 fatebar3

2241 1093 2422 1210 Spera}

277 1281 351 1320 Vel
365 1310 375 1326 ‚
412 1280 577 1333 Afhpidos
606 1278 760 1327 Aeginae
781 1305 791 1323 ‚
816 1284 856 1316 ut
878 1290 912 1314 os
933 1274 1166 1326 producatur.
1217 1269 1320 1310 Bers-
1373 1278 1441 1326 pro
1463 1267 1646 1316 repetitis:
1663 1278 1740 1305 non
1754 1267 1856 1305 enim
1870 1278 1988 1325 unuin
2008 1263 2207 1304 sufficiebat
2217 1268 2423 1326 augurium

277 1345 431 1371 mannus
453 1335 547 1371 hanc
568 1342 719 1381 quoque
737 1330 774 1367 in
795 1327 1073 1366 suisleetionem
1090 1325 1246 1368 invenit,
1259 1322 1318 1361 sed
1372 1319 1439 1358 nlfi
1471 1318 1748 1356 confirmaretur
1777 1330 1824 1356 ex
1854 1318 1973 1357 fimlll·
2002 1317 2105 1367 quod
2135 1316 2282 1365 firmare
2311 1331 2424 1358 omma

278 1386 315 1421 in
336 1395 413 1421 uno
428 1412 438 1427 ,
452 1383 592 1433 Eginis‚
619 1381 718 1420 unde
737 1379 884 1429 Aegines
893 1379 990 1417 facit.
1008 1379 1046 1415 in
1062 1377 1192 1422 altero,
1205 1380 1320 1424 Egyn-

279 1448 354 1471 nae.
381 1434 597 1472 Bunmmu.

329 1486 415 1522 621.
442 1487 544 1534 Qae
563 1484 625 1520 das
642 1482 733 1521 mihi
748 1480 896 1532 pignoris
913 1478 1049 1529 omem]
1080 1478 1135 1516 Ita
1156 1477 1232 1516 duo
1246 1477 1323 1514 Va-

276 1537 385 1573 tican.
415 1535 456 1573 In
475 1544 634 1584 utroque
655 1532 1030 1578 meo,alioVatican.
1048 1530 1215 1568 Brian.&
1229 1528 1323 1566 Cae-

276 1587 407 1624 lestino
422 1614 432 1631 ‚
460 1599 547 1637 quae
564 1587 626 1622 das
648 1584 738 1622 mihi
756 1584 897 1633 pignora
919 1594 1060 1619 numen.
1112 1580 1185 1618 Sed
1195 1581 1231 1617 in
1244 1591 1321 1617 uno

280 1649 368 1674 meo
387 1646 512 1675 notata
531 1637 580 1674 est
598 1635 643 1673 ad
662 1635 866 1684 marginem
888 1631 1187 1682 superiorleffio.
1210 1630 1324 1686 Cror.

278 1689 458 1733 Acutius,
482 1687 586 1736 quod
614 1686 765 1724 Palatini
787 1684 833 1722 ad
854 1696 957 1722 oram
972 1711 982 1726 ,
1010 1682 1100 1733 quod
1128 1682 1192 1718 das
1211 1680 1323 1737 (mhi,

274 1737 430 1787 pigneror
455 1752 564 1777 omen.
592 1738 697 1775 Dm.
721 1737 922 1774 Hfimsxus.
960 1733 1065 1784 {Quod
1085 1733 1148 1770 das
1171 1731 1325 1781 mihipt-

275 1789 391 1836 gnoris
419 1802 515 1826 omen
537 1817 547 1833 ‚
575 1788 635 1826 vel
659 1788 799 1837 pignora
821 1798 952 1823 numen
981 1792 1120 1822 veteres
1148 1783 1326 1832 plerique.

281 1839 442 1877 Florent.
465 1839 501 1878 S.
527 1839 672 1883 Marci,
698 1838 775 1876 duo
808 1837 920 1874 Palat.
950 1835 1057 1883 prim.
1086 1835 1259 1872 Gronov.
1286 1834 1325 1871 &

279 1888 342 1926 sex
365 1898 427 1927 aut
453 1889 591 1939 septem
613 1889 683 1926 alii.
710 1887 801 1938 quod
820 1888 883 1923 das
901 1886 1010 1931 mihi,
1033 1884 1326 1935 pigneror,omen.

281 1939 380 1978 ver'e.
407 1939 455 1977 fic
474 1940 571 1988 apud
592 1940 815 1977 Ciceronem
842 1938 995 1985 Philipp.
1016 1948 1102 1974 X1v.
1128 1948 1207 1985 cap.
1235 1947 1280 1973 xr
1291 1947 1323 1974 1.

280 1997 386 2027 Mars
405 1991 469 2038 ipse
490 1991 527 2028 in
539 1990 611 2027 acie
623 1987 848 2037 fortiſjimum
869 2000 1035 2038 quemque
1042 1986 1215 2037 pignerari
1225 1986 1324 2035 fhlet.

279 2041 380 2079 Vide
403 2042 573 2079 Nonium
596 2043 631 2078 in
655 2039 841 2088 pignerari.
867 2040 916 2077 ita
937 2040 1096 2076 etiamin
1110 2037 1236 2076 Indice
1247 2038 1325 2075 Lu-

279 2093 444 2130 cretiano
469 2091 662 2129 Gifanium
682 2088 868 2128 restituiffe
874 2090 952 2139 jam
974 2089 1106 2133 video,
1135 2100 1230 2127 voce
1240 2093 1324 2125 Por-

275 2156 362 2191 gere.
391 2143 528 2180 Monet
549 2144 587 2180 &
605 2142 652 2179 A.
679 2141 817 2179 Gellius
839 2140 952 2178 Nost.
977 2140 1091 2177 Attic.
1105 2139 1199 2177 libro
1212 2151 1327 2178 xvnr.
1375 2142 1524 2189 juvenis
1548 2141 1734 2190 rarissime,
1760 2143 1822 2181 ubi
1841 2144 1924 2186 alii,
1952 2139 2154 2188 clariffime,
2174 2142 2233 2179 vel
2254 2141 2428 2189 cariffime.
2476 2138 2480 2187 j

280 2205 358 2242 cap.
384 2205 438 2230 12.
466 2191 591 2230 dixiffe
618 2192 791 2241 pignerari
824 2204 890 2240 pro
914 2191 1102 2240 pignerare.
1144 2190 1325 2239 Apulejus

282 2245 453 2281 Met.111.
474 2249 588 2281 Tuum
602 2242 812 2292 mancipium
823 2240 1101 2278 irremunerabili
1111 2239 1264 2287 beneficio
1278 2238 1329 2290 sic

281 2294 345 2330 tibi
361 2303 515 2344 perpetuo
533 2294 688 2344 pignera.
725 2293 840 2331 Paulo
864 2302 948 2330 ante
971 2304 1038 2341 pro
1061 2291 1261 2340 tonitruque
1273 2292 1330 2340 se·

284 2346 391 2380 cundo
415 2346 519 2394 prim.
551 2345 691 2383 Medic.
724 2345 763 2383 &
793 2352 952 2394 quatuor
981 2342 1064 2388 alii,
1091 2341 1333 2393 tonitrumque

283 2395 482 2443 fiecundum.
536 2396 677 2441 Forte,

341 2457 398 2493 Ille
417 2466 534 2495 notam
546 2458 735 2508 fulgurque
756 2457 851 2495 dedit
872 2457 1110 2508 tonitrumque
1120 2457 1325 2506 secundum.

289 2521 330 2600 gt
348 2513 389 2601 itit
406 2514 598 2562 appositio.
625 2515 673 2553 fic
695 2523 824 2554 contra
849 2514 946 2565 apud
968 2514 1215 2554 Claudianum
1228 2516 1330 2555 Bello

330 2576 346 2600 e
367 2576 411 2601 ic.
431 2576 515 2614 253.

519 2629 768 2680 adversamque
787 2641 906 2668 notam
925 2631 1052 2669 duxere
1062 2632 1196 2679 futuri.

291 2690 471 2728 Tonitrum
496 2703 561 2739 pro
579 2691 713 2728 tonitru
732 2694 844 2731 etiam
867 2694 949 2732 alibi
978 2694 1101 2733 habes.
1129 2704 1170 2734 ut
1190 2708 1331 2736 cornum

290 2754 358 2791 pro
378 2752 491 2778 cornu.
516 2741 576 2779 lib.
594 2753 674 2779 xxv.
694 2754 775 2789 542.

600 2804 834 2857 tonitrumque
848 2809 953 2855 secuti

342 2862 435 2893 Cum
448 2855 596 2905 saliente
613 2870 738 2905 graves
760 2859 951 2896 ceciderunt
966 2862 1137 2908 grandine
1157 2863 1280 2902 nimbi.

289 2918 418 2968 Atque
439 2921 488 2959 ita
507 2921 632 2969 paffim
666 2922 872 2961 Lucretius.
908 2924 1115 2964 Herusxus.
1169 2930 1334 2977 pigneror

291 2971 423 3018 probo.
445 2972 494 3009 ita
515 2971 665 3010 Sueton.
682 2973 811 3010 Claud.
841 2986 894 3010 ιο.
923 2973 1031 3019 fidem
1060 2977 1216 3014 militum
1230 2990 1333 3028 prae-

291 3020 360 3056 mio
384 3021 552 3070 pignerat.
603 3023 841 3072 Epigramma
874 3033 978 3062 vetus
1017 3025 1054 3062 in
1084 3027 1200 3065 Catal.
1241 3029 1335 3068 Pith.

292 3081 373 3121 pag.
398 3084 480 3121 115.

343 3135 509 3184 Pignerat
525 3136 608 3174 haec
625 3136 727 3175 tellus
748 3148 858 3176 terrae
867 3139 983 3187 felicis
1001 3140 1188 3178 alumnum

343 3188 560 3226 fundorum.

294 3250 517 3308 Tonitrusqae
530 3252 691 3299 >secundos
701 3254 808 3292 etiam
826 3255 958 3303 Sprotii
971 3256 1088 3295 codex
1102 3258 1138 3294 &
1151 3257 1237 3296 alius
1250 3271 1257 3295 :
1270 3261 1334 3308 qui

294 3307 361 3346 Pro
375 3302 490 3342 faustis
504 3305 541 3342 δε
554 3305 759 3345 faventibus
771 3305 918 3355 poffunt
933 3308 1024 3347 sumi
1039 3337 1048 3355 ‚
1062 3308 1120 3348 sed
1134 3311 1171 3347 &
1184 3311 1333 3360 proprie

1377 1368 1502 1408 dixiffe
1522 1369 1718 1408 docuimus
1748 1370 1786 1407 in
1807 1370 1903 1417 Jove
1925 1369 2109 1419 Fulgerat.
2141 1379 2220 1418 cap.
2241 1380 2298 1408 1x.
2324 1368 2426 1418 Bm<

1380 1433 1551 1460 MANNUS.

1430 1482 1513 1519 622.
1543 1488 1639 1520 Forte
1655 1482 1735 1530 fuit
1755 1483 1865 1534 juxta
1889 1481 2022 1534 patulis
2059 1480 2231 1533 rariffima
2270 1481 2423 1534 ramis-‚J

1380 1532 1481 1570 Vide
1507 1545 1580 1582 qua
1609 1536 1753 1572 ratione
1784 1543 1896 1573 vocet
1922 1545 2103 1583 quercum
2137 1530 2360 1581 rartfflmam.
2385 1547 2433 1592 ψ,

1380 1591 1477 1621 trum
1500 1593 1540 1621 ut
1562 1596 1663 1621 rarus
1682 1594 1894 1634 opponatur
1914 1585 2014 1634 denso
2032 1612 2043 1629 ,
2071 1596 2117 1622 an
2137 1586 2258 1633 potius
2270 1584 2373 1634 quod
2390 1586 2428 1624 in

1383 1646 1425 1672 ea
1443 1634 1554 1672 insula
1581 1636 1678 1673 nulla
1702 1636 1884 1685 ejusmodi
1901 1644 1977 1674 erat
1988 1635 2033 1673 de
2055 1635 2193 1673 semine
2205 1636 2430 1674 Dodonaeo.

1381 1686 1591 1723 GLAREAN.
1622 1686 1834 1735 Suspef'tam
1855 1685 2009 1724 Heinsio
2030 1685 2133 1724 fuiffe
2147 1698 2281 1724 vocem
2303 1685 2433 1734 rariffi'-

1379 1749 1441 1773 ma
1461 1744 1581 1785 patet,
1610 1738 1695 1786 quia
1719 1739 1876 1786 margini
1907 1737 2137 1786 adscripscrat
2164 1738 2283 1781 forte,
2312 1735 2433 1785 latiffi-

1381 1800 1453 1824 ma.
1478 1798 1524 1824 an
1543 1787 1618 1824 aliis
1638 1788 1675 1825 id
1697 1789 1734 1826 in
1759 1797 1927 1827 mentem
1956 1789 2098 1826 venerit
2117 1787 2263 1832 nescio,
2278 1786 2338 1824 sed
2352 1787 2432 1827 casu

1382 1838 1474 1876 olim
1489 1837 1713 1885 deprehendi
1726 1841 1775 1877 ita
1798 1840 1936 1878 laudari
1959 1840 1996 1877 in
2016 1838 2431 1888 Scholasticolib1·o‚qui

1382 1888 1512 1937 gradus
1531 1888 1577 1926 ad
1599 1888 1807 1928 Parnassum
1837 1890 1951 1938 vulgo
1978 1889 2110 1926 dicitur
2128 1916 2138 1932 ,
2161 1890 2198 1927 in
2217 1900 2314 1926 voce
2335 1902 2436 1938 quer-¹

1382 1953 1451 1976 cus.
1479 1940 1518 1976 ὃς
1540 1946 1637 1977 certe
1659 1939 1685 1976 fi
1700 1940 1817 1988 patuli
1834 1942 1927 1978 rami
1949 1967 1960 1985 ,
1997 1950 2069 1989 qua
2098 1940 2242 1976 ratione
2262 1938 2432 1987 rarissima·
2479 1959 2481 1963 ·

1380 1990 1452 2028 dici
1463 2001 1616 2039 quercus
1628 1991 1735 2039 poffit
1748 1992 1809 2029 vix
1829 1991 1942 2028 video
1958 2018 1968 2035 ,
2000 2001 2085 2028 cum
2098 1990 2227 2028 melius
2239 1989 2429 2039 densissima
2479 2021 2482 2025 .

1382 2040 1532 2080 deberet
1556 2039 1640 2079 effe.
1667 2042 1763 2079 forte
1778 2070 1787 2086 ‚
1819 2040 2121 2088 tlariffima‚nam
2146 2053 2247 2076 rarus
2268 2041 2433 2080 &clarat

1379 2093 1506 2141 paffim
1521 2091 1767 2131 confuderunt
1793 2093 1935 2131 librarii.
1964 2100 2003 2128 ut
2021 2091 2081 2128 lib.
2096 2103 2143 2128 11.
2164 2091 2273 2129 Pont.
2294 2104 2356 2129 111.
2371 2103 2430 2141 ςς.

1384 2193 1423 2231 &
1439 2194 1488 2230 ita
1501 2193 1598 2231 alibi.
1613 2206 1679 2242 pro
1692 2195 1803 2243 juxta
1824 2205 1916 2232 unus
1939 2191 2128 2230 Leidensis
2141 2192 2298 2236 ,dextra.
2325 2193 2351 2230 fi
2371 2192 2430 2232 cui

1384 2242 1555 2291 rariffima
1576 2244 1706 2292 placet,
1727 2244 1835 2282 debet
1853 2244 2035 2293 explicare
2052 2273 2060 2286 ‚
2074 2243 2200 2292 quales
2209 2255 2289 2281 raro
2303 2243 2429 2282 viden·
2474 2237 2478 2287 ξ

1385 2302 1454 2333 tur.
1493 2292 1610 2343 poffet
1633 2296 1670 2332 &
1691 2295 1854 2343 altzffima
1878 2295 1973 2344 legi,
1999 2293 2026 2331 fi
2047 2293 2193 2332 codices
2213 2293 2430 2334 addicerent.
2474 2307 2477 2329 ἐ

1386 2345 1448 2383 sed
1466 2345 1627 2395 sequitur
1646 2346 1694 2383 vs.
1715 2347 1801 2396 630.
1837 2346 1982 2383 Servius
2009 2344 2056 2384 ad
2075 2345 2206 2394 Virgil.
2224 2345 2380 2386 11.AEn.
2397 2356 2430 2394 7·
2474 2390 2476 2404 ς

1389 2396 1479 2435 dicit
1499 2395 1611 2434 ficum
1635 2395 1749 2435 fuiffe.
1778 2397 1909 2435 Euam.

1438 2461 1522 2507 624.
1554 2461 1784 2512 frug-degan]
1823 2461 2034 2510 Fructilegas
2065 2460 2232 2500 Vofflan.
2243 2462 2428 2513 frugiferas
2472 2434 2475 2518 3¹

1388 2512 1535 2559 Junian.
1555 2513 1593 2550 ὃ(
1611 2513 1687 2550 duo
1706 2514 1777 2551 alii.

1437 2564 1520 2610 624.
1549 2564 1700 2612 Agmine
1721 2563 1854 2613 longa]
1881 2563 2012 2601 Ordine
2032 2564 2202 2602 Vatican.
2224 2564 2425 2614 &quatuor

1391 2613 1465 2652 alii.
1502 2614 1601 2663 denfh
1629 2614 1800 2652 Ambros.
1827 2617 1866 2652 ὃς
1896 2615 2034 2653 Medic.
2053 2616 2117 2664 qui
2139 2614 2333 2653 sollemnes
2353 2616 2428 2653 sunt
2469 2621 2471 2646 1

1390 2665 1621 2702 librariorum
1649 2665 1754 2703 lusus.
1791 2665 1878 2703 Vid.
1909 2665 1955 2704 ad
1977 2666 2085 2715 Epist.
2108 2677 2188 2704 xvx.
2211 2665 2294 2715 183.
2327 2665 2429 2710 Boiu,

1389 2728 1565 2753 MANNUS.

1438 2780 1521 2816 621.
1550 2779 1678 2815 Inania
1699 2780 1834 2817 moenia
1855 2779 1980 2829 supple.
1999 2779 2015 2830 ]
2069 2780 2170 2826 Alii,
2199 2781 2332 2831 comple.
2356 2764 2427 2830 sep:
2468 2754 2469 2786 Ξ

1387 2838 1463 2868 tem
1481 2858 1491 2874 ,
1518 2829 1614 2879 reple.
1642 2830 1690 2868 est
1709 2832 1809 2869 enim
1831 2842 2042 2870 communis
2062 2831 2205 2881 syllaba.
2233 2831 2427 2882 Virgillih.

1389 2893 1442 2918 x1.
1461 2894 1542 2927 140.

1441 2952 1654 2989 Evandrum
1666 2980 1677 2997 ,
1705 2953 1935 3004 Evandrique
1955 2954 2069 2993 domos
2085 2964 2129 2997 ω’
2145 2955 2280 2994 moenia
2295 2952 2409 3003 replet.
2465 2948 2467 2963 ²

2467 2820 2469 2828 ι

2466 2883 2468 2895 l

1390 3026 1444 3062 Ita
1465 3027 1719 3065 vetustiffimus
1750 3030 1983 3070 Florentinus
1998 3059 2007 3075 ,
2036 3031 2171 3082 aliique
2193 3044 2239 3070 ex
2258 3027 2428 3080 praestan·
2464 3028 2466 3076 ἕ

1390 3076 1564 3119 tioribus;
1593 3089 1670 3114 non
1694 3082 1845 3129 complet.
1874 3093 1965 3119 mox
1988 3082 2110 3128 dicet,

1444 3184 1592 3196 -—..
1612 3161 1678 3210 sed
1698 3175 1767 3199 non
1786 3163 1946 3211 replenda
1969 3164 2013 3213 est
2031 3161 2128 3200 curia
2145 3162 2271 3203 verbis.

1390 3235 1522 3279 Statius
1544 3228 1698 3293 <suoque
1720 3245 1882 3294 priorem
1905 3241 2077 3294 producit
2102 3240 2164 3281 lib.
2181 3253 2237 3281 xv.
2264 3239 2349 3280 Silv.
2367 3239 2431 3277 1112
2462 3235 2463 3238 ’

1394 3298 1474 3328 122.

2375 3352 2432 3386 En
