2483 3616
321 156 1561 217 METAMORPHOSEON
1636 159 1780 216 [ΛΒ.
1840 161 1975 217 XII.

345 276 595 330 Protinus
619 272 935 344 Hylonome
963 276 1251 331 morientes
1277 277 1473 347 excipit
1498 288 1664 330 artus:

345 346 696 418 Impositaque
724 364 881 402 manu
905 348 1088 402 vulnus
1111 349 1290 408 fovet;
1330 366 1529 420 oraque
1554 348 1620 402 ad
1645 365 1736 402 ora

202 438 267 487 42
275 440 303 489 5
343 419 652 483 Admovet;
692 433 850 490 atque
875 420 1075 474 animae
1102 420 1329 491 fugienti
1352 420 1593 475 obsistere
1618 432 1804 474 tentat.

337 489 413 543 Ut
438 489 586 544 videt
612 492 921 546 exstinctum
949 510 959 546 :
1001 492 1180 556 (11ἃί3,
1219 509 1353 564 quae
1378 492 1577 545 clamor
1601 493 1667 547 ad
1694 509 1842 546 aures

341 562 534 617 Arcuit
561 563 637 617 ire
663 582 830 628 meari,
868 566 1005 628 te10,
1043 565 1192 636 quod
1218 563 1504 619 inhaeserat
1532 563 1636 626 illi,

338 633 581 688 Incubuit
610 654 621 689 :
664 638 1001 708 moriensque
1026 638 1174 692 suum
1199 636 1475 707 complexa
1502 635 1750 688 maritum
1777 635 1864 689 est.

335 709 482 761 Ante
509 709 692 762 oculos
716 708 809 762 stat
839 710 892 761 δε
922 710 1006 762 ille
1031 726 1178 763 meos
1204 727 1215 762 :
1254 711 1348 781 qui
1370 707 1488 762 sena
1512 708 1730 762 leonum

194 797 296 848 430
332 778 594 834 Vinxerat
621 780 761 834 inter
786 780 836 834 se
863 781 1119 834 connexis
1145 782 1338 835 vellera
1363 779 1517 834 nodis

333 851 726 916 Pliaeocome3‚
763 851 1145 924 hominemque
1173 852 1320 907 simul
1344 850 1613 924 protectus
1643 866 1963 923 equumque,

335 923 547 978 Codice
573 925 664 996 qui
692 923 867 986 mirso,
902 941 1063 995 quem
1089 925 1179 978 vix
1197 924 1319 995 juga
1346 925 1466 978 bina
1491 937 1772 978 moverent

330 995 546 1065 μηρία,
585 994 993 1050 Phonoleniden
1020 996 1048 1048 a
1067 994 1272 1049 summo
1296 998 1497 1051 vertice
1524 995 1705 1066 fregit.

336 1067 519 1123 Fra6³ca
542 1068 839 1123 volubilitas
864 1067 1047 1138 capitis
1070 1066 1305 1121 latiffima
1329 1087 1339 1121 ε
1379 1085 1579 1140 perque
1603 1084 1661 1121 os
1678 1105 1693 1129 ‚

189 1157 252 1209 43
264 1159 291 1208 5
331 1140 542 1211 Perque
569 1157 718 1196 cavas
741 1157 920 1203 nareS,
958 1140 1276 1210 oculosque,
1314 1157 1569 1212 auresque
1594 1138 1873 1193 cerebrum

338 1211 510 1266 Molle
538 1212 672 1266 fluit.
697 1213 860 1266 veluti
886 1224 1202 1266 concretum
1226 1212 1424 1265 vimine
1451 1229 1660 1283 querno

333 1284 449 1338 Lac
473 1285 634 1347 solet;
676 1297 800 1338 utve
826 1285 1002 1356 liquor
1029 1288 1131 1338 rari
1154 1283 1244 1338 sub
1268 1283 1509 1355 pondere
1539 1283 1698 1336 cribri

335 1355 559 1422 Manat,
597 1356 653 1411 &
679 1357 993 1430 exprimitur
1018 1374 1114 1429 per
1143 1356 1299 1411 densa
1320 1355 1575 1411 foramina
1600 1352 1790 1427 spissus,

39 1568 157 1610 liastes
171 1596 181 1614 ,
209 1566 273 1606 cole
287 1575 347 1616 pro
369 1569 475 1608 caule.
499 1570 542 1616 fic
560 1571 640 1609 coda
657 1579 716 1621 pro
738 1571 858 1608 cauda.
877 1571 924 1609 ita
944 1583 1025 1607 aure
1046 1571 1084 1609 &

45 1635 99 1658 ore
123 1621 332 1669 frequenter
360 1622 635 1660 confunduntur
653 1623 690 1659 in
713 1622 846 1670 scriptis
869 1622 1084 1671 exemplari-

46 1671 133 1715 bus,
162 1680 201 1708 ut
215 1671 293 1719 jam
318 1671 476 1709 vidimus
489 1673 562 1710 hoc
577 1673 652 1722 ipso
671 1673 764 1710 libro
783 1673 837 1715 ihs.
849 1674 906 1719 46.
933 1673 1087 1722 Proper-

45 1722 113 1760 tius
129 1720 229 1758 vlibro
252 1733 277 1757 1.
305 1720 406 1770 Eleg.
433 1734 463 1760 1.

98 1790 160 1822 Vos
178 1793 350 1820 remanete
363 1812 374 1829 ,
401 1785 523 1835 quibus
534 1786 637 1833 facili
659 1791 755 1835 Deus,
770 1785 895 1823 annuit
918 1799 982 1825 ore.

46 1846 106 1885 ubi
127 1860 315 1897 perperam
335 1850 570 1898 aurelegitur.
585 1850 832 1889 Martialislib.
843 1863 887 1888 11.
902 1850 968 1899 Ep.
980 1860 1085 1889 xxxv.

150 1926 246 1933 -·“
276 1914 366 1963 quod
380 1913 413 1962 si
435 1920 524 1951 Deus
541 1928 594 1951 ore
608 1915 724 1962 sereno

96 1963 276 1998 Annuer-it
294 1973 308 1999 ἓ
328 1964 418 2009 fhlix
441 1965 621 2008 Candide,
642 1966 735 2014 solus
754 1965 832 2002 eris.

46 2020 211 2077 ficapud
233 2024 391 2060 eundem
411 2025 638 2073 Propertium
666 2028 764 2075 Eleg.
780 2039 842 2064 111.
862 2026 939 2064 libri
955 2026 1063 2074 primi

46 2071 173 2109 cotibus
195 2084 260 2120 pro
282 2072 450 2111 cautibus.
478 2075 580 2113 idem
602 2077 726 2115 denuo
746 2078 929 2126 Eleg.x11.
950 2077 1030 2114 libri
1054 2066 1086 2127 ιζ

96 2141 169 2172 Nec
189 2135 277 2172 mihi
297 2135 463 2181 consuetos
479 2137 637 2186 amplexu
652 2139 766 2176 nutrit
788 2152 918 2176 amores

149 2186 306 2234 Cynthia
320 2214 330 2230 ,
359 2199 417 2222 nec
438 2186 542 2233 nostro
561 2187 670 2226 dulcis
687 2190 724 2226 in
742 2204 794 2226 ore
804 2192 921 2235 fimat.

45 2260 122 2286 non
135 2248 261 2336 I{zlostra
291 2261 400 2294 aure,
435 2249 537 2299 quod
566 2262 663 2289 nunc
680 2253 824 2301 legitur.
863 2252 967 2290 Idem
989 2251 1084 2290 libro

47 2311 108 2336 111.
183 2311 237 2348 eg.
254 2311 305 2336 ix.

94 2349 289 2396 Dulciaque
307 2349 456 2397 ingratos
478 2348 641 2386 adimant
664 2351 827 2393 convivia
841 2356 989 2399 somnos.

149 2399 292 2437 Publica
309 2401 446 2437 vicinae
461 2400 638 2448 perstrepat
660 2414 718 2436 ora
738 2401 829 2437 viae.

46 2449 106 2488 ubi
137 2451 388 2489 circumfertur
414 2463 512 2489 nunc
542 2463 629 2486 aura
659 2462 858 2497 perperam.
895 2448 953 2485 sed
977 2455 1018 2485 ut
1040 2448 1085 2485 ad

46 2499 232 2538 Nasonem
272 2510 430 2539 revertar
453 2530 462 2544 ,
502 2500 618 2548 placet
645 2500 806 2547 impense
840 2510 924 2546 prae
957 2498 1084 2535 ceteris

36 2549 245 2589 Florentini
268 2551 401 2589 codicis
423 2552 590 2599 scriptura
605 2578 614 2593 ,
642 2562 751 2596 quarn
766 2548 975 2596 designavi,
1005 2546 1086 2583 Col-

47 2599 135 2639 leuis
155 2602 261 2639 nodis.
289 2602 337 2640 fic
363 2601 511 2650 colligere
529 2601 566 2636 in
594 2601 721 2636 nodum
745 2600 849 2636 crines
871 2597 1086 2646 similiaque.

50 2650 236 2690 Claudian.
258 2665 302 2689 11.
323 2653 361 2689 in
382 2653 467 2689 Ruf.
486 2650 566 2689 108.

95 2702 198 2738 Illinc
219 2702 410 2739 Armeniae
429 2702 579 2738 vibratis
600 2699 749 2736 crinibus
768 2698 845 2735 alae
860 2726 871 2743 ,

97 2751 250 2789 Herbida
271 2753 422 2789 calleciae
438 2752 541 2797 facili
565 2751 746 2787 velamina
769 2749 864 2787 nodo.

48 2800 108 2840 De
136 2801 312 2850 colligendi
346 2803 458 2839 verbo
497 2803 597 2851 plura
627 2801 672 2838 ad
702 2802 898 2838 Maronem
932 2798 1090 2847 congesti

49 2852 237 2890 Aeneidos
265 2864 335 2890 xii.
362 2853 507 2890 Hiems.
543 2851 665 2899 Colligi
696 2851 793 2889 reete
826 2852 940 2888 crines
968 2852 1005 2886 ὃς
1024 2849 1091 2886 alia

50 2901 243 2946 dicuntur,
278 2911 319 2940 ut
347 2902 451 2940 nodo
483 2902 747 2946 cohibeantur,
783 2900 842 2938 sed
873 2900 968 2948 ipsos
988 2899 1089 2936 nodos

51 2951 194 2989 collectos
215 2953 286 2990 dici
306 2964 382 2989 non
396 2960 486 2999 puto
500 2980 510 2997 ‚
539 2965 700 2989 connexos
710 2963 800 2989 vero
816 2950 928 2995 reete,
948 2959 988 2987 ut
999 2961 1090 2987 con-

50 3008 102 3039 tra
120 3003 256 3048 diduci,
279 3015 362 3040 cum
386 3002 596 3046 solvuntur,
623 3002 683 3039 lib.
704 3014 750 3039 11.
779 3001 861 3050 560.

99 3064 184 3101 431.
211 3053 458 3108 Hominemque
471 3051 578 3101 fimul
593 3047 990 3107 protec'iusequumque.]
1020 3051 1093 3087 Ra-

51 3102 159 3150 phae'l
192 3105 368 3150 exponit,
396 3116 460 3152 qui
490 3114 598 3140 coma
617 3103 654 3139 &
674 3101 708 3138 se
730 3102 766 3138 ὃ(
785 3102 979 3138 hommem
1007 3112 1093 3148 pro-

52 3159 198 3190 texerat.
213 3154 273 3191 alii
294 3153 500 3202 simpliciter
511 3153 714 3199 accipiunt,
742 3150 860 3194 idest,
888 3150 1019 3198 quise,
1049 3151 1088 3188 &

52 3201 246 3257 hominem
268 3231 279 3247 ‚
315 3206 353 3241 &
387 3215 524 3252 equum
556 3209 790 3251 protexerat:
821 3200 924 3251 quod
944 3199 1090 3251 videtur

55 3251 291 3291 verisimilius.
317 3255 523 3294 GLAREAN.

155 3306 250 3353 gom.
276 3309 325 3356 11t
520 3303 523 3306 ’

2084 1430 2183 1486 Ast

1190 1581 1274 1618 432.
1301 1569 1460 1621 Codice]
1489 1570 1607 1620 Stipite
1632 1569 1844 1609 octodecim
1861 1595 1871 1612 ‚
1907 1566 2023 1605 cortice
2039 1566 2182 1606 decem.

1141 1621 1252 1658 robore
1282 1622 1432 1670 septem.
1461 1621 1586 1659 caldice
1616 1633 1720 1659 unus.
1754 1619 1892 1657 cardine
1912 1618 2012 1657 alius.
2046 1618 2184 1656 caudice

1142 1673 1259 1710 multi.
1286 1672 1368 1709 bina
1388 1672 1549 1709 levarent
1570 1673 1767 1719 Langerm.
2189 1703 2196 1711 ,

1194 1736 1214 1766 4
1223 1735 1240 1772 3
1250 1734 1281 1770 3.
1308 1723 1445 1767 Junela
1457 1721 1738 1770 Phonoleniden]
1769 1722 1902 1761 Metuo
1914 1730 1962 1757 ne
1972 1719 2064 1756 haec
2076 1729 2185 1756 men—

1141 1773 1224 1810 dosa
1256 1773 1335 1810 sint.
1364 1784 1449 1809 nam
1479 1774 1515 1810 in
1549 1772 1768 1809 membranis
1800 1769 2051 1807 vetustioribus
2083 1780 2186 1806 mera

1140 1824 1344 1861 lectionum
1366 1824 1523 1860 monstra
1541 1830 1726 1868 apparent.
1755 1820 1789 1856 S.
1810 1820 1953 1863 Marci,
1982 1820 2082 1854 Testa
2095 1817 2186 1855 Pho-

1142 1874 1239 1910 nolen
1261 1874 1429 1924 idemque.
1484 1871 1725 1908 Phololeniden
1744 1870 1900 1918 Neapol.
1913 1877 1948 1907 at
1966 1868 2184 1917 Bernegger.

1142 1924 1181 1961 &
1214 1924 1363 1961 Thuan.
1416 1927 1460 1959 Te
1494 1922 1750 1959 Phonolenides.
1790 1923 1928 1957 Teffium
1962 1918 2184 1956 Pholoniden.

1140 1975 1247 2023 prim.
1272 1975 1404 2012 Erfurt.
1441 1972 1765 2022 Thephonoleniden.
1791 1972 1848 2008 alii
1871 1970 1984 2007 aliter.
2012 1968 2182 2005 Viderint

1142 2027 1332 2062 acutiores.
1370 2024 1531 2061 Proximi
1562 2024 1727 2071 quinque
1756 2021 1873 2064 versus
1894 2019 1913 2056 a
1933 2018 2055 2056 multis
2076 2029 2181 2055 vetu-

1143 2076 1291 2113 stiorum
1315 2074 1451 2112 absunt.
1479 2075 1621 2110 Hiems.

1192 2137 1264 2174 434
1304 2125 1435 2173 Capitis
1452 2122 1634 2170 latiffima:
1654 2131 1777 2172 perque
1793 2118 1863 2168 os.]
1885 2117 2184 2168 capitis,junclu-

1142 2189 1249 2226 mque
1266 2176 1394 2219 frontis
1414 2173 1611 2212 Leidenfis.

1189 2227 1274 2275 436.
1302 2226 1414 2263 Veluti
1437 2234 1625 2261 concretum
1647 2221 1779 2258 vimine
1797 2216 1961 2268 querna]
1992 2218 2096 2255 Haec
2116 2216 2181 2254 de-

1139 2275 1284 2325 scriptio
1308 2303 1318 2319 ,
1362 2275 1424 2313 nifi
1466 2275 1658 2323 adjuvetur
1694 2270 1815 2308 multis
1847 2267 1967 2304 modis
1987 2294 1998 2311 ,
2036 2269 2074 2303 &
2102 2278 2182 2315 par-

1140 2328 1207 2364 tim
1232 2325 1485 2374 expositione,
1514 2325 1640 2371 partim
1663 2321 1780 2368 figuris
1793 2318 2012 2360 declaretur,
2039 2326 2182 2364 praeter

1138 2376 1244 2423 hujus
1281 2378 1415 2422 po'e'tae
1449 2371 1749 2410 consuetudinem
1779 2367 1954 2416 insignem
1975 2365 2097 2404 secum
2119 2367 2183 2404 ad-

1139 2426 1208 2461 fert
1239 2424 1517 2466 obscuritatem,
1554 2432 1592 2458 ut
1622 2421 1731 2457 mirer
1763 2418 1987 2466 Raphaelern
2017 2428 2094 2454 non
2127 2417 2184 2455 di-

1139 2482 1290 2520 gnatum
1314 2473 1434 2520 aliqua
1453 2471 1631 2519 ampliore
1654 2469 1908 2506 declaratione.
1937 2468 2145 2504 GLAREAN.

1194 2523 1278 2569 436.
1317 2522 1450 2557 Vimine
1478 2534 1602 2570 querno
1626 2519 1641 2569 ]
1689 2519 1817 2555 Urbin.
1851 2516 1952 2564 testo,
1982 2529 2048 2566 pro
2075 2528 2181 2556 texte.

1142 2572 1241 2610 Vide
1265 2572 1380 2609 Notas
1401 2571 1489 2608 Fast.
1511 2584 1565 2608 iv.
1585 2570 1638 2613 ybs.
1662 2581 1744 2616 435.
1773 2569 1915 2605 Huius.

1192 2622 1277 2670 438.
1313 2621 1531 2670 Exprimitur
1577 2630 1635 2669 per
1672 2619 1774 2665 densa
1804 2617 1986 2663 foramina
2016 2616 2178 2666 succus.]

1142 2672 1260 2722 spiffus
1277 2672 1516 2720 prim.Vatic.
1535 2670 1749 2717 Bernegger.
1776 2668 1919 2705 Arond.
1941 2668 2046 2716 prim.
2061 2668 2182 2705 Ham—

1143 2723 1242 2772 burg.
1259 2723 1393 2770 aliique
1413 2721 1569 2769 plurimi.
1596 2723 1709 2757 recte.
1736 2719 1888 2756 Severus
1909 2717 2054 2755 Aetna:

1196 2790 1300 2820 Nunc
1312 2780 1429 2830 spissus
1449 2779 1557 2816 crebro
1577 2779 1758 2828 praebetur
1778 2778 1911 2815 vimine
1922 2780 2054 2824 succus.

1147 2858 1213 2895 pro
1239 2855 1363 2882 manat
1390 2855 1482 2881 unus
1511 2843 1609 2880 Basil.
1632 2842 1756 2889 stillat.
1784 2842 1852 2879 Sed
1875 2842 2066 2879 Lucretius
2086 2841 2120 2877 in
2144 2852 2181 2877 re

1149 2897 1254 2934 simili
1279 2906 1482 2945 permanare
1507 2893 1596 2930 dixit
1625 2894 1685 2930 lib.
1704 2906 1747 2930 11.
1774 2905 1839 2940 pro
1860 2891 1933 2928 rari
1949 2890 2051 2927 cribri
2070 2892 2181 2938 paulo

1144 2957 1229 2985 ante
1242 2974 1252 2990 ‚
1281 2946 1410 2982 Urbin.
1431 2945 1535 2992 prim.
1558 2943 1657 2980 Basil.
1676 2945 1713 2980 ὃ(
1725 2944 1812 2980 alter
1825 2942 1976 2979 Thuan.
1989 2941 2069 2977 vini
2079 2950 2184 2988 prae-

1146 2998 1184 3036 li.
1210 3006 1280 3034 tres
1303 2996 1386 3039 alii,
1415 2994 1487 3030 coli.
1513 2995 1613 3042 cujus
1631 2994 1782 3030 alterum
1803 2992 1889 3030 illud
1909 2990 1988 3026 vini
2007 2990 2115 3038 praeli
2131 2990 2182 3027 est

1147 3045 1324 3097 glossema
1342 3046 1380 3083 &
1397 3045 1657 3093 interpretatio.
1677 3054 1717 3081 ut
1737 3041 1833 3092 apud
1853 3042 1955 3090 Virg.
1977 3041 2115 3089 Georg.
2135 3052 2183 3079 ix.

1147 3110 1168 3135 2
1198 3110 1232 3135 2.

1173 3112 1349 3196 4Colaque
1361 3144 1554 3195 praclarum
1565 3141 1707 3193 fumofis
1729 3143 1835 3193 deripe
1852 3141 1957 3180 tediis.

1144 3199 1206 3237 ubi
1228 3196 1436 3234 Scholiastes
1449 3195 1519 3232 MS.
1533 3194 1618 3230 Cela
1632 3223 1640 3238 ‚
1669 3194 1932 3240 instrumentum
1946 3220 1956 3239 ‚
1978 3205 2041 3243 quo
2053 3192 2182 3229 vinum

1141 3248 1326 3299 premitur.
1355 3246 1547 3286 Lucretius
1563 3244 1623 3281 lib.
1643 3256 1688 3281 ιι.
1719 3256 1800 3294 391.

1320 3298 1323 3299 ⁷
1502 3295 1538 3332 O
1551 3307 1574 3333 o
1587 3307 1610 3334 o
1621 3306 1644 3333 o
1659 3307 1683 3333 o
2142 3296 2188 3328 Et
