2483 3616
260 164 356 235 498

734 159 794 217 P.
866 152 1276 215 OVIDII
1349 153 1883 212 NASONIS

554 264 675 322 Esse
700 268 857 322 canis,
895 266 1076 338 specus
1101 261 1175 316 est
1199 258 1481 314 tenebroso
1505 279 1693 316 caecus
1722 262 1895 316 hiatu:

408 355 510 408 410
549 339 642 394 Est
662 341 746 394 via
775 339 1019 400 declivis,
1056 353 1151 406 per
1175 349 1334 406 quam
1358 332 1677 405 Tirynthius
1703 335 1860 388 heros

555 413 894 474 Restantem‚
931 421 1225 478 contraque
1249 405 1395 458 diem
1418 407 1703 477 radiosque
1728 406 1986 458 micantes

555 485 937 556 Obliquantem
966 481 1178 543 oculos,
1205 477 1354 532 nexis
1378 477 1658 531 adamante
1685 478 1912 537 cateniS,

555 557 837 612 Cerberon
861 553 1132 610 abstraxit:
1171 549 1354 605 rabida
1390 550 1482 623 qui
1507 549 1752 604 concitus
1775 549 1854 602 ira

552 629 796 702 Implevit
819 629 1016 701 pariter
1041 624 1202 681 ternis
1227 623 1497 677 latratibus
1521 640 1695 677 auras:

411 720 504 776 415
550 701 622 756 Et
648 702 823 775 sparsit
848 701 1041 755 virides
1065 694 1258 770 spumis
1282 694 1576 751 albentibus
1599 712 1770 777 agros,
1972 766 1983 777 Ο

553 775 670 830 Has
697 773 967 828 concress'e
989 784 1206 844 putant3
1249 767 1529 842 nafiasque
1553 769 1802 823 alimenta
1824 767 2012 823 feracis

554 846 903 918 Fecundique
928 845 1048 908 soli,
1085 843 1224 897 vires
1248 841 1440 915 cepisse
1467 841 1718 896 nocendi.

554 919 735 992 Quae,
771 919 895 991 quia
920 917 1204 972 nascuntur
1229 915 1363 970 dura
1386 915 1589 969 vivacia
1614 927 1800 977 caute,

550 991 803 1063 Agr-estes
827 990 1035 1052 aconita
1061 1001 1269 1045 vocant.
1311 1007 1372 1042 ea
1396 987 1636 1059 conjugis
1658 986 1767 1041 astu

404 1085 510 1135 420
547 1064 659 1137 Ipse
686 1082 873 1138 parens
902 1065 1118 1136 Aegeus
1143 1075 1268 1118 nato
1293 1063 1565 1135 porrexit,
1603 1073 1663 1115 ut
1687 1059 1837 1116 hosti.

309 1258 396 1305 2107.
425 1255 641 1307 Aconiton.]
670 1256 807 1295 Plinius
827 1266 978 1305 quoque
995 1253 1089 1293 Hist.
1100 1255 1187 1292 Nat.
1200 1264 1306 1292 xxvx.

261 1320 339 1356 cap.
368 1321 419 1346 11.
447 1308 640 1346 Aconiton
675 1320 720 1345 ex
758 1308 884 1358 spuma
904 1305 1053 1343 Cerberi
1081 1305 1232 1343 extracti
1261 1316 1306 1343 ex

259 1359 383 1396 inferis
418 1368 548 1397 natum
576 1358 695 1403 dicit,
742 1360 780 1397 &
812 1356 1024 1395 Scholiastes
1061 1356 1236 1394 Nicandri
1267 1356 1305 1393 in

257 1409 471 1458 Alexiphar.
503 1411 542 1447 &
575 1410 707 1457 Pomp.
737 1409 838 1448 Mela
874 1421 905 1446 1.
933 1420 990 1455 19·
1017 1408 1056 1444 &
1087 1408 1230 1444 Servius
1260 1407 1306 1444 ad

259 1458 364 1508 Virg.
386 1473 432 1498 11.
453 1461 592 1509 Georg.
617 1472 698 1508 151.
746 1461 830 1498 Alia
853 1459 972 1496 fabula
997 1458 1044 1495 est
1065 1458 1111 1496 de
1136 1458 1304 1495 Aconito

259 1510 356 1557 apud
373 1511 516 1549 Auson.
538 1511 643 1560 ldyll.
661 1523 697 1547 v.
721 1510 766 1549 de
787 1510 968 1548 Historiis.
994 1509 1057 1558 qui
1085 1521 1130 1546 ex
1150 1509 1303 1545 Prome-

258 1561 334 1598 thei
367 1561 540 1610 sanguine
589 1562 754 1610 generari
792 1559 998 1599 contendit.
1027 1559 1100 1598 vid.
1141 1559 1300 1598 Plinium

257 1622 379 1649 xxvxi.
399 1624 433 1649 2.
461 1612 506 1650 de
518 1612 697 1650 Aconito.
728 1613 872 1650 Hsms.

309 1662 395 1707 408.
423 1663 615 1699 Echidneae
644 1663 778 1713 canis.]
824 1661 973 1701 Cerberi
1006 1662 1102 1699 canis
1123 1661 1300 1709 tricipitis.

259 1711 359 1749 Nam
391 1713 455 1760 (ut
477 1714 585 1751 refert
603 1714 739 1752 Plinius
760 1716 798 1752 in
818 1715 876 1751 26.
899 1713 1079 1751 Naturalis
1100 1712 1302 1760 Historiae)

259 1762 401 1800 fabulae
424 1776 612 1802 narravere
635 1767 826 1802 aconitum
847 1764 866 1801 ὲ
886 1764 1020 1812 spumis
1043 1763 1191 1800 Cerberi
1205 1765 1302 1801 canis

257 1821 383 1850 ortum
400 1842 410 1858 ,
439 1816 652 1852 extrahente
672 1827 754 1852 eam
771 1815 815 1852 ab
833 1815 957 1852 inferis
977 1814 1162 1856 Hercule;
1195 1813 1301 1851 ideo-

257 1874 332 1912 que
351 1864 448 1912 apud
478 1865 695 1902 Heracleam
725 1866 919 1903 Ponticam
942 1893 952 1908 ‚
989 1864 1050 1902 ubi
1080 1865 1301 1902 monstratur

258 1914 337 1962 ejus
359 1914 405 1952 ad
423 1916 558 1953 inferos
578 1915 693 1953 aditus
710 1944 719 1959 ,
741 1917 851 1965 gigni.
880 1916 1097 1963 Euphorion
1125 1917 1301 1953 autem&

256 1964 476 2003 Herodotus
496 1974 639 2004 narrant
659 1967 860 2005 Cerberum
882 1978 926 2004 ex
949 1967 1070 2004 inferis
1082 1966 1125 2004 ab
1137 1967 1301 2004 Hercule

258 2016 464 2054 extradium
498 2026 611 2055 atram
639 2017 751 2055 bilem
782 2015 1010 2061 evomuisse,
1041 2030 1086 2054 ex
1118 2029 1190 2066 qua
1213 2029 1302 2055 aco-

254 2067 378 2104 nitum
400 2066 599 2105 situatum.
628 2069 795 2106 Remus.
850 2068 934 2106 Scio
965 2068 1060 2106 canis
1088 2070 1299 2106 communis

255 2114 327 2154 effe
351 2120 493 2165 generis
516 2146 527 2163 ‚
563 2127 598 2156 at
621 2131 687 2167 pro
709 2120 869 2157 Cerbero
901 2120 963 2156 vix
995 2117 1104 2156 credo
1126 2120 1175 2156 ita
1196 2120 1302 2156 inve·

254 2167 338 2205 niti.
365 2169 517 2206 fortaffis
537 2178 662 2207 autem
680 2170 898 2208 Echidnaeae
915 2169 1030 2213 canis,
1045 2169 1080 2206 id
1099 2169 1147 2206 est
1162 2169 1301 2218 hydrae

254 2216 427 2267 serpentis
449 2220 751 2266 nocentissimae,
779 2220 1072 2270 intelligendum.
1099 2221 1136 2257 in
1164 2221 1237 2257 hoc
1249 2221 1302 2258 sa-

255 2280 303 2305 ne
325 2269 416 2306 mihi
438 2279 657 2316 annotatur,
679 2281 720 2311 ut
741 2272 816 2310 aliis
837 2271 1088 2320 sitjudicium.
1116 2271 1302 2308 GLAREA-

257 2329 340 2356 Nus.
371 2320 589 2358 Echidnaeae
602 2322 697 2359 canis
717 2322 924 2372 dicit,quia
945 2334 989 2360 ex
1012 2321 1298 2359 Echidnamon-

255 2369 326 2406 stro
349 2370 527 2410 Cerberus
552 2381 656 2411 natus
678 2373 838 2423 fingitur.
869 2372 954 2411 Vid.
971 2372 1126 2410 Hefiod.
1146 2372 1299 2423 Theog.

255 2420 338 2467 303.
376 2423 475 2470 Quia
502 2432 627 2461 autem
648 2425 733 2462 alias
755 2423 920 2461 Cerberus
941 2423 1142 2461 masculino
1162 2434 1297 2471 genere

254 2471 384 2508 dicitur
399 2499 408 2516 ‚
436 2472 600 2512 dubitant
621 2475 773 2525 quidam
789 2504 798 2520 ,
826 2472 1006 2524 an'etiamv
1025 2476 1098 2511 hoc
1117 2475 1204 2511 loco
1228 2486 1296 2522 pro

254 2521 471 2559 Echidnaeae
498 2525 591 2561 canis
614 2526 814 2575 legendum
849 2525 890 2563 fit
915 2552 927 2569 2
964 2524 1176 2568 EChidna‘i2
1204 2525 1298 2562 mas·

257 2571 382 2608 culino
403 2584 548 2621 genere.
577 2577 754 2616 M1crri.
809 2574 950 2614 Lethaei
973 2584 1044 2614 tres
1063 2587 1111 2613 ex
1131 2575 1295 2614 meliori-

256 2620 333 2658 bus.
366 2622 526 2662 Stat.111.
545 2625 631 2663 Silv.
651 2640 697 2665 11.
721 2641 801 2667 112.

305 2689 382 2721 Cur
392 2687 508 2732 servet
529 2687 679 2725 Pharias
702 2691 846 2728 Letheus
858 2692 998 2741 janitor
1020 2705 1115 2731 aras.

254 2746 556 2803 Forte,Lernaei.·
587 2763 631 2788 ex
651 2752 767 2800 hydra
789 2755 887 2791 enim
913 2764 1018 2793 natus
1045 2756 1222 2794 Cerberus
1240 2755 1295 2794 di-

254 2805 359 2835 citur.
413 2798 482 2836 Sed
505 2800 719 2838 Echidnaeae
744 2804 884 2842 restum
915 2807 984 2849 est,
1010 2815 1050 2844 ut
1071 2807 1229 2855 pluribus
1249 2805 1295 2844 ad

253 2847 378 2886 Valer.
398 2848 570 2887 Flaccum
592 2851 836 2891 ostendemus.
874 2855 1038 2892 Echidna
1066 2857 1156 2894 vero
1179 2859 1294 2895 Grae—

253 2899 304 2936 cis
320 2926 331 2943 ‚
354 2911 449 2950 quae
470 2901 610 2939 Latinis
620 2901 744 2950 hydra.
773 2904 869 2941 Met.
887 2906 1251 2955 ix.69.Fast.v.405.

302 2963 475 3020 sangnine
497 2966 667 3003 Centauri
694 2972 863 3006 Lernaeae
880 2968 1024 3016 sanguis
1044 2969 1222 3007 Echidnae

356 3020 513 3053 Mtxtus.

250 3076 335 3115 Imo
349 3077 472 3125 Hydra
494 3077 679 3116 Echidnae.
699 3078 769 3116 filia
788 3080 962 3117 statuitur.
991 3079 1122 3117 Orthus
1142 3091 1294 3130 quoque

251 3128 347 3165 canis
366 3127 488 3177 biceps
501 3128 545 3166 ab
562 3130 725 3167 Hercule
743 3131 961 3174 trucidatus,
991 3143 1035 3168 ex
1058 3131 1220 3169 Echidna
1231 3143 1296 3180 ge·

252 3178 360 3215 nitus.
383 3178 562 3227 Excerpta
582 3180 734 3218 Rhetor.
758 3181 883 3219 Allatii
897 3194 976 3230 pag.
991 3192 1074 3230 337.
1103 3182 1214 3230 Apud
1227 3185 1292 3219 Pa-

250 3224 457 3279 laephatum
477 3240 645 3279 corrupte
666 3232 750 3268 orcis
770 3233 911 3281 legitur.
944 3231 1171 3272 Vid.Tzetz.
1200 3232 1292 3270 Chi-

247 3274 447 3329 hacl.36.p.
468 3293 546 3330 151.
568 3283 803 3332 152.H1÷1Ns.
819 3283 1058 3324 Vid.Sch0tt.
1083 3296 1128 3323 11.
1147 3283 1209 3324 ob.
1230 3296 1288 3333 ις.

2254 1137 2404 1218 Sum-f
2420 1171 2425 1173 >

1363 1265 1408 1291 ex
1436 1252 1630 1304 Typhoeo
1655 1252 1693 1291 &
1714 1251 1882 1291 Echidna
1904 1258 2034 1290 natum
2071 1250 2274 1291 Cerberum
2301 1255 2404 1294 tradit

1363 1304 1521 1343 Cointus
1545 1305 1689 1354 Sniyrn.
1724 1305 1786 1342 lib.
1807 1316 1861 1341 v1.
1882 1305 1966 1341 261.
2399 1314 2401 1317 ’

1413 1368 1499 1402 409.
1526 1361 1640 1404 Specus
1661 1355 1714 1403 est.
1735 1354 1750 1404 ]
1805 1355 1912 1402 Juxta
1944 1354 2168 1393 Heracleamv
2189 1354 2403 1402 Ponticam

1361 1406 1422 1444 ubi
1445 1407 1614 1444 Herculis
1632 1407 1676 1444 ad
1700 1406 1836 1443 inferos
1859 1405 2045 1443 descensus
2058 1406 2287 1444 monstratur.
2304 1418 2401 1453 nam,
2431 1414 2434 1418 ’

1358 1466 1400 1495 ut
1421 1458 1458 1495 in
1481 1471 1514 1495 2.
1551 1458 1757 1507 Argonaut.
1795 1457 2018 1505 Apollonius
2039 1459 2088 1494 ait
2110 1485 2120 1501 ,
2153 1458 2259 1506 juxta
2288 1457 2403 1496 Hera·

1359 1509 1473 1545 cle-am
1498 1509 1691 1547 Ponticam
1716 1507 1764 1545 est
1786 1507 1999 1545 Acherufias
2020 1509 2321 1556 promontorium
2337 1519 2402 1553 ‚ex

1359 1560 1461 1608 cujus
1479 1559 1579 1597 vasto
1597 1560 1729 1607 specu,
1757 1570 1821 1607 per
1839 1571 1952 1607 quem
1985 1558 2212 1597 descenditur
2239 1559 2284 1598 ad
2310 1560 2404 1606 infeq

1358 1621 1417 1648 ros
1433 1638 1441 1654 ‚
1469 1610 1645 1648 Acheron
1667 1611 1794 1648 oritur.
1819 1610 1986 1647 Remus.
2429 1615 2432 1618 ⁴

1415 1673 1500 1708 409.
1530 1661 1707 1711 Tenebrofh
1728 1660 1883 1710 caecus.]
1925 1666 2032 1698 Caeco
2051 1660 2242 1709 tenebrosus
2258 1660 2408 1712 Argen-2

1358 1712 1423 1749 tin.
1445 1712 1614 1750 Menardi
1635 1713 1673 1750 ὅτ
1695 1712 1771 1750 duo
1792 1712 1864 1749 alii.
2413 1750 2415 1752 .

1410 1775 1494 1809 410.
1524 1767 1570 1798 Et
1589 1763 1666 1801 via.
1691 1762 1706 1813 ]
1761 1763 1803 1800 In
1824 1762 1967 1802 duobus
1989 1763 2113 1802 Vatic.
2132 1771 2292 1812 utroque
2314 1775 2404 1802 meo

1358 1814 1398 1851 δε
1419 1814 1496 1851 aliis
1516 1841 1527 1858 ,
1554 1814 1610 1860 Est
1629 1814 1692 1850 via
1713 1831 1723 1851 .-
1754 1814 1874 1862 Magis
1899 1815 2017 1864 placet
2044 1842 2054 1858 ‚
2092 1821 2132 1852 ut
2155 1813 2196 1851 sit
2222 1815 2407 1863 repetitio.

1358 1865 1570 1901 ConANus.
1594 1865 1732 1902 Mirum
1748 1865 1938 1902 videbatur
1950 1864 2107 1902 Heinsio
2129 1864 2312 1902 Ovidium
2324 1876 2401 1904 non
2482 1900 2483 1903 ,

1358 1914 1559 1964 expressisse
1578 1915 1703 1953 locum
1721 1944 1731 1960 ‚
1771 1927 1856 1952 cum
1874 1916 1976 1964 quod
1996 1915 2183 1964 praeceffit
2202 1915 2248 1952 de
2271 1915 2402 1964 scythi·
2480 1958 2481 1962 Ἰ

1357 1966 1404 2003 cis
1433 1967 1500 2003 oris
1530 1978 1608 2003 non
1634 1967 1825 2004 satisfaciat
1846 1993 1855 2009 ‚
1894 1967 1981 2014 quia
2029 1966 2111 2002 illae
2138 1965 2306 2004 latiffime
2341 1978 2404 2015 pa-

1356 2026 1481 2061 teant,
1510 2029 1632 2066 neque
1662 2018 1711 2055 ibi
1741 2016 1947 2054 Aconituin
1973 2024 2101 2053 natum
2124 2043 2134 2058 ,
2173 2016 2292 2054 sedin
2319 2018 2403 2064 Mar

1356 2068 1540 2107 riandinis.
1566 2079 1679 2117 quare
1704 2068 1762 2105 ille
1787 2067 2028 2115 suspicabatur
2050 2066 2274 2114 legendum:

1702 2125 1818 2168 Specus
1832 2117 1875 2165 est
1891 2116 2059 2165 tenebroso
2080 2130 2194 2154 caecus
2214 2117 2318 2156 hiatu

1461 2178 1505 2209 In
1527 2170 1791 2219 Maryandt'nis.

1357 2221 1454 2266 Vel,
1482 2223 1521 2258 in
1548 2222 1797 2270 rumendinis,
1828 2221 1924 2270 apud
1952 2233 2046 2271 quos
2070 2220 2279 2260 Aconitum
2304 2221 2400 2261 nasci
2476 2237 2479 2254 =

1356 2282 1474 2311 narrat
1496 2273 1743 2321 Theophrast.
1762 2274 1823 2310 lib.
1847 2285 1899 2310 rx.
1927 2284 2006 2321 cap.
2032 2272 2088 2310 16.
2115 2273 2165 2310 ita
2197 2273 2290 2311 olim
2311 2285 2400 2311 con·
2475 2271 2478 2284 ⁵

1350 2324 1512 2371 jecerat,
1541 2325 1578 2361 ὅς
1599 2323 1646 2361 fic
1669 2324 1773 2361 vitari
1785 2322 1883 2372 poffe
1911 2323 2195 2361 incommodam
2214 2324 2399 2373 repetitio·

1354 2386 1443 2411 nem
1466 2377 1528 2410 τοῦ
1548 2374 1590 2420 est
1608 2374 1796 2412 credebat:
1826 2386 2055 2424 quamquam
2076 2375 2188 2412 etiam
2208 2374 2397 2423 adscripse-
2475 2400 2477 2402 -

1354 2434 1407 2462 rat
1435 2426 1530 2463 forte
1552 2426 1750 2473 legendum
1774 2455 1784 2470 ,
1804 2428 1879 2470 fert
1904 2426 1968 2462 via
1989 2454 2000 2471 ,
2028 2426 2088 2463 vel
2113 2437 2156 2465 <9⁴
2175 2425 2250 2462 via.
2287 2425 2346 2463 sed
2370 2423 2395 2463 fi
2475 2440 2477 2442 ·

1353 2477 1572 2513 mutandum
1596 2477 1686 2522 quid
1703 2477 1765 2520 fit,
1793 2477 2013 2525 praeferrem
2035 2504 2046 2520 ,
2071 2476 2109 2513 in
2123 2475 2394 2524 Maryandinin

1351 2538 1436 2564 nam
1458 2529 1496 2564 ὅ(
1527 2528 1564 2564 111
1585 2526 1832 2575 Theophrasti
1860 2528 1948 2565 loco
1972 2526 2163 2565 Salmasius
2183 2526 2394 2576 Maryandi-
2471 2536 2474 2565 ῐ

1352 2590 1409 2613 nos
1426 2578 1579 2616 restituit
1598 2579 1727 2616 Exere.
1746 2579 1927 2627 Plin.pag.
1945 2578 2031 2627 619.
2059 2589 2286 2627 quamquain
2308 2577 2396 2616 con-'
2470 2598 2473 2623 3

1352 2635 1405 2666 tra
1424 2628 1569 2667 codices
1586 2629 1676 2666 nihil
1704 2641 1859 2666 movere
1878 2628 2011 2667 audeo.
2064 2629 2200 2678 Specus
2217 2627 2315 2668 vero
2328 2629 2395 2670 hu..-
2470 2626 2471 2637 ¹

1346 2679 1406 2727 jus
1418 2680 1455 2717 ὃς
1468 2680 1690 2717 Acherontis
1713 2679 1816 2717 fluvii
1836 2679 2030 2729 descriptio
2040 2679 2227 2718 luculenta
2239 2680 2287 2718 est
2301 2678 2392 2729 apud
2469 2719 2471 2726 ,

1351 2730 1533 2779 Apollon.
1553 2731 1669 2768 lib.ir.
1692 2741 1775 2779 353.
1798 2732 1988 2768 Ammian.
2006 2730 2159 2768 Marcel.
2178 2730 2238 2768 lib.
2252 2729 2391 2768 xxm&
2468 2730 2471 2758 ἲ

1352 2781 1390 2818 &
1407 2781 1500 2819 Plin.
1520 2781 1580 2819 lib.
1600 2793 1660 2819 vr.
1683 2794 1714 2818 1.
1742 2784 1781 2818 &
1802 2793 1924 2818 xxvix.
1946 2794 1980 2818 2.
2019 2783 2056 2818 ὅ(
2080 2781 2182 2818 alios.
2246 2781 2332 2820 Vid.
2351 2781 2388 2819 &
2468 2818 2470 2829 y

1351 2832 1549 2881 Spanhem.
1572 2832 1618 2869 ad
1640 2831 1785 2869 Callim.
1804 2833 1843 2870 in
1867 2831 1949 2869 Del.
1978 2843 2062 2876 291.
2092 2832 2220 2870 ssuim.
2375 2851 2379 2857 ·

1402 2895 1485 2927 412.
1516 2882 1765 2933 obliquantem
1793 2881 1941 2932 oculos.]
1983 2883 2112 2920 Senec.
2132 2883 2286 2932 Thyest.
2315 2882 2392 2920 160.
2467 2904 2470 2923 1

1352 2932 1585 2984 obliquatque
1606 2934 1714 2970 oculos
1728 2961 1739 2978 ‚
1766 2947 1892 2984 oraque
1910 2933 2116 2982 comprimit.
2373 2964 2376 2971 .
2466 2955 2468 2960 ·

1401 2995 1485 3031 413.
1513 2984 1682 3020 Cerberon
1706 2986 1873 3021 attraxit.
1896 2983 1911 3032 ]
1966 2986 2058 3033 Quo
2088 2983 2189 3022 fae'ro
2219 2982 2389 3023 Hercules
2466 2971 2468 3015 l

1350 3031 1541 3071 Theseum
1560 3034 1844 3080 praesentissimo
1875 3035 2040 3081 periculo
2072 3035 2232 3077 exemit.
2261 3045 2343 3072 cum
2369 3029 2389 3068 a
2465 3027 2467 3076 l

1352 3083 1515 3120 Cerbero
1527 3083 1712 3121 Pirithous
1727 3086 1804 3132 jam
1827 3082 1913 3122 effer
1933 3085 2140 3123 devoratus.
2160 3084 2255 3123 testis
2272 3083 2391 3122 Philo·-
2464 3086 2467 3126 ζ

1353 3133 1485 3170 chorus
1515 3133 1690 3171 Atthidos
1720 3134 1812 3172 libro
1832 3135 1991 3174 secundo
2020 3134 2115 3182 apud
2136 3134 2331 3172 Eusebium
2352 3131 2389 3170 in
2464 3136 2466 3166 5

1354 3183 1560 3221 Chronicis.
1612 3185 1788 3222 Ceterum
1814 3185 1943 3224 rectius
1966 3188 2004 3223 in
2026 3185 2148 3232 primo
2170 3186 2332 3223 Palatino
2348 3193 2390 3220 ac
2464 3212 2465 3217 ,

1347 3234 1470 3271 multis
1500 3234 1596 3279 aliis,
1618 3234 1785 3273 Cerberon
1804 3236 1984 3283 abstraxit.
2012 3235 2175 3284 apposite
2194 3233 2391 3285 Sophocles
2463 3234 2464 3239 ’

1346 3284 1443 3334 apud
1463 3286 1691 3326 Ciceronem
1715 3286 1761 3327 de
1785 3288 1854 3326 hac
1871 3286 1943 3334 ipsa
1967 3296 2031 3337 req
2327 3328 2390 3369 Hic
