2483 3616
305 174 1546 247 METAM'ORPHOSEON
1618 176 1758 235 LIB.
1830 177 1924 239 IV.

2082 191 2174 245 263

189 304 291 355 275
331 289 485 360 Quae
513 278 662 336 radio
688 275 864 330 stantis
892 291 1208 346 percurrens
1231 274 1445 330 stamina
1473 275 1636 339 telae,

328 358 588 425 Vulgatos
612 364 796 412 taceo,
838 348 1002 410 dixit,
1040 349 1258 420 pastoris
1283 365 1491 403 amores

323 425 624 500 Daphnidis
650 422 821 486 Idaei,
860 439 1021 495 quem
1048 421 1299 493 Nymphe
1320 422 1519 493 pellicis
1541 420 1618 474 ira

325 498 572 556 Contulit
597 497 652 550 in
679 496 875 551 saxum.
914 507 1090 549 tantus
1116 494 1275 548 dolor
1298 494 1404 548 urit
1429 507 1679 548 amantes.

397 573 514 627 Nec
538 571 762 642 loquor,
803 582 862 622 ut
890 567 1166 640 quondam
1191 580 1410 621 naturae
1431 567 1549 637 jure
1579 577 1780 620 novato

177 645 285 701 280
324 645 628 715 Ambiguus
651 641 812 696 fuerit
841 641 1010 694 modo
1034 641 1145 704 vir,
1184 639 1352 694 modo
1376 640 1604 702 femina,
1642 637 1898 710 Scython.

394 717 484 772 Te
509 733 728 790 quoque
745 758 760 783 ,
800 732 943 768 nunc
970 713 1176 767 adamas
1193 757 1207 781 ,
1235 713 1511 787 quondam
1535 710 1782 767 fidiflime
1808 712 2010 783 parvoff‘

319 791 527 854 Celmi,
545 789 694 860 Jovi:
721 789 978 860 largoque
1009 786 1144 840 satos
1169 786 1396 840 Curetas
1421 786 1485 839 ab
1513 785 1685 839 imbri,

390 863 464 919 Et
495 863 720 917 Crocon
744 861 797 914 in
822 876 1012 932 parvos
1043 859 1250 912 versum
1278 878 1401 913 cum
1426 859 1650 914 Smilace
1678 856 1868 922 fioreS,

315 938 636 995 Praetereo:
679 933 931 1006 dulcique
958 931 1162 985 animos
1191 933 1431 986 novitate
1461 931 1676 986 tenebo,

27 1119 195 1165 nidis;ut
215 1117 387 1158 nonnulli
407 1118 503 1157 male
519 1117 697 1167 judicant.
721 1115 891 1170 Jacoaus
914 1125 938 1150 A
959 1112 1072 1150 Cau—

28 1183 86 1210 ee.
117 1171 284 1220 Daphnis
309 1199 319 1216 ‚
356 1171 457 1219 cujus
487 1169 675 1207 interitum
717 1165 888 1213 Virgilius
909 1175 1071 1219 'quoque

27 1222 106 1272 post
127 1222 377 1260 Theocritum
401 1219 530 1264 deflet,
557 1216 734 1255 Mercurii
753 1215 844 1252 filius
866 1213 967 1253 fuifl'e
990 1226 1072 1252 me-

26 1281 215 1317 moratur,
241 1274 267 1310 is
290 1272 311 1309 a
335 1271 537 1319 Nympha,
564 1268 720 1306 nomine
749 1266 883 1304 Thalia
912 1268 967 1313 (ut
989 1265 1071 1314 qui-

27 1323 114 1361 dam
138 1324 308 1368 scribunt)
336 1322 527 1359 adamatus
546 1321 595 1356 ita
618 1318 666 1355 est
680 1346 690 1362 ,
721 1326 760 1354 ut
782 1317 949 1365 pellicem
973 1316 1069 1353 veri-

25 1381 64 1412 ta
83 1375 122 1411 δε
143 1374 292 1410 rivalem
308 1401 318 1417 ‚
331 1374 367 1410 in
386 1372 510 1409 saxum
533 1370 635 1407 illum
657 1368 789 1406 transm
797 1368 901 1405 utarit
915 1397 924 1411 ‚
937 1379 1068 1416 quam-

23 1424 77 1462 vis
107 1423 330 1461 Theocritus
361 1422 463 1460 illum
507 1432 637 1458 amore
675 1417 825 1457 tabuiffe
868 1427 986 1456 canat.
1030 1417 1067 1455 id

24 1473 125 1524 quod
148 1474 304 1511 Ovidius
324 1484 474 1522 quoque
495 1472 579 1509 alibi
604 1472 758 1508 innuere
789 1469 951 1511 videtur,
979 1480 1067 1506 cum

25 1525 166 1575 inquit,
194 1525 350 1562 Pallidus
370 1525 406 1561 in
428 1524 524 1560 lenta
548 1523 662 1558 Naide
684 1520 846 1570 Daphnis
867 1531 953 1558 erat.

25 1577 145 1620 Idaei,
170 1575 312 1625 Phrygii
334 1576 393 1613 vel
416 1573 596 1612 Cretensis
629 1584 715 1610 nain
740 1574 777 1609 ὅτ
802 1572 862 1609 lda
886 1583 994 1609 mons
1016 1571 1066 1609 est

24 1625 203 1676 Phrygiae
224 1627 265 1664 δε
283 1627 425 1664 Cretae.
460 1627 624 1663 Remus.
650 1625 710 1661 De
743 1622 941 1672 Daphnide
964 1623 1067 1659 Mer-

29 1678 121 1714 curii
159 1676 234 1714 filio
277 1677 416 1726 pastore
468 1676 640 1713 meminit
681 1676 719 1712 ὅ(
754 1674 942 1711 Diodorus
973 1673 1065 1710 libro

26 1728 167 1776 quinto.
196 1727 265 1765 Sed
283 1729 342 1765 hie
365 1727 526 1765 Siculum
547 1726 647 1763 illum
672 1726 871 1768 facit‚non
896 1724 1065 1769 Idaeum,

27 1778 66 1814 &
87 1777 107 1814 a
129 1778 303 1828 Nympha
319 1807 329 1823 ,
357 1779 377 1816 a
396 1790 468 1828 qua
492 1778 681 1814 amabatur
695 1805 707 1821 ,
730 1776 864 1825 pellicis
893 1775 1031 1812 invidia
1054 1803 1065 1820 ,

28 1827 139 1865 oculis
168 1829 351 1876 privatum
374 1830 434 1869 ait.
473 1827 586 1865 Unde
608 1827 788 1865 versimile
811 1827 858 1864 est
873 1855 883 1867 ‚
910 1827 1009 1863 hunc
1029 1838 1068 1862 a·

26 1877 114 1916 lium
137 1879 180 1916 ab
200 1891 246 1917 eo
266 1878 336 1917 effe
352 1908 362 1923 ‚
390 1880 435 1918 de
458 1891 534 1929 quo
565 1879 629 1917 hic
652 1878 809 1916 Ovidius
833 1877 1067 1914 mentionem

26 1928 136 1974 facit,
162 1941 225 1968 aut
247 1931 405 1968 fabulam
437 1930 561 1967 saltem
592 1929 613 1967 a
647 1927 792 1966 diversis
824 1927 962 1966 diverse
982 1956 992 1973 ‚
1031 1928 1068 1966 id

25 1979 129 2028 quod
148 1981 186 2018 in
205 1982 279 2018 aliis
303 1982 423 2019 inultis
444 1981 520 2018 fieri
552 1980 721 2018 videmus
735 2008 745 2025 ,
773 1979 957 2017 traditam.
987 1980 1070 2016 Mx-

24 2040 182 2073 cutus.

79 2092 164 2125 277·
192 2080 412 2131 Nympha]
443 2079 612 2131 Nymphe.
636 2080 736 2118 malo
766 2080 878 2118 etiam
902 2108 912 2124 ‚
951 2080 1073 2117 Idaeae

24 2128 155 2178 pellicis
174 2131 268 2178 legi,
292 2143 401 2180 quam
418 2160 432 2175 ⁷
456 2132 654 2181 Daphnidis
673 2131 777 2168 Idaei-
815 2131 987 2168 Fabulam
1011 2131 1070 2167 alii

37 2179 139 2217 aliter
161 2189 313 2217 narrant.
340 2181 401 2218 sed
421 2193 506 2219 cum
540 2182 687 2219 Nasone
720 2181 899 2219 consentit
929 2182 1072 2219 Servius

29 2229 78 2267 ad
100 2230 149 2268 vs.
171 2231 230 2267 68.
256 2231 384 2279 Eclog.
404 2244 493 2268 vm.
532 2233 671 2269 Heius.
711 2232 922 2270 Parthenius
949 2233 986 2269 in
1020 2232 1071 2268 E-

28 2281 155 2318 roticis
176 2292 253 2329 cap.
275 2293 334 2328 29.
359 2293 403 2317 ex
424 2282 588 2319 Timaeo
625 2283 726 2319 aliter
749 2294 895 2320 narrans
909 2311 920 2326 ,
948 2282 1071 2330 Nym-

28 2331 143 2380 Pham
176 2330 390 2368 Echena‘i'da
410 2341 543 2376 vocat,
570 2334 608 2369 ὃς
628 2333 864 2380 Daphnidem
898 2345 918 2369 a
948 2334 1072 2382 regina

29 2381 191 2430 quadam
227 2381 366 2418 Siciliae
389 2381 601 2419 inebriatum
619 2410 629 2426 ‚
656 2394 741 2419 cum
765 2395 807 2421 ea
831 2381 953 2420 coiiffe
968 2411 978 2427 ,
1005 2396 1075 2420 un-

29 2431 213 2470 deoculis
245 2433 402 2479 privatus
434 2459 445 2476 ,
482 2440 522 2468 ut
568 2432 791 2480 Thamyras.
827 2433 987 2470 similiter
1019 2437 1074 2470 fe-

28 2491 71 2518 re
99 2482 274 2518 Aelianus
311 2482 370 2518 lib.
392 2494 425 2519 x.
448 2483 536 2519 Var.
559 2493 638 2529 cap.
674 2483 728 2518 18.
757 2483 818 2519 ubi
851 2483 936 2520 vide
956 2486 1073 2520 Com-

28 2539 265 2569 mentatores.
298 2531 427 2580 quibus
448 2533 524 2569 fere
547 2532 691 2569 Servius
709 2532 754 2569 ad
774 2533 901 2580 Virgil.
932 2534 1009 2570 Ecl.
1030 2545 1066 2570 v.

27 2592 89 2620 20.
116 2582 359 2620 consentit.&
383 2582 641 2631 Philargyrius,
669 2583 732 2631 qui
766 2583 911 2631 Lycam
949 2583 1071 2632 Nym-

27 2632 142 2680 pham
172 2640 294 2670 vocat.
331 2632 476 2669 Servius
513 2645 604 2670 vero
646 2632 692 2669 ad
728 2633 854 2681 Eclog.
886 2645 974 2670 v111.
996 2640 1071 2670 No-

29 2683 141 2719 miam
165 2710 174 2725 ‚
203 2685 241 2719 ὃς
265 2682 432 2719 Pellicem
471 2682 714 2726 Chimaeram,
755 2684 815 2720 vel
844 2684 1007 2732 Pipleum.
1033 2684 1071 2721 in

29 2731 129 2770 hunc
150 2733 344 2781 Daphnida
380 2733 428 2770 est
460 2734 499 2770 ὃς
533 2733 771 2782 Epigramma
793 2735 830 2770 in
864 2734 1071 2782 Antholog.

28 2780 90 2820 lib.
113 2795 180 2822 111.
198 2795 276 2831 cap.
298 2795 332 2829 7.
357 2795 438 2832 pag.
461 2795 544 2832 317.
566 2784 629 2821 ubi
650 2785 731 2822 Pan<
757 2792 920 2822 mortem
943 2784 1072 2834 Daph-

31 2832 124 2871 nidis
145 2832 277 2877 deflet,

84 2881 158 2917 Οὐκ
179 2879 224 2918 ἔθ’
244 2882 327 2927 ὁμοῦ
345 2885 543 2930 χιμάροισιν
562 2883 662 2929 ’ἔχειν
680 2885 751 2930 βίον
764 2913 775 2929 ,
805 2884 865 2920 οὐκ
887 2885 942 2921 ἔτι
968 2885 1073 2922 ναίειν

135 2928 176 2966 0‘
195 2933 393 2978 τραγόπους
415 2933 523 2970 ἐθέλω
546 2938 625 2972 Πᾶν
648 2935 747 2978 ὀρέων
768 2935 924 2981 κορυφᾶς
938 2964 949 2980 ,

82 2980 134 3024 ’ΣΕ-ἰ
144 2983 263 3026 γλυκύ
272 2995 336 3026 μου
348 3012 358 3028 ,
371 2985 407 3019 τί
422 2984 568 3022 mesano
578 2986 612 3022 ἐν
625 2985 748 3028 οὔρεσιν
757 3000 768 3028 ;
783 2989 898 3022 ὤλετο
916 2986 1072 3035 Δάφνις,

134 3033 272 3077 Δάφνις
285 3061 296 3077 ,
322 3033 356 3076 ὃς
375 3033 528 3080 ἡμετέρῃ
549 3037 617 3079 πῦρ
637 3036 745 3071 ἔτεκε
767 3036 901 3082 κραδίῃ.

86 3081 179 3135 Α”ςὶξ
199 3081 271 3118 etos}
290 3082 424 3125 οἵκησω,
462 3087 557 3129 θήρων
576 3085 616 3122 δὲ
638 3088 695 3127 τις
715 3087 830 3130 ἄλλος
849 3086 907 3124 ἐπ’
929 3086 1040 3134 ἀγρῆν

137 3132 357 3170 &samasai-
385 3137 435 3171 τίι
457 3131 586 3177 πάροιθ’
602 3135 661 3171 οἰκ
682 3136 736 3172 ἔτι
752 3140 843 3173 Πανὶ
853 3138 962 3184 φίλει.

39 3179 158 3233 Quod
175 3191 268 3225 nos,
294 3181 381 3220 dum
399 3185 489 3222 haec
510 3185 693 3226 scribimus
707 3214 717 3230 ,
743 3188 793 3225 ita
814 3190 1006 3229 vertimus‚

91 3236 176 3280 Non
191 3243 244 3285 eg?
264 3243 340 3266 cum
354 3236 473 3271 teneris
483 3235 621 3284 posthac
637 3249 751 3273 errare
771 3239 904 3287 capellis
915 3266 935 3287 Β,

142 3285 270 3333 Kemce
291 3283 560 3336 Maenaliama
574 3285 734 3326 habitare
755 3288 865 3336 volva*

1912 1000 2016 1069 285
2054 999 2174 1056 Unss
2221 1059 2229 1063 ,

1181 1112 1282 1161 Qid
1310 1112 1401 1150 mihi
1431 1113 1527 1151 dulce
1547 1115 1674 1161 serant
1696 1143 1708 1161 ‚
1746 1115 1906 1165 exstineto
1949 1116 2179 1168 Daphnideg

1308 1174 1438 1201 montes
1453 1193 1461 1208 ,

1229 1215 1438 1263 Daphnide,
1474 1216 1535 1266 qui
1557 1216 1660 1262 nostri
1675 1218 1816 1266 pefforis
1837 1219 1924 1266 ignis
1949 1230 2039 1256 erat.

1178 1269 1278 1303 Tebi'a
1300 1266 1430 1309 colam3
1455 1267 1603 1315 praedas
1625 1267 1736 1303 aliam
1755 1278 1891 1317 captare
1905 1270 2045 1316 ferinas

1124 1365 1150 1403 B
1231 1316 1389 1360 Mittite5
1418 1331 1486 1353 non
1509 1318 1624 1362 Pani,
1653 1331 1739 1368 quae
1753 1319 1933 1368 placuere,
1955 1319 2113 1369 placent}

1155 1380 1256 1404 URM.

1175 1418 1259 1455 vg.
1290 1418 1450 1455 Contulit
1471 1419 1508 1455 in
1519 1418 1700 1468 frixum]
1732 1419 1776 1457 In
1796 1432 1873 1457 uno
1911 1432 1999 1457 meo
2025 1421 2063 1458 &
2086 1420 2181 1457 Do=³

1123 1469 1249 1507 minic.
1278 1469 1480 1517 Transtulit.
1508 1472 1620 1508 Cior.
1651 1471 1697 1508 Et
1719 1470 1768 1507 ita
1799 1471 1944 1518 Junian‚
1975 1479 2056 1509 tert.
2083 1471 2171 1508 Me-

1123 1519 1193 1557 dic.
1218 1521 1255 1557 &
1278 1519 1377 1557 alius.
1400 1522 1437 1557 &
1458 1521 1576 1569 placet
1603 1521 1794 1558 Farnabio.

1173 1583 1261 1619 279.
1291 1577 1361 1607 Nec
1391 1571 1525 1621 loquar.
1550 1571 1565 1621 ]
1612 1572 1652 1609 ln
1693 1572 1878 1610 nonnullis
1902 1601 1912 1617 ,
1945 1585 2002 1610 nec
2044 1571 2176 1622 loquo&

1122 1622 1370 1709 {itineratus
1407 1629 1479 1659 Nec
1509 1622 1627 1674 loquor
1651 1651 1662 1667 ‚
1698 1634 1766 1671 pro
1798 1623 1919 1674 loquar
1942 1622 2169 1662 vetustiores.

1167 1685 1270 1710 Erus.

1173 1724 1257 1762 280.
1285 1723 1482 1772 Ambigatus
1495 1724 1607 1770 fuerit
1621 1724 1717 1761 modo
1732 1722 1826 1772 vira]
1853 1724 1897 1761 In
1910 1736 1986 1761 uno
2014 1723 2170 1762 Caelest.

1121 1774 1466 1823 Ambigaasfnerat.
1496 1775 1537 1811 ln
1564 1787 1652 1812 meo
1677 1774 1873 1812 vetustiore
1894 1803 1904 1818 ,
1932 1773 2056 1812 Ursini
2082 1803 2092 1819 ,
2131 1775 2172 1812 &

1123 1825 1237 1862 altero
1262 1825 1414 1862 Caelest.
1429 1825 1538 1873 fieret.
1573 1826 1712 1863 Utrum
1744 1825 1874 1863 rectius
1889 1853 1900 1872 ,
1927 1825 2077 1863 videant
2098 1824 2176 1863 alii.-

1126 1876 1347 1914 CIOFANUS.
1376 1904 1379 1905 γ

1176 1927 1260 1965 280.
1289 1926 1472 1977 scytham]
1503 1927 1545 1964 In
1569 1927 1644 1965 aliis
1666 1925 2068 1971 editionibus,sithon',
2097 1925 2179 1964 abs·⁴

1125 1989 1197 2028 que
1220 1992 1235 2014 c
1269 1978 1441 2026 scriptum
1472 1978 1612 2027 legitur.
1640 1985 1771 2022 utrum,
1791 1977 1922 2015 reatus
1946 2005 1955 2020 ‚
1994 1976 2176 2014 affirmare

1126 2042 1204 2066 non
1236 2027 1380 2077 poffum
1404 2057 1433 2073 ,q
1462 2028 1612 2079 quando
1648 2027 1720 2076 ipsa
1752 2027 1872 2065 fabula
1918 2026 2003 2065 alias
2025 2056 2037 2072 ,
2073 2026 2176 2077 quod

1126 2080 1261 2123 sciam,
1286 2079 1464 2128 nusquam
1489 2087 1598 2117 catat.
1646 2078 1825 2116 Meminit
1858 2086 1982 2115 autem
2017 2079 2056 2116 &
2088 2078 2176 2115 Par-

1126 2131 1273 2169 thenius
1293 2131 1340 2168 de
1361 2131 1513 2168 Sithone
1534 2129 1697 2180 quodam
1716 2158 1725 2173 ‚
1750 2130 1814 2178 qui
1835 2140 1897 2165 rex
1928 2128 2173 2166 Odomentoa

1126 2194 1234 2226 rum,
1267 2182 1331 2230 qui
1359 2182 1543 2219 Thraciae
1568 2179 1723 2229 populus
1755 2179 1804 2217 est
1826 2207 1837 2224 ‚
1865 2179 1972 2216 fuerit
1995 2206 2007 2223 ,
2043 2177 2176 2215 filia1n=

1127 2244 1199 2281 que
1224 2233 1407 2270 Pallenem
1430 2231 1595 2269 habuerit
1615 2259 1625 2274 ,
1653 2231 1754 2279 cujus
1784 2240 1917 2278 procos
1940 2256 1951 2273 ,
1976 2236 2017 2266 ut
2047 2228 2174 2266 secum

1127 2283 1369 2328 dimicarent,
1396 2295 1530 2332 cogere
1557 2282 1677 2319 solitus
1700 2280 1763 2325 sit,
1789 2288 1965 2329 tanquam
1997 2279 2031 2316 ei
2067 2278 2179 2321 datu-A

1127 2345 1185 2371 rus
1218 2334 1330 2371 filiam
1355 2362 1366 2378 ,
1402 2335 1466 2382 qui
1494 2331 1685 2371 fortiffime
1721 2330 1755 2368 se
1787 2331 1824 2367 in
1856 2341 1977 2379 pugna
2005 2326 2173 2378 gestisset.

1129 2384 1317 2422 Postremo
1341 2393 1464 2421 autem
1491 2395 1577 2421 cuin
1600 2382 1672 2430 ipse
1693 2381 1907 2424 certamini,
1927 2380 2053 2417 aetatis
2074 2378 2176 2417 caus·

1127 2435 1159 2472 sa
1175 2464 1184 2479 ‚
1212 2448 1275 2484 par
1304 2436 1458 2484 amplius
1477 2447 1556 2471 non
1580 2432 1665 2469 efl'et
1680 2460 1691 2475 ,
1716 2432 1753 2468 in
1772 2431 1924 2479 gratiam
1948 2430 2191 2475 filiae‚duos-

1128 2497 1287 2532 procos,
1314 2496 1475 2534 quorum
1498 2485 1653 2521 nomina
1679 2481 1804 2528 Clytus
1826 2482 1865 2519 ὃ(
1886 2481 2053 2530 Dymas,
2079 2481 2175 2519 inter

1128 2535 1164 2571 se
1185 2535 1433 2578 commiserit,
1461 2543 1500 2570 ut
1525 2542 1604 2570 uter
1624 2529 1762 2569 vicisset
1777 2560 1787 2576 ,
1816 2531 1926 2569 filiani
1951 2543 2036 2569 cum
2058 2542 2175 2579 regno

1126 2586 1317 2633 acciperet.
1354 2584 1425 2622 Sed
1447 2584 1592 2620 Pallene
1615 2593 1699 2620 cum
1727 2582 1838 2629 Clyto
1861 2582 1974 2630 magis
2007 2582 2147 2619 faveret
2161 2609 2175 2626 ‚

1126 2635 1289 2683 persuaso
1313 2636 1435 2682 auriga
1457 2634 1680 2683 Dymantis,
1705 2641 1745 2669 ut
1766 2631 1914 2669 fibulam
1943 2639 2066 2674 rotae,
2097 2630 2175 2669 five

1126 2687 1185 2722 axi
1207 2699 1282 2723 non
1306 2685 1476 2722 insereret
1491 2712 1499 2728 ,
1527 2684 1702 2733 perfecit,
1729 2691 1769 2720 ut
1797 2683 1892 2720 inter
1920 2682 2173 2731 praeliandum

1128 2748 1234 2774 curru
1258 2735 1455 2785 Dymantis
1475 2735 1628 2783 disjecto
1644 2763 1654 2778 ,
1682 2734 1812 2781 Clytus
1836 2732 2030 2771 vietoriam
2053 2734 2175 2770 aufer·

1126 2795 1192 2824 ret.
1238 2788 1324 2835 Qua
1354 2785 1482 2823 fraude
1513 2797 1604 2822 mox
1627 2784 1769 2822 detesta
1793 2812 1802 2826 ‚
1842 2795 1927 2821 cum
1950 2783 2060 2833 'pater
2088 2784 2173 2833 Dy=

1128 2838 1242 2875 manti
1264 2838 1376 2874 funus
1402 2838 1440 2873 δε
1460 2847 1593 2885 rogum
1610 2864 1621 2880 ‚
1647 2835 1709 2872 ubi
1730 2846 1861 2883 corpus
1884 2835 1959 2883 ejus
1990 2845 2173 2871 cremare-

1125 2895 1186 2925 tur
1207 2917 1217 2932 ,
1246 2885 1455 2925 extruxisset
1479 2915 1489 2931 ,
1525 2886 1708 2936 velletque
1738 2885 1874 2922 ibidem
1908 2885 1945 2922 δί
1983 2884 2171 2922 Pallenem

1127 2939 1310 2982 mactare,
1337 2937 1477 2986 speecro
1499 2937 1664 2987 quodam
1699 2935 1851 2981 divino,
1879 2936 1917 2972 &
1947 2934 2065 2972 subitis
2097 2934 2170 2970 im·

1126 2988 1243 3027 bribus
1265 2988 1384 3027 effusis
1398 3017 1408 3033 ‚
1433 2988 1477 3025 ab
1498 2989 1647 3037 incepto
1667 2987 1857 3024 deterritus
1879 2986 1937 3022 est.
1969 2986 2074 3021 Haec
2086 2984 2170 3038 Par-

1126 3040 1270 3078 thenius
1292 3052 1370 3089 cap.
1390 3041 1491 3077 sexto
1513 3039 1764 3076 Eroticoruin.
1803 3038 1928 3086 Atque
1949 3035 2093 3088 abhoc
2115 3033 2172 3069 Si-

1126 3090 1244 3129 thone
1266 3091 1388 3128 monti
1409 3102 1552 3128 nomen
1572 3090 1711 3128 fanum
1735 3087 1878 3125 videtur
1899 3113 1923 3139 ,ι
1937 3087 1974 3120 ὃζ
2001 3092 2089 3137 item
2113 3093 2172 3119 re-⁹

1125 3141 1242 3190 gioni.
1267 3142 1490 3179 Mmmus.
1537 3141 1579 3179 In
1612 3139 1790 3178 veteribus
1822 3134 2015 3175 omnibuS,
2033 3131 2173 3170 &thom

1127 3194 1298 3229 Cxorau.
1326 3192 1389 3229 De
1411 3191 1564 3230 Sithone
1597 3191 1682 3229 vide
1703 3187 1866 3227 Berckel.
1896 3183 1942 3221 ad
1972 3182 2094 3231 Sta-ph,
2124 3182 2179 3221 de-

1127 3242 1257 3279 L'rbib,
1280 3242 1318 3279 in
1348 3241 1536 3282 Παλλήνη.

1180 3292 1267 3331 2812
1295 3296 1340 3330 Te
1362 3304 1493 3343 quoque
1509 3304 1602 3332 num
1631 3285 1838 3338 Adamas.]
1876 3283 2016 3338 Cadmus
2035 3310 2047 3332 ,
2083 3283 2182 3374 (ῳὲές
