2483 3616
367 114 1621 211 'METAMORPHOSEON
1693 151 1838 211 Lm.
1900 157 2044 218 xv.

2165 178 2296 231 1075

430 267 662 340 Templa
690 262 920 333 parentis
946 262 1073 326 init,
1112 261 1311 318 flavum
1340 265 1607 337 tangentia
1632 265 1770 322 litus.

428 342 675 411 AEquore
701 349 892 406 pacato
918 337 1108 407 patrias
1138 336 1453 407 Epidaurius
1479 356 1588 392 aras

431 409 657 482 Linquit
684 426 695 462 :
740 410 795 462 &
823 409 1053 479 hospitio
1073 409 1239 479 juncti
1265 409 1353 462 sibi
1381 412 1611 464 numinis
1635 412 1758 467 usus

285 503 387 556 725
426 485 705 539 Litoream
731 481 897 536 ῐιέιξὶυ
925 483 1167 553 squamae
1191 482 1498 552 crepitantis
1523 500 1736 539 arenam

427 555 603 610 Sulcat
632 574 642 609 :
690 553 774 618 δε,
812 554 1021 608 innixus
1048 552 1415 607 moderamine
1442 555 1609 618 naviS,
1648 556 1702 610 in
1728 559 1832 612 alta

412 629 614 700 ‘Puppe
639 640 797 698 caput
821 627 995 699 posuit
1023 647 1033 679 ;
1077 626 1251 679 donec
1277 625 1658 699 Castrumque,
1694 629 1964 706 sacrasque

432 702 625 756 Lavini
653 700 831 764 sedeS,
874 699 1242 772 Tiberinaque
1267 699 1331 752 ad
1361 697 1486 752 ostia
1512 701 1675 754 Venit.

433 773 564 829 Huc
591 791 776 829 omnes
804 774 987 846 populi
1014 771 1200 844 paffim
1219 809 1234 834 ‚
1273 784 1613 845 matrumque
1638 787 1958 850 patrumque

139 1005 301 1044 Lantem
324 1030 336 1047 ,
381 1002 433 1040 rei
464 999 625 1039 militaris
665 999 919 1048 peritiffimum
966 1010 1009 1037 ac
1051 998 1186 1037 ducem

139 1057 377 1105 praeliantem
398 1064 407 1090 ε
437 1053 588 1101 ejusque
601 1052 713 1088 fratris
727 1051 841 1087 filium
857 1078 866 1093 ‚
891 1051 1072 1099 juvenem
1087 1063 1189 1088 ama-

139 1107 313 1145 biliffimis
342 1103 527 1147 moribus,
557 1110 665 1150 atque
698 1103 741 1139 ad
774 1113 929 1138 omnem
956 1101 1100 1138 laudem
1126 1113 1191 1138 na-

139 1166 221 1195 tum
246 1155 487 1204 Augustinum
504 1181 514 1198 ,
543 1153 709 1190 Pisanos:
742 1153 794 1188 M.
819 1152 1070 1201 Sophronium
1096 1152 1190 1189 Fun-

141 1207 276 1245 danum
319 1208 357 1243 ὃς
395 1204 634 1241 Leonardum
677 1203 830 1242 Stibium
879 1205 1152 1241 Maranthinum
1180 1232 1190 1248 ,

142 1259 241 1295 viros
262 1258 401 1294 Latinis
424 1255 548 1292 litteris
572 1267 649 1292 non
674 1266 801 1302 parum
826 1255 1026 1292 instructos.
1065 1257 1192 1304 Atque

140 1308 216 1346 hoc
239 1307 335 1345 forti·
356 1307 404 1343 est
419 1336 428 1347 ‚
457 1305 559 1354 quod
581 1307 709 1343 annuit
732 1306 792 1343 lib.
812 1305 932 1344 Vatic.
960 1310 1006 1342 Et
1022 1304 1129 1353 sparfi
1148 1306 1192 1343 li-

140 1360 234 1396 roris.
273 1359 342 1396 Sed
366 1357 567 1395 videndum
591 1357 806 1404 diligenter,
835 1369 924 1395 num
948 1357 1064 1395 obstet
1087 1357 1193 1405 supe·

142 1410 219 1447 rior
238 1409 356 1446 versus
372 1437 380 1452 ,
412 1408 562 1444 Trachas
585 1407 702 1457 obseffa
717 1407 855 1457 palude.
886 1408 926 1445 In
949 1409 1017 1446 hac
1038 1408 1193 1446 secunda

143 1460 308 1498 editione
338 1471 472 1507 operae
499 1459 657 1507 pretium
691 1459 800 1502 duxi,
832 1459 943 1509 idque
973 1459 1066 1497 mihi
1095 1460 1191 1497 sum-

142 1522 226 1549 mae
258 1510 437 1558 voluptati
470 1510 562 1554 fuit,
590 1518 731 1547 veteres
750 1523 882 1548 omnes
903 1511 1034 1555 libros,
1063 1511 1191 1560 quod,

141 1562 181 1600 in
205 1562 320 1610 prima
345 1571 492 1609 propter
513 1561 626 1598 multa
649 1561 704 1608 (ut
723 1563 786 1611 qui
809 1573 959 1600 mecum
984 1562 1192 1606 versantur,

142 1611 259 1661 probe
287 1612 439 1659 norunt)
462 1612 728 1657 incommoda,
758 1614 795 1649 &
818 1614 968 1662 quidem
992 1615 1040 1651 ita
1060 1626 1192 1663 magna

146 1663 186 1700 &
210 1663 353 1711 gravia,
394 1672 433 1699 ut
463 1663 582 1701 multo
610 1672 693 1700 ante
713 1673 859 1711 tempus
874 1673 974 1702 totus
993 1676 1101 1703 canus
1125 1664 1191 1703 fim

144 1713 296 1751 effectus
316 1742 325 1758 ,
373 1713 502 1762 quibus
542 1715 682 1752 utinam
722 1715 842 1753 adhuc
872 1728 949 1753 non
975 1728 1161 1764 premerer
1181 1744 1191 1761 ,

139 1764 315 1813 praestare
346 1776 423 1801 non
455 1766 582 1812 potui,
611 1766 686 1803 hoc
704 1766 908 1814 praesertim
930 1767 1017 1804 loco
1039 1767 1192 1816 diligen-

138 1822 194 1852 ter
217 1815 414 1862 inspicere,
444 1825 507 1858 ut‚
537 1815 562 1853 fi
585 1816 675 1865 quid
696 1817 910 1864 praeclarius
930 1819 1086 1867 reperire
1110 1818 1192 1866 pos-

141 1865 241 1909 sem,
273 1865 447 1903 viderem.
497 1867 626 1915 Itaque
647 1868 731 1911 has,
759 1880 846 1918 quas
869 1869 1081 1917 subjiciam,
1111 1881 1193 1918 rep-

141 1916 219 1963 peri
239 1917 439 1953 varietates.
472 1916 513 1953 In
534 1918 626 1955 libro
646 1918 769 1955 Ursini
790 1920 859 1963 est,
888 1919 1114 1969 Spiffilittoris
1126 1934 1190 1956 an-

144 1974 254 2003 trum.
280 1966 322 2001 In
342 1978 417 2003 uno
441 1966 563 2003 Vatic.
583 1969 796 2014 &Bi-ianm,
820 1975 964 2007 Anxur.
996 1971 1190 2008 Sedinillo

143 2014 267 2052 Vatic.
286 2023 454 2052 notatum
479 2016 549 2060 est,
578 2017 642 2055 alia
670 2031 804 2063 manu,
823 2021 879 2056 vel
903 2021 1030 2059 Alcon.
1057 2023 1096 2059 ln
1120 2022 1191 2059 Ca-

144 2066 281 2113 pranic.
310 2068 446 2101 Anrur.
480 2066 520 2102 In
537 2067 609 2103 alio
621 2068 741 2106 Vatic.
770 2070 938 2114 Anchon,
969 2072 1029 2109 vel
1045 2080 1192 2116 Anxur,

141 2116 204 2153 vel
225 2115 395 2152 Antium.
420 2115 461 2152 in
475 2116 546 2153 alio
558 2117 645 2154 item
659 2119 821 2166 ejusdem
833 2121 1099 2167 Bibliothecae,
1112 2128 1193 2159 An-

145 2165 250 2203 tium.
298 2166 376 2213 Qui
404 2166 492 2203 liber
509 2195 518 2209 ,
548 2166 610 2204 etsi
633 2170 803 2206 omnium
828 2173 1093 2210 recentissimus
1117 2174 1165 2211 est
1184 2202 1193 2215 ,
1216 2201 1219 2204 -

145 2218 268 2264 potuit
297 2225 420 2254 tamen
454 2229 498 2254 ex
529 2218 652 2266 aliquo
678 2219 749 2256 alio
778 2222 924 2269 optimo
946 2221 1106 2260 describi:
1129 2223 1196 2260 nifi

140 2267 224 2311 ille,
253 2269 316 2316 qui
339 2279 425 2305 eum
451 2268 656 2316 descripsit,
692 2271 798 2317 Regii
816 2271 1118 2310 emendationem
1144 2273 1196 2311 se-

147 2326 251 2356 cutus
275 2319 346 2361 est;
384 2320 556 2367 quamvis
579 2320 701 2367 paullo
728 2330 811 2358 ante
834 2323 909 2371 ejus
928 2331 1085 2361 aetatem
1111 2337 1188 2362 exar

145 2378 264 2407 ratum
287 2367 389 2407 fuisse
412 2370 641 2407 crediderim.
684 2373 942 2419 Quamobrem
967 2386 1050 2412 cum
1075 2376 1196 2424 Regio

144 2420 222 2467 ipso
247 2419 404 2457 Antium
422 2421 621 2470 legendum
647 2423 790 2460 censeo:
813 2423 982 2473 relinquo
1002 2433 1128 2463 tamen
1142 2426 1198 2464 su-

146 2481 212 2518 per
232 2470 300 2507 hac
319 2472 357 2508 re
377 2473 549 2509 omnibus
563 2473 753 2521 judicandi
774 2472 1002 2523 potestatem.
1040 2476 1132 2514 illud
1155 2476 1199 2515 fi-

144 2521 262 2577 lentio
283 2532 360 2558 non
381 2532 571 2570 praetereo
589 2552 598 2565 ,
629 2525 804 2569 Antium,
835 2535 874 2564 ut
885 2527 1035 2576 quidam
1050 2528 1198 2573 volunt,

148 2582 192 2609 ea
212 2573 333 2620 lingua
349 2601 359 2616 ,
387 2584 459 2621 qua
479 2573 594 2612 hodie
612 2576 724 2624 vulgo
746 2577 906 2622 utimur,
938 2585 1092 2616 Nettuno
1113 2579 1198 2618 dici:

148 2622 212 2660 ubi
244 2623 291 2659 est
319 2623 414 2661 adeo
439 2636 549 2672 grave
573 2627 714 2663 caelum
730 2655 739 2672 ‚
770 2637 809 2665 ut
831 2629 983 2666 nostem
1005 2641 1114 2667 unam
1136 2643 1199 2668 va-

146 2671 320 2711 letudinis
340 2676 500 2713 tuendae
522 2675 624 2713 causa
646 2677 695 2714 ibi
715 2680 1027 2718 commorandum
1049 2681 1200 2719 dicatur.

154 2721 198 2759 Id
226 2732 347 2762 autem
382 2726 560 2774 oppidum
598 2727 645 2763 est
680 2728 741 2764 sub
775 2730 987 2768 nobilissimi
1017 2732 1199 2770 &rerum

152 2771 332 2821 gestarum
364 2776 478 2830 gloria
509 2777 820 2824 praestantissimi,
854 2782 915 2828 qui
941 2781 989 2818 ob
1013 2781 1049 2818 id
1078 2783 1117 2819 &
1146 2794 1201 2820 re-

153 2834 237 2860 rum
276 2834 448 2860 Omnlum
494 2828 772 2876 intelligentiam
818 2832 1070 2881 eximiamque
1113 2844 1199 2881 pru-

154 2874 318 2912 dentiam
365 2873 507 2930 Siciliae
541 2889 672 2922 prorex
704 2892 801 2917 anno
837 2881 1032 2930 superiore*
1058 2891 1198 2922 creatus

154 2925 202 2963 est
217 2953 228 2968 ‚
259 2925 312 2962 M.
334 2924 492 2981 Anto-nn
512 2924 719 2979 Columnae
730 2931 873 2969 ditione
893 2944 901 2969 :
932 2933 1108 2983 distatque
1119 2936 1198 2973 Ro-

156 2988 219 3014 ma
237 2987 366 3013 XXXVI.
395 2976 470 3012 mll.
489 2975 665 3023 pastuum.
691 2980 935 3021 Mancinessus
959 2994 1106 3030 autem,
1134 2987 1198 3035 qul

157 3039 204 3064 ex
238 3039 278 3064 ea
309 3027 462 3074 regione
483 3054 493 3070 ,
530 3027 565 3063 id
596 3026 643 3064 est
671 3026 819 3066 Velitris
838 3061 848 3075 ,
885 3035 1060 3074 oriundus
1094 3037 1165 3074 fuit
1189 3065 1198 3081 ‚

157 3077 207 3115 fic
235 3077 280 3115 de
303 3076 421 3114 Antio
451 3076 568 3115 scribit
596 3076 690 3115 libro
720 3091 745 3115 1.
776 3078 899 3116 Carm.
932 3087 1080 3125 Horatii
1113 3088 1200 3126 Ode

160 3139 300 3165 xxxin.
339 3133 425 3164 Erat
453 3128 612 3164 Antium
648 3128 833 3166 maritima
862 3133 1065 3174 Latinorum
1092 3139 1201 3182 urb5‚

163 3191 254 3225 nunc
293 3178 413 3226 diruta
441 3179 591 3227 penitus.
646 3179 789 3226 Distant
820 3191 938 3216 autem
967 3182 1036 3228 ejus
1063 3189 1204 3238 vestigia

162 3232 230 3265 oflo
259 3228 382 3277 stadiis
416 3229 440 3265 a
479 3235 637 3277 Neptuno
675 3231 814 3279 oppido,
861 3231 951 3278 quod
987 3243 1030 3271 (90
1068 3247 1125 3271 nos
1151 3252 1209 3276 vt-

161 3279 291 3330 siimu59
342 3284 431 3329 Erat
457 3280 565 3319 etiam
597 3279 646 3320 ibi
672 3290 794 3333 portus
829 3282 1014 3333 miranduc
1043 3284 1212 3336 quidemq

2173 849 2291 906 Οῐ).ι

1245 1011 1330 1037 nam
1372 1011 1487 1049 aggere
1527 999 1658 1037 cinctus
1690 997 1729 1035 in
1767 998 1834 1049 ipso
1863 999 1980 1038 adhuc
2013 998 2108 1038 mari
2138 1000 2294 1048 conspici-2

1245 1060 1315 1086 tur.
1345 1050 1516 1088 Cmran.
1546 1050 1648 1088 Nihil
1672 1051 1790 1087 verius
1811 1052 1878 1088 hac
1899 1050 2084 1095 lectione,
2112 1052 2296 1098 Antium;

1246 1113 1356 1149 quarn
1404 1103 1540 1150 primus
1583 1101 1691 1139 Palat.
1730 1101 1860 1139 Urbin.
1898 1102 2032 1151 aliique
2071 1113 2149 1140 non
2187 1100 2295 1150 pauci

1246 1152 1460 1200 agnoscunt.
1489 1164 1646 1202 eamque
1671 1153 1708 1189 &
1732 1152 1987 1202 Geographiae
2007 1152 2100 1190 ordo
2120 1153 2297 1202 requirit,¹

1249 1204 1287 1240 &
1316 1203 1398 1240 Val.
1432 1204 1590 1241 Maximi
1619 1202 1813 1241 auctoritas
1833 1232 1843 1248 ,
1883 1204 1947 1253 qui
1964 1204 2215 1252 AEsculapium
2244 1205 2296 1243 ait

1249 1253 1406 1291 Antium
1461 1253 1659 1293 adveniffe.
1720 1255 1898 1292 Ciofanus
1939 1263 2063 1292 tamen
2119 1253 2260 1292 mavult
2283 1281 2297 1301 ‚

1250 1309 1395 1342 Anxur.
1420 1305 1523 1354 quod
1544 1307 1580 1344 in
1600 1304 1723 1343 multis
1744 1305 1838 1343 libris
1857 1305 1980 1344 exstat.
2010 1317 2095 1343 cum
2116 1304 2297 1352 Trachas,

1247 1355 1308 1393 seu
1344 1357 1569 1402 Tarracina,
1606 1358 1644 1394 δε
1677 1357 1809 1395 Anxur
1837 1356 1989 1394 eaedem
2024 1355 2091 1393 fint
2118 1356 2299 1396 civitates.

1250 1407 1384 1444 Plinius
1411 1407 1471 1446 lib.
1500 1420 1564 1445 111.
1596 1420 1672 1456 cap.
1706 1420 1736 1455 5.
1766 1407 1957 1444 Tarracina
1987 1406 2143 1456 oppidum
2175 1406 2299 1454 lingua

1253 1457 1444 1507 Volscorum
1476 1464 1610 1495 Anxur
1641 1458 1783 1495 dicium.
1822 1459 1966 1503 Festus,
1995 1465 2128 1495 Anxur
2147 1457 2301 1504 vocabas

1248 1520 1332 1554 tur,
1371 1524 1459 1561 quae
1492 1523 1585 1547 nunc
1608 1510 1800 1547 Tarracina
1830 1510 1971 1546 dicitur.
2007 1509 2136 1547 Livius
2159 1507 2219 1545 lib.
2237 1521 2299 1548 iv:

1250 1566 1387 1597 Anxur
1401 1562 1500 1609 fuit,
1528 1575 1616 1611 quae
1633 1574 1724 1598 nunc
1746 1560 1956 1598 Tarracinae
1966 1560 2067 1610 sunt.
2097 1558 2299 1607 Dionyfius

1250 1612 1381 1661 Antiq.
1407 1613 1646 1651 Rom.l.xiv.
1672 1607 1992 1659 Ε’ξεπολιόρκκσαν
2015 1611 2045 1646 οἱ
2066 1609 2299 1653 Panaima-zu

1251 1662 1441 1700 Οὗόλσκων
1462 1663 1590 1708 πόλιν,
1621 1664 1639 1703 ‘u
1664 1665 1751 1700 τότε
1773 1665 1839 1709 μὲν
1862 1660 1991 1709 Α”νξωρ
2006 1690 2016 1706 ,
2046 1663 2102 1698 νῦν
2121 1659 2152 1696 δ’
2172 1660 2301 1706 ὄνομά-ὴ

1248 1725 1360 1751 omui
1379 1711 1585 1760 Tap'p‘oeuivu.
1614 1714 2027 1757 aliicodices,Ancum,
2056 1716 2204 1755 Ancon,
2233 1724 2303 1748 an-

1249 1775 1370 1809 trum,
1406 1767 1444 1803 &
1467 1766 1608 1803 similia.
1638 1765 1773 1803 frustra.
1803 1766 1948 1803 Hzms.
1978 1769 2104 1800 Ancon
2133 1761 2302 1800 defendit

1250 1815 1393 1864 Baptist.
1418 1817 1592 1865 Egnatius
1617 1817 1875 1854 Racemation.
1895 1827 1973 1862 cap.
1992 1812 2132 1852 18it'vid
2161 1812 2302 1850 &Car-

1249 1868 1330 1904 rion
1359 1866 1405 1904 ad
1428 1868 1514 1905 Val.
1534 1867 1631 1904 Flac.
1652 1879 1704 1904 iv.
1727 1868 1813 1904 600.
1839 1868 1877 1903 ὃ(
1900 1866 2052 1903 Cluver.
2071 1862 2302 1902 lib.111.11al.

1250 1929 1327 1966 cap.
1355 1929 1388 1964 7.
1407 1917 1482 1965 fissi
1510 1917 1620 1954 litoris
1644 1930 1736 1956 unus
1756 1918 1960 1955 Mediceus.
1979 1916 2015 1952 in
2037 1913 2105 1950 Ms.
2132 1914 2190 1951 est.
2218 1918 2304 1960 Anq

1248 1979 1350 2012 tum,
1379 1970 1528 2017 Ansur,
1558 1974 1708 2013 Ancon,
1740 1973 1865 2011 Acon,
1894 1971 2019 2003 Aucon
2040 1965 2113 2001 &c.

1302 2042 1388 2081 719.
1415 2031 1639 2079 Velifhram.]
1682 2029 1874 2067 Velivolam
1896 2027 2089 2066 Mediceus
2113 2039 2230 2072 unus,
2258 2033 2302 2067 ui:

1248 2083 1354 2131 saepe
1375 2083 1541 2126 Ennius,
1568 2081 1759 2118 Lucretius
1785 2082 1820 2116 ὅ(
1843 2080 1912 2116 alii.

1305 2157 1385 2189 721.
1416 2143 1585 2192 Labens.]
1615 2149 1751 2191 Serpens
1770 2144 1941 2181 Strozzae
1960 2144 2048 2181 liber
2071 2143 2139 2180 sec.
2159 2142 2216 2180 sed
2230 2142 2303 2180 labi

1251 2195 1397 2241 proprie
1425 2194 1471 2232 de
1505 2194 1740 2242 serpentibus.
1774 2196 1873 2232 Serv.
1903 2195 1948 2232 ad
1971 2207 2016 2231 11.
2040 2193 2195 2231 Aeneid.
2220 2206 2305 2242 225.

1255 2245 1336 2285 Val.
1356 2244 1407 2282 Fl.
1431 2257 1465 2282 V.
1488 2256 1570 2292 254.
1600 2245 1780 2292 Caucaseis
1811 2245 1923 2295 lapsus
1944 2259 2022 2281 cum
2043 2244 2216 2282 montibus
2237 2257 2305 2290 anfi

1249 2296 1336 2345 guis.
1365 2295 1465 2345 supra
1485 2296 1540 2339 >Iss-
1560 2296 1644 2343 685.
1672 2296 1786 2333 delabi
1807 2297 1908 2334 dixit.
1938 2296 2072 2334 Euam.

1305 2374 1388 2409 722.
1419 2360 1527 2411 Init.]
1560 2361 1652 2398 Adit
1684 2361 1743 2399 sex
1774 2362 1865 2398 libri.
1895 2375 2062 2409 magnum
2097 2361 2181 2399 litus
2200 2374 2305 2402 unus·

1245 2413 1398 2461 fulvum
1420 2413 1508 2450 duo.
1529 2411 1645 2448 latum
1666 2424 1770 2450 unus.
1792 2413 1941 2461 cogentia
1961 2422 2040 2450 tert.
2060 2413 2200 2450 Medic.

1308 2476 1389 2512 723.
1416 2469 1568 2513 AEquore
1580 2463 1755 2513 placata]
1787 2470 1915 2500 Pacato
1936 2464 2309 2512 prim.M0ret.Nea-j

1255 2515 1331 2565 pol.
1354 2517 1392 2552 &
1413 2515 1472 2552 alii
1493 2526 1571 2551 xxv.
1602 2513 1709 2561 Epist.
1727 2527 1761 2552 x.
1783 2516 1842 2563 65.

1307 2571 1350 2601 Ut
1369 2575 1444 2602 rate
1454 2565 1554 2611 felici
1568 2574 1696 2613 pacata
1712 2574 1772 2614 per
1792 2578 1940 2615 aequora
1961 2564 2074 2603 labar.

1258 2616 1327 2654 Sed
1373 2618 1411 2653 ὃς
1449 2616 1602 2653 alterum
1643 2615 1678 2652 se
1714 2616 1882 2654 Maronis
1921 2616 2138 2654 at1&0ritate
2166 2615 2308 2656 tuetur]

1258 2668 1405 2705 Hmns.
1435 2666 1535 2703 Vide
1554 2667 1616 2703 lib.
1639 2678 1692 2703 xx.
1713 2679 1795 2716 432.
1821 2668 1858 2704 ὃς
1877 2667 1973 2705 alibi.

1308 2729 1391 2764 725.
1421 2717 1672 2766 Crepitantis.]
1714 2718 1930 2767 Trepidantis
1960 2719 2099 2756 Moret.
2128 2717 2233 2766 prim.
2265 2717 2306 2754 δί

1254 2768 1395 2817 septem
1419 2769 1489 2805 alii.

1311 2831 1394 2867 729.
1423 2825 1500 2855 Huc
1529 2832 1642 2856 omnes
1665 2819 1780 2869 populi
1803 2819 1923 2869 paffi'm
1946 2847 1956 2863 ,
1994 2828 2216 2863 matrumque
2237 2824 2304 2862 pa-

1252 2868 1456 2919 trumque]
1490 2876 1719 2921 Manumque
1732 2871 1924 2919 senumque
1946 2868 2092 2902 Thuan.
2108 2865 2306 2912 prim.Va-

1252 2922 1362 2958 tican.
1395 2921 1524 2958 Oxon.
1544 2922 1580 2958 ὅ(
1601 2921 1662 2958 sex
1684 2922 1756 2958 alii.
1783 2921 1858 2955 duo
1872 2944 1882 2959 ‚
1910 2926 2133 2962 matrumque
2157 2928 2305 2951 nurum-

1255 2986 1330 3020 que,
1361 2972 1468 3019 prim,
1489 2971 1638 3008 Bonon,
1661 2972 1699 3006 &
1720 2978 1811 3003 unus
1834 2965 1972 3002 Medic.
1994 2966 2236 3013 juvenumque
2248 2966 2305 3014 ſse-

1258 3035 1420 3070 numque.
1450 3018 1722 3063 Rottendorph.
1743 3023 1926 3063 praeterea
1943 3044 1952 3058 ,
1981 3022 2057 3052 Huc
2076 3015 2185 3052 omnis
2201 3024 2307 3065 popuff

1258 3073 1322 3111 lus.
1351 3073 1494 3109 Censeo
1518 3068 1562 3104 ab
1582 3067 1730 3104 Nasone
1747 3066 1918 3115 scriptum
1942 3064 2066 3109 fuiffe,

1313 3145 1388 3174 Huc
1403 3134 1514 3171 omnis
1529 3132 1668 3183 populus
1684 3131 1801 3182 paffim
1815 3161 1826 3176 ‚
1855 3142 2049 3182 matresque
2064 3135 2271 3180 patresque,

1316 3186 1431 3222 Obvia
1453 3184 1557 3221 turba
1576 3195 1696 3223 ruunt.
1728 3187 1870 3222 i-nzms.

1265 3236 1480 3337 Yidegatst.
1511 3247 1679 3323 nii-295.
1715 3236 1805 3278 Huic
1833 3236 1945 3277 etiam
1977 3234 2126 3276 Thuan.
2156 3233 2313 3271 Cantab.

1287 3300 1349 3328 un.
1447 3298 1500 3323 res
1519 3298 1538 3322 a
1568 3299 1592 3323 i.

1395 3337 1612 3387 vavvy,
1638 3347 1662 3387 ,Ξ
2104 3345 2191 3388 730·
2219 3333 2316 3386 3*qu
