2483 3616
225 140 324 193 628

693 137 753 196 P.
828 130 1243 196 OVIDII
1313 131 1844 196 NASONIS

525 253 692 327 Inque
718 254 885 326 gradu
910 251 1175 311 stetimu3‚
1212 245 1347 302 certi
1371 265 1483 304 non
1508 250 1734 315 cedere;
1774 265 1993 329 eratque

523 327 668 382 Cum
693 327 833 399 pede
858 342 950 396 pes
973 320 1208 395 juncius:
1251 331 1479 392 totoque
1506 340 1609 393 ego
1643 326 1861 397 peciore
1892 340 2092 400 pronus

418 419 484 470 45
520 398 591 454 Et
616 400 813 471 digitos
838 396 1019 468 digitis
1036 435 1051 459 ‚
1088 393 1143 448 δε
1172 393 1408 447 frontem
1432 391 1613 449 fronte
1639 400 1965 468 premebam.

524 473 653 526 Non
683 472 831 525 aliter
860 470 1025 524 fortes
1051 466 1162 522 vidi
1187 481 1513 519 concurrere
1538 479 1746 534 taut-03,

531 544 676 599 Cum
701 545 935 616 pretium
966 555 1204 613 pugnae,
1244 548 1364 589 toto
1391 536 1699 594 nitidiflima
1722 543 1882 608 saltu,

527 617 816 690 Expetitur
840 614 1049 684 conjux.
1090 607 1323 683 speciant
1348 623 1615 689 armenta,
1651 630 1957 691 paventque

533 689 723 744 Nescia
746 706 909 762 quem
937 696 1144 740 maneat
1169 681 1302 735 tanti
1327 679 1545 763 metor-ia
1571 686 1739 756 regni.

421 781 487 831 50
525 762 641 816 Ter
667 762 772 816 fine
798 758 1044 832 profectu
1069 755 1239 810 voluit
1264 754 1489 808 nitentia
1513 771 1702 812 contra

534 834 784 904 Rejicere
810 831 1032 885 Alcides
1061 830 1087 883 31
1111 829 1162 883 se
1188 844 1306 881 mea

1332 826 1548 899 peciora
1565 848 1576 883 ε

1618 834 1812 904 quarto

536 906 722 960 Exsuit
748 904 1048 976 amplexus,
1086 899 1422 972 adduciaque
1448 900 1660 957 brachia
1687 906 1868 962 solvit:

528 977 924 1050 Irnpulsumque
954 993 1113 1031 manu
1154 978 1400 1046 (certum
1425 975 1554 1030 mihi
1581 995 1704 1031 vera
1730 977 1919 1050 fateri)

535 1051 789 1106 Protinus
811 1050 1030 1105 avertit:
1072 1062 1339 1120 tergoque
1372 1048 1626 1103 onerosus
1650 1051 1887 1108 inhaesit.

430 1142 493 1193 55
533 1124 587 1179 Si
615 1142 718 1198 qua
747 1123 879 1178 fides
897 1163 911 1186 ‚
954 1126 1167 1194 (neque
1194 1121 1338 1176 enim
1364 1119 1484 1201 fieri}
1510 1123 1639 1176 mihi
1665 1126 1832 1196 gloria
1860 1144 1998 1181 voce

538 1196 873 1270 Quaeritur)
912 1196 1160 1266 imposito
1184 1191 1383 1266 press'us
1409 1193 1538 1247 mihi
1566 1211 1752 1253 monte
1777 1200 2015 1256 videbar.

534 1272 582 1327 V
594 1271 650 1326 ix
678 1284 857 1325 tamen
891 1268 1096 1323 exserui
1121 1267 1314 1322 sudore
1341 1265 1563 1320 fluentia
1590 1272 1763 1324 multo

532 1344 788 1406 Brachia;
832 1341 924 1397 vix
946 1341 1076 1396 solvi
1103 1340 1267 1396 duros
1293 1341 1321 1394 {1
1346 1356 1577 1412 corpore
1600 1359 1786 1400 nexus,

2242 1421 2394 1479 Instat

299 1551 361 1598 43,
391 1552 498 1598 anue
521 1543 698 1602 gradus]
715 1543 875 1594 Jamque
892 1542 1006 1592 gradu
1025 1549 1185 1592 quatuor
1201 1540 1294 1580 libri.
1351 1539 1537 1591 candisque
1569 1542 1670 1582 humi
1697 1546 1843 1585 nexibus
1861 1547 1984 1597 sciens.
2018 1549 2123 1599 quod
2153 1551 2286 1590 Noster
2307 1563 2398 1591 mox

242 1599 352 1652 inque
377 1598 531 1647 gradum
551 1609 657 1636 unus.
685 1608 791 1644 mque
820 1595 951 1644 gradus
979 1593 1068 1632 duo.
1122 1593 1294 1631 Heinfius

1343 1592 1479 1642 fivlvere
1498 1606 1606 1632 nexus
1628 1607 1751 1635 vocat.
1779 1608 1965 1647 praetcrea
1986 1599 2204 1654 abduc-“taque
2219 1603 2399 1642 nonnulli.

242 1652 338 1689 olim
358 1649 522 1699 legebat,
543 1650 691 1700 jamque
710 1645 861 1696 gradum
877 1644 1034 1694 stitimus
1048 1672 1059 1691 ,
1072 1652 1113 1683 ut
1129 1645 1295 1694 Propert.
1352 1643 1565 1695 obdublaque
1582 1659 1676 1686 unus
1699 1649 1903 1689 Leidenfis.
1939 1651 2177 1704 adjunctaque
2193 1655 2334 1693 Medic.
2355 1667 2401 1693 u-

251 1701 516 1800 Νὶῡῗᾷηἶόῇβὶτ
533 1760 677 1802 uterque
691 1749 858 1799 gradum.

1352 1705 1431 1732 nus.
1458 1694 1592 1734 Euam.

1403 1757 1459 1793 54.
1489 1748 1654 1786 Protinus
1672 1752 1818 1791 avertit.

246 1800 297 1842 Et
317 1802 606 1851 Virgil.v1.465.
625 1800 702 1850 fiste
719 1800 883 1848 gradum.
903 1798 941 1836 in
955 1798 1108 1848 gradum
1130 1796 1298 1849 consistere
1350 1794 1420 1833 sec.
1439 1797 1512 1834 Pal.
1539 1805 1621 1837 tert.
1652 1802 1793 1842 Medic.
1814 1805 1922 1854 prim.
1954 1804 2058 1845 Bafil.
2085 1805 2222 1858 aliique
2241 1805 2401 1856 plurimi.

248 1853 340 1891 dixit
359 1853 487 1890 auctor
506 1853 685 1901 Panegyr.
706 1850 752 1887 ad
770 1851 889 1888 Pison.
910 1849 958 1887 vs.
984 1852 1064 1897 169.
1086 1849 1218 1888 vid.ad
1230 1850 1299 1887 Pe·
1354 1846 1462 1896 Lego
1481 1860 1490 1885 :

247 1910 346 1942 tron.
380 1916 457 1952 cap.
482 1914 614 1940 xxxv1.
643 1902 682 1939 δε
710 1913 822 1938 Lxxx.
847 1901 988 1950 jamque
1015 1901 1054 1938 ὃς
1080 1900 1185 1951 inque
1207 1912 1300 1939 con-

250 1954 358 1994 fundi
382 1954 544 1992 vidimus
563 1952 609 1991 ad
626 1952 687 1990 lib.
709 1964 772 1989 111.
793 1951 874 1989 Art.
896 1962 978 1996 724.
1005 1951 1138 1990 BURM.

299 2016 360 2053 43.
390 2009 546 2053 Eratque
573 2009 666 2041 Cum
688 2002 773 2052 pede
795 2011 853 2052 pes
880 2002 1073 2051 junffusff
1126 2002 1303 2053 Virgilius

247 2054 312 2094 lib.
333 2068 367 2093 x.
395 2061 523 2091 Haeret
540 2054 623 2102 pede
638 2063 706 2103 pes.
736 2053 863 2091 Furius
884 2054 921 2090 in
942 2065 995 2090 w.
1015 2052 1174 2092 Annali:

301 2105 475 2155 Preffatur
492 2105 573 2155 pede
587 2114 645 2155 pes
657 2133 668 2150 ‚
696 2117 814 2142 mucro
838 2117 998 2141 mucrone
1010 2132 1021 2149 ,
1048 2104 1127 2142 viro
1146 2103 1224 2145 vir.

251 2156 472 2194 Cromnos.

301 2220 362 2257 45.
399 2206 615 2246 premebam.
639 2206 655 2258 ]
693 2205 875 2245 Premebat
905 2213 976 2244 tres
1007 2206 1140 2255 scripti.
1177 2206 1275 2244 forte
1288 2234 1300 2252 ‚

246 2258 438 2308 premebar.
467 2259 681 2296 Heinsius.

304 2322 362 2357 49.
395 2310 541 2347 Vicroria
571 2310 675 2358 regni.
704 2308 719 2359 ]
773 2308 817 2346 In
848 2307 1058 2352 nonnullis,
1095 2306 1199 2353 belli,
1226 2319 1305 2347 non

254 2361 358 2407 regni.
384 2361 575 2398 Nauem.
606 2361 654 2398 Et
671 2362 721 2398 ita
741 2359 942 2398 duodecim
964 2359 1304 2409 scriptitantaepu-

249 2422 340 2458 gnae
363 2410 437 2448 duo
458 2412 527 2450 alii.
548 2411 608 2450 sed
632 2411 746 2449 male:
777 2410 930 2448 Phaedr.
948 2423 975 2447 r.
998 2421 1058 2458 30.
1075 2409 1194 2459 pulsus
1205 2423 1304 2458 regno

258 2461 403 2496 nemoris
417 2489 428 2505 ‚
446 2463 506 2500 ubi
529 2463 624 2500 vide.
647 2463 745 2500 &ita
766 2461 905 2511 paffim.
933 2461 1044 2510 nefiia
1061 2473 1170 2511 quam
1190 2462 1303 2499 etiarn

258 2509 329 2547 sec.
351 2510 459 2548 Palat.
480 2526 567 2561 quae
585 2514 698 2560 Junii.

312 2572 379 2645 5025
393 2561 593 2614 Nitentia.]
631 2562 822 2601 Luctantia
851 2563 927 2602 duo
947 2562 1051 2602 Bafil.
1071 2561 1148 2601 vid.
1177 2562 1223 2601 ad
1242 2562 1305 2601 lib.

260 2620 309 2650 ¹1.
388 2622 417 2647 1.

315 2623 372 2707 53..
400 2663 556 2699 Exeat-it.
575 2663 591 2713 ]
631 2665 784 2702 Variant
803 2664 1008 2704 admodum
1030 2663 1198 2703 codices:
1224 2666 1308 2715 qui-

261 2710 372 2755 dam,
410 2713 561 2756 extulit,
594 2713 726 2749 excitat
753 2740 763 2757 ,
794 2716 970 2759 concutit,
997 2716 1057 2754 sed
1075 2715 1270 2755 Mediceus
1291 2743 1304 2762 ‚

260 2761 383 2808 exuit,
409 2763 513 2812 quod
534 2763 664 2811 placet.
693 2764 741 2799 ita
760 2762 819 2799 lib.
844 2775 914 2800 vu.
939 2776 1022 2810 722.

595 2813 688 2857 Jam
708 2812 843 2850 dudum
861 2814 1008 2851 vincula
1021 2823 1157 2865 pugnat

317 2866 450 2900 Exuere
473 2862 537 2913 ipse
551 2860 629 2910 fibi.

264 2914 398 2953 Statius
417 2926 471 2952 rx.
491 2915 614 2953 Theb.
635 2913 721 2959 287.

597 2971 794 3016 Magnoque
816 2964 836 3002 ἒ
852 2963 996 3002 vulnere
1017 2964 1128 3003 telum

318 3015 442 3053 Exuit.

265 3065 390 3111 Valer.
415 3066 510 3105 Flac.
532 3078 584 3105 vr.
605 3078 691 3116 253.

567 3123 689 3167 Atque
705 3116 878 3168 remiffum

314 3175 406 3206 Pone
426 3168 540 3205 trahit
549 3169 710 3217 fugiens,
738 3180 782 3208 O·
803 3167 951 3216 curfibus
968 3166 1065 3205 exuit
1087 3164 1235 3214 hastam.

263 3215 311 3256 'fit
330 3221 379 3256 ita
402 3231 491 3257 mox
510 3220 598 3257 vers.
624 3219 682 3257 82.
702 3220 844 3257 induere
863 3219 968 3257 dixit.
998 3219 1142 3256 Solinus
1164 3219 1209 3256 de
1222 3218 1302 3256 An·

262 3280 348 3317 geaco
368 3281 563 3317 canum
594 3270 685 3311 dixit
709 3270 888 3321 explicare.
943 3269 1168 3319 Jmplicandis
1194 3269 1302 3320 expli-

1406 1904 1540 1936 Pronus
1559 1899 1709 1940 humum
1730 1904 1904 1945 advertit.

1356 1948 1430 1987 Vel
1445 1948 1567 2004 pomo.
1587 1951 1636 1989 fic
1656 1954 1695 1991 ὃς
1715 1954 1808 1993 libro
1828 1969 1899 1994 xri.
1921 1968 1979 2006 39.
2003 1958 2171 2008 conjeci:

1411 2005 1451 2036 Vt
1471 2001 1588 2039 multa
1605 2003 1765 2042 advertit
1783 2016 1962 2059 terraeque
1979 2007 2116 2058 inflixit
2141 2009 2314 2049 Achilles.

1358 2051 1443 2089 Lib.
1465 2064 1560 2092 x111.
1579 2053 1661 2092 881.
1682 2068 1727 2093 ex
1752 2059 1868 2096 veteri
1889 2059 2043 2097 codice:

1463 2121 1614 2134 ———
1637 2107 1758 2154 vestris
1771 2108 1970 2158 periturum
1992 2110 2169 2149 advertite
2189 2111 2312 2162 regnis.

1361 2151 1448 2191 Lib.
1467 2166 1529 2193 xv.
1559 2168 1640 2205 140.

1644 2209 1787 2247 monitis
1805 2210 1941 2249 animos
1958 2212 2154 2253 advertere.

1361 2255 1444 2293 Val.
1466 2256 1614 2298 Flaccus
1633 2260 1727 2298 libro
1750 2273 1811 2300 111.
1834 2275 1919 2312 459.

1413 2309 1587 2347 Continuo
1601 2320 1745 2361 puppem
1758 2322 1868 2363 petere
1882 2342 1892 2357 ,
1921 2326 1965 2355 cy
1986 2315 2152 2365 considere
2170 2316 2334 2366 transtris

1413 2364 1565 2408 Imperat
1576 2363 1808 2411 Ampycides,
1838 2378 1897 2402 net
1919 2366 2037 2416 vasum
2059 2368 2241 2406 advertere
2262 2379 2384 2408 terrae.

1360 2407 1568 2498 {¹152ssme
1597 2414 1715 2461 vismn
1737 2425 1873 2453 vertere
1891 2428 1992 2456 nunc
2011 2419 2155 2468 legitur.
2174 2419 2236 2458 lib.
2255 2430 2404 2471 1v.733.

1410 2511 1504 2557 Jam
1527 2514 1771 2553 Mariandinis
1788 2518 1947 2556 advertit
1961 2520 2081 2570 puppis
2101 2521 2227 2559 arenis.

1359 2567 1492 2600 Pronus
1519 2563 1626 2603 humo
1652 2567 1813 2606 advertit
1833 2598 1845 2616 ,
1881 2571 2081 2621 quomodo
2111 2573 2246 2612 Noster
2270 2572 2330 2612 lib.
2352 2583 2404 2613 Π.

1414 2667 1554 2703 Stravit
1574 2666 1676 2705 humi
1691 2678 1855 2718 pronam.

1362 2713 1478 2752 Libro
1503 2728 1594 2754 vm.
1617 2730 1703 2765 379.

1413 2771 1548 2803 Pronus
1570 2767 1616 2803 ab
1633 2768 1776 2806 arborea
1797 2770 1918 2808 cecidit
1939 2772 2055 2810 radice
2072 2782 2237 2814 retentus.

1363 2815 1509 2854 Solinus
1546 2828 1623 2866 cap.
1645 2831 1747 2857 xxxx.
1785 2820 1949 2868 officiunt
1974 2833 2083 2872 prona
2115 2827 2164 2862 ad
2189 2827 2336 2865 hamum
2362 2830 2406 2866 Ψ

1362 2865 1491 2903 obnixa
1511 2879 1648 2906 cornua.
1676 2870 1722 2907 de
1741 2870 1867 2909 iisdem
1888 2875 2103 2914 animalibus
2123 2878 2226 2915 Mela
2244 2878 2403 2920 dixerat,

1361 2917 1477 2965 pronis
1504 2917 1635 2955 directa
1672 2920 1710 2956 in
1739 2921 1887 2960 humum
1919 2937 2046 2963 cornua
2075 2927 2235 2976 officiunt.
2260 2927 2404 2963 Hzms.
2472 2935 2475 2955 ¹

1366 2967 1470 3004 Nihil
1489 2969 1709 3008 mutandum
1731 2979 1871 3012 temere
1893 2976 2036 3015 censeo.
2064 2990 2151 3017 nam
2182 2975 2280 3014 versu
2301 2975 2405 3013 deni-

1364 3027 1438 3064 que
1459 3018 1518 3054 60.
1541 3020 1709 3059 tellurem
1741 3025 1876 3071 premit
1904 3027 2105 3068 Achelous.
2132 3038 2241 3077 quare
2271 3026 2406 3063 avertit

1363 3065 1429 3105 hic
1448 3069 1726 3118 interpretarer,
1756 3077 2062 3124 comprehensum
2082 3080 2130 3117 ita
2148 3088 2209 3114 me
2229 3085 2325 3114 rotat
2338 3105 2349 3122 ,
2365 3085 2408 3115 ut
2473 3062 2475 3094 ³

1364 3125 1509 3176 tergum
1530 3121 1595 3177 ipsi
1614 3122 1808 3163 obvertere
1829 3139 1979 3176 cogerer
1992 3157 2003 3175 ‚
2016 3127 2118 3179 quod
2133 3128 2298 3176 protinus
2312 3128 2407 3165 Her·
2474 3131 2475 3135 ’

1364 3169 1463 3207 cules
1492 3171 1600 3210 insilit
1624 3200 1635 3218 ,
1674 3174 1714 3211 δε
1742 3176 1791 3214 ita
1818 3178 2013 3218 inhaeret:
2049 3190 2144 3228 quae
2170 3190 2223 3216 ars
2253 3179 2291 3216 in
2311 3177 2407 3217 luera

1360 3219 1464 3258 fuiffe
1484 3221 1642 3261 videtur.
1670 3224 1742 3270 fic,
1769 3227 1855 3266 licet
1874 3230 1912 3267 in
1943 3229 2179 3268 tumultuaria
2201 3228 2409 3269 Centauro·

1358 3282 1441 3311 rum
1464 3282 1612 3323 pugna,
1641 3276 1740 3325 apud
1760 3278 1890 3319 Valer.
1908 3280 2004 3320 Flac.
2025 3293 2054 3320 1.
2078 3291 2160 3330 145.
2329 3333 2408 3367 Βῆ

1832 1752 1848 1803 ]
1903 1752 2079 1792 Advertit
2097 1755 2206 1804 prim.
2226 1756 2399 1793 GronOV.
2467 1754 2469 1788 ἒ

2466 1798 2470 1882 ἰ

2468 2203 2472 2340 ἰ
