2483 3616
336 171 1575 237 METAMORPHOSEON
1648 178 1791 236 LIB.
1840 183 2017 243 XIV.

2131 203 2237 255 955

379 295 517 350 Nate
543 292 660 346 Dea
687 291 889 362 (neque
914 289 1056 343 enim
1082 291 1234 346 finito
1261 292 1442 348 Marte
1468 292 1740 349 vocandus

375 365 560 423 Hostis
583 380 666 426 eS,
705 361 903 431 AEnea)
928 380 1158 426 moneO,
1196 364 1323 435 fuge
1351 367 1503 420 litora
1529 365 1730 422 Circes.

376 439 489 493 Nos
514 453 731 508 quoque
760 436 990 490 Circaeo
1017 437 1234 507 religata
1256 439 1310 490 in
1338 438 1493 492 litore
1520 438 1647 508 pinu

378 508 700 579 Antiphatae
727 525 992 563 memores
1010 547 1025 571 ‚
1059 509 1499 581 immansuetique
1526 511 1807 585 CyclopiS‚

230 599 333 650 250
370 581 450 636 Ire
475 582 824 652 negabamus;
869 582 923 635 &
948 579 1088 635 reeta
1111 581 1293 652 ignota
1315 581 1503 636 subire.

371 654 528 707 Sorte
556 655 733 709 sumus
759 652 895 707 leffi.
936 654 1044 707 sors
1072 671 1187 715 me,
1226 655 1501 727 fidumque
1530 653 1787 727 Polyten‚

372 725 850 798 Eurylochumque
876 726 1054 788 simul,
1093 727 1349 798 nimiique
1378 727 1645 798 Elpenora
1672 730 1804 794 vini,

372 799 570 871 Bisque
596 804 792 854 noveni
819 798 990 853 socios
1016 798 1238 853 Circaea
1263 798 1329 853 ad
1353 800 1565 854 moenia
1592 800 1743 855 misit.

82 1047 181 1088 quae
209 1034 289 1073 sunt
315 1041 442 1073 natura
462 1034 559 1078 fera,
588 1043 767 1072 manuum
789 1030 1035 1080 permulfione
1058 1031 1129 1068 mi-

63 1088 245 1133 tescant,
272 1086 455 1135 Pompejo
486 1085 624 1123 dic‘tum
649 1085 708 1122 eii.
761 1083 915 1121 Nullum
944 1080 1035 1119 vero
1058 1080 1129 1119 effe

85 1138 326 1177 animantium
342 1164 351 1180 ,
389 1146 464 1173 tam
493 1137 654 1184 asperum
669 1163 679 1179 ,
707 1134 862 1172 terribile
876 1162 885 1177 ,
913 1132 1102 1170 barbarum
1118 1160 1128 1175 ‚

86 1191 250 1227 immane
272 1214 282 1230 ‚
321 1187 440 1225 ferum
464 1214 473 1231 ,
512 1186 780 1234 infandumque
811 1184 989 1227 creditur,
1026 1182 1129 1232 quod

86 1251 164 1278 non
184 1237 409 1287 quandoque
427 1238 624 1275 hominum
646 1237 690 1273 ad
713 1246 842 1273 manus
858 1236 1004 1278 veniat,
1032 1235 1130 1272 cicu-

88 1298 185 1328 retur
212 1299 254 1326 ac
279 1286 509 1326 mansuescat.
538 1288 615 1335 Qui
637 1288 744 1336 igitur
763 1285 1024 1324 immansuetus
1048 1284 1095 1322 est
1118 1311 1128 1329 ‚

90 1341 118 1379 is
139 1340 290 1377 demum
310 1348 391 1376 trux
406 1367 416 1384 ‚
444 1338 653 1382 violentus5
677 1338 899 1375 inhumanus
929 1344 1038 1385 atque
1057 1336 1128 1373 im-

90 1391 266 1429 manitate
289 1391 395 1427 omni
413 1389 544 1428 tristior
562 1388 677 1426 videri
696 1387 829 1436 potest.
845 1389 872 1425 is
893 1387 1029 1424 atrocia
1047 1387 1128 1424 inu-

89 1440 190 1480 fitata
224 1440 396 1490 nullaque
433 1441 590 1478 ferarum
615 1440 754 1476 mitior.
792 1438 839 1475 est
869 1446 1055 1487 praeterea
1076 1438 1129 1474 vis

88 1490 266 1541 quaedam
290 1492 451 1528 maxima
473 1492 509 1528 in
529 1489 761 1539 quorundam
776 1489 982 1538 privatione
993 1486 1128 1536 simpli-

89 1544 211 1586 cium,
249 1553 343 1590 quae
364 1554 442 1579 non
469 1542 585 1585 mala,
614 1541 824 1590 priusquam
858 1550 1131 1588 componeren-

86 1601 166 1637 tur,
195 1594 234 1630 &
265 1592 370 1630 exilia
392 1592 619 1630 videbantur.
645 1590 980 1639 Quemadmodum
1003 1591 1042 1627 &
1062 1589 1130 1626 im-

87 1643 213 1681 manis.
265 1643 382 1692 Quod
412 1643 564 1680 verbum
597 1641 681 1679 cum
710 1641 731 1679 a
761 1654 864 1678 mano
893 1640 1031 1678 saecum
1063 1639 1129 1684 sit,

87 1695 189 1744 quod
205 1694 346 1732 bonum
370 1693 494 1731 dixere
513 1701 674 1737 veteres,
704 1692 780 1741 ejus
803 1700 935 1737 tamen>
953 1689 1126 1739 significa*

89 1746 147 1783 tus
175 1746 228 1783 vis
256 1744 394 1783 diversa
422 1743 470 1781 est
498 1744 535 1781 &
565 1753 773 1792 permagna.
801 1751 839 1780 ut
858 1741 1048 1779 immanem
1067 1741 1130 1789 hy—

88 1796 214 1840 drum3
243 1795 397 1833 immane
407 1794 571 1842 facinus,
600 1796 637 1831 &
659 1792 886 1830 inamabilem
906 1792 996 1830 dixit
1007 1793 1130 1840 Virgi-

85 1846 154 1885 lius
172 1847 324 1895 Stygiam
340 1844 502 1894 paludem
516 1873 527 1889 ,
554 1856 636 1881 earn
659 1844 790 1881 scilicet
812 1842 1009 1881 secundum
1023 1855 1130 1880 amo-

89 1898 135 1934 ris
156 1897 400 1945 privationem
420 1897 610 1934 detestatus
625 1922 634 1938 ,
662 1903 703 1933 ut
714 1896 762 1933 ait
775 1894 925 1932 Gellius.
952 1895 1030 1942 Qui
1044 1893 1129 1931 Ho-

92 1958 236 1984 merum
255 1958 406 1996 quoque
426 1958 502 1985 non
525 1946 715 1984 virtutibus
728 1945 948 1993 appellandis
962 1973 971 1989 ,
1000 1943 1058 1982 sed
1075 1946 1129 1982 vi-

95 1996 154 2032 tiis
190 1996 414 2034 detrahendis
453 1996 597 2035 laudare
626 1995 793 2045 ampliter
821 1996 935 2033 solere
963 1995 1131 2033 affirmat.

97 2045 200 2082 Utin
214 2046 346 2082 1.lliad.
372 2045 481 2084 Ηύδοι
494 2050 623 2092 μάντις
636 2047 794 2093 ἀμύμων.
823 2047 928 2084 Haec
938 2055 1060 2084 autem
1075 2057 1129 2083 ra-

96 2095 151 2133 tio
180 2094 206 2132 fi
234 2095 408 2144 deplorati
437 2100 648 2146 quempiam
671 2096 810 2146 ingenii
832 2096 851 2134 a
873 2097 1055 2145 susceptae
1076 2096 1130 2134 se-

96 2145 172 2183 mel
201 2144 432 2194 persuasionis
460 2159 540 2184 arce
569 2159 646 2186 non
675 2148 874 2197 dejecerit,
903 2148 1129 2185 Ciceronem

94 2195 157 2234 lib.
172 2209 196 2233 r.
219 2196 264 2233 de
285 2194 457 2244 Legib.8.
484 2208 633 2246 quoque
654 2198 818 2237 dabimus
833 2227 843 2243 ‚
869 2209 983 2248 quem
1010 2197 1051 2245 <fi
1065 2197 1131 2236 diis

94 2246 229 2295 placet)
261 2254 422 2294 arguant.
470 2247 605 2292 Nulla,
637 2249 777 2297 inquit,
810 2263 891 2299 gens
921 2248 988 2294 est,
1025 2262 1132 2299 neque

92 2307 170 2335 tam
188 2297 421 2344 immansueta
435 2325 445 2342 ,
473 2309 578 2347 neque
588 2307 661 2336 tam
673 2301 754 2346 fera
769 2327 779 2344 ,
806 2313 894 2349 quae
907 2312 988 2345 non,
1000 2298 1136 2347 etiamst

96 2349 246 2396 ignoret,
275 2348 412 2397 qualem
435 2354 550 2385 Deum
571 2348 686 2386 haberi
704 2350 839 2394 deceat,
866 2361 989 2388 tamen
1003 2350 1135 2387 haben-

97 2400 183 2435 dam
204 2399 307 2446 sciat.
347 2399 453 2436 Sexta
472 2397 583 2447 porro
603 2399 747 2437 afflone
767 2402 804 2437 in
823 2399 978 2438 Verrem
993 2429 1003 2444 ‚
1033 2410 1135 2439 vete-

98 2461 175 2487 rem
196 2449 294 2486 illam
314 2450 350 2486 in
371 2450 492 2487 Aetna
514 2449 631 2487 Sicula
644 2450 853 2499 Cyclopum
875 2451 1136 2488 immanitatem

98 2500 260 2537 vocavit.
313 2500 382 2536 Sed
414 2502 452 2537 &
470 2499 697 2548 Pomponius
712 2528 723 2545 ,
751 2499 897 2537 Tauros
919 2501 1135 2548 Scytharum

97 2550 255 2600 populos
290 2549 414 2588 solitos
450 2561 516 2598 pro
553 2551 712 2588 viciimis
745 2550 903 2589 advenas
934 2549 1137 2589 interficere

98 2600 217 2650 (quod
245 2599 366 2648 paullo
395 2599 416 2637 a
440 2600 651 2638 mandendo
676 2601 794 2646 abest,
822 2602 871 2638 ait
891 2599 1041 2639 Plinius)
1060 2601 1138 2640 satis

93 2650 319 2690 detestabiles
346 2651 590 2701 infandosque
621 2652 810 2689 monstrari
835 2661 936 2700 putat
959 2680 968 2697 ,
1006 2654 1136 2690 imma-

102 2714 159 2739 nes
176 2701 253 2739 illos
276 2713 424 2739 vocans.
453 2703 550 2739 Nam
573 2701 598 2739 fi
616 2702 840 2750 immansueti
858 2702 1136 2752 levislignifica-

97 2752 153 2790 tio
172 2752 328 2799 putanda
348 2752 397 2789 est
410 2780 420 2796 ,
447 2751 550 2800 quod
570 2752 590 2788 a
613 2754 787 2800 mansueto
807 2752 1026 2797 deducatur„
1057 2768 1135 2793 non

99 2802 199 2850 secus
229 2802 361 2839 exilem
390 2803 426 2839 in
444 2802 617 2846 immani,
647 2803 748 2852 quod
771 2802 790 2839 a
813 2816 915 2840 mano
939 2803 1002 2849 fit,
1030 2814 1136 2854 pote-

98 2852 225 2890 statem
258 2853 483 2900 interpretari
511 2853 644 2891 licebit.
696 2853 791 2891 Usus
823 2854 911 2891 vero
931 2855 978 2892 est
999 2856 1134 2895 eodem

99 2902 290 2951 epitheto,
326 2903 428 2950 quod
455 2904 604 2952 quidem
635 2904 762 2948 sciam,
799 2914 930 2953 quarto
959 2918 1135 2956 quoque,

99 2964 170 2991 nec
201 2964 276 2990 non
306 2951 438 2990 ultimo
466 2953 681 2998 volumine,
717 2966 839 3003 neque
871 2956 1007 2995 diversa
1035 2956 1136 3003 fere,

99 3015 220 3053 neque
243 3003 363 3040 minus
376 3005 476 3050 gravi
496 3003 758 3053 significatione
782 3007 817 3042 in
838 3006 936 3050 aliis,
964 3007 1077 3056 quarn
1097 3010 1135 3046 in

98 3053 333 3102 Polyphemo
355 3053 418 3090 hic
437 3056 880 3103 congruerejudicaverit.
911 3059 963 3095 Ut
981 3061 1137 3097 verearis

99 3105 244 3152 potius,
271 3104 315 3140 ab
333 3103 559 3153 immansueti
582 3116 675 3142 voce
698 3105 917 3153 Polyphemi
940 3110 1137 3154 feritatem,

99 3153 418 3203 prodigiosamque
445 3155 605 3202 corporis
631 3155 858 3199 vastitatem,
886 3160 1140 3207 magnitudine

100 3203 253 3251 superari
279 3204 393 3254 quam
429 3205 590 3242 exilitate
619 3205 785 3252 deprimi.
832 3207 913 3243 Nec
933 3209 1139 3256 expreffiim

102 3263 179 3291 uno
208 3254 318 3291 verbo
349 3254 463 3293 levius
478 3283 488 3299 ‚
516 3255 617 3303 quod
643 3256 686 3292 ab
707 3257 878 3292 Homero
898 3255 1040 3295 duobus
1061 3261 1141 3297 fue·

100 3303 169 3350 rit,
197 3303 377 3354 Odysseae
400 3305 605 3356 Rhapsodia
623 3304 832 3355 K.J(ss.199.
860 3306 969 3346 Unde
981 3308 1142 3349 Ovidius

2070 878 2225 952 (Quae

1183 1031 1276 1071 haec
1293 1032 1466 1082 accepisse
1487 1032 1651 1078 videtur;
1683 1033 1765 1072 cum
1786 1035 1823 1072 in
1847 1034 2001 1084 Aegaeo
2018 1035 2143 1075 littore
2163 1049 2228 1076 ve-

1185 1085 1272 1121 ritos
1297 1084 1439 1122 scrutari
1463 1084 1615 1122 insulam
1650 1085 1768 1123 Ulixis
1789 1086 1906 1123 socios
1926 1084 2029 1124 fuisse
2048 1088 2119 1132 ait,
2147 1088 2229 1125 An-

1184 1135 1322 1182 tiphate
1335 1135 1592 1184 Laestrygonis
1604 1136 1697 1183 gesta
1711 1164 1721 1180 ,
1749 1137 1963 1173 violentiam
1971 1149 2042 1186 que
2054 1138 2229 1189 Cyclopis

1185 1186 1310 1232 magni
1332 1186 1469 1230 animi,
1499 1185 1747 1235 androphagi,
1775 1186 2069 1225 reminiscentes:

1235 1238 1476 1280 Μυησεεμένας
1495 1236 1600 1280 ἔργων
1621 1240 1860 1281 Λαιςρυγὸνος
1883 1233 2115 1283 &wimar-sco
2131 1266 2142 1283 ‚

1235 1285 1435 1329 Κύκλωπός
1457 1299 1498 1323 τε
1515 1285 1595 1331 βίης
1614 1289 1887 1332 μεγαλήτορος,
1915 1283 2166 1335 εἰνδριφέγαιο.’

1181 1336 1399 1374 Meamne.
1416 1338 1594 1378 Accuns.
1624 1340 1658 1375 in
1673 1338 1854 1376 Diatri'nis.
1883 1340 2229 1386 ita,jer0ximman-

1174 1387 1361 1437 [uetusque
1382 1389 1441 1426 lib.
1463 1400 1514 1426 ιν.
1533 1401 1618 1437 237.

1234 1450 1319 1487 250.
1351 1444 1399 1474 Ire
1418 1438 1626 1488 negabamus
1641 1468 1648 1481 ‚
1675 1440 1734 1476 vel
1753 1442 1840 1476 reeta
1860 1440 1975 1488 ignota
1988 1439 2145 1490 subire]
2185 1440 2239 1479 In.

1187 1488 1329 1527 duobus
1356 1491 1446 1527 meis
1465 1517 1475 1534 ‚
1511 1491 1573 1527 Sed
1600 1492 1687 1527 tesia
1714 1491 1829 1538 ignota
1849 1491 1978 1540 subire.
2008 1491 2080 1528 Alii
2100 1503 2231 1540 perpe(

1187 1551 1263 1577 ram
1285 1541 1435 1589 legunt,
1469 1553 1511 1580 (φ
1534 1544 1633 1578 effla.
1669 1543 1835 1578 Croni-i.
1866 1541 1922 1578 Vel
1941 1543 2029 1578 reela
2052 1541 2086 1579 S.
2105 1542 2226 1580 Marci

1188 1591 1318 1629 codex.
1332 1591 1395 1639 sed
1416 1594 1502 1628 retia
1527 1592 1677 1629 Thuan.
1698 1592 1912 1640 Bernegger.
1933 1599 2014 1629 tert.
2036 1592 2175 1630 Medic.
2189 1593 2229 1630 &

1185 1641 1244 1679 alii
1274 1642 1422 1690 septem.
1451 1655 1509 1678 nec
1528 1645 1616 1679 tedia
1637 1643 1765 1679 Oxou.
1788 1643 1855 1680 sec.
1876 1643 1984 1680 Palat.
2006 1643 2043 1680 ὅ(
2065 1642 2124 1679 alii
2139 1654 2231 1691 qua-

1185 1700 1281 1729 tuor.
1309 1700 1400 1735 tres,
1436 1702 1500 1728 aut
1531 1695 1619 1729 tee‘la
1657 1694 1837 1742 ignotaque
1868 1695 1957 1729 tersia
1978 1703 2082 1730 unus.
2108 1693 2197 1730 alius
2218 1720 2230 1736 ‚

1186 1753 1230 1781 (φ
1251 1744 1340 1778 τεὸἰα
1363 1743 1518 1779 inimica.
1546 1744 1672 1793 reliqui
1688 1771 1697 1787 ‚
1725 1755 1768 1782 (φ
1785 1745 1873 1780 reeta
1892 1742 2135 1791 ignota.quod
2147 1753 2232 1779 mu·

1185 1801 1302 1830 tatum
1332 1793 1462 1830 nolim.
1491 1794 1589 1831 Vide
1620 1802 1723 1832 notas
1744 1794 1804 1831 lib.
1828 1794 1950 1836 xx.)(ls.
1969 1805 2055 1842 405.
2084 1792 2232 1832 Herus.

1183 1843 1264 1882 Pari
1284 1843 1401 1881 modo
1423 1843 1519 1892 apud
1538 1845 1735 1882 Maronem
1758 1841 1818 1881 lib.
1842 1856 1893 1881 ix.
1912 1845 1999 1892 609.

1538 1896 1703 1944 Versaque
1717 1893 1913 1943 juvencum

1238 1950 1342 1994 Terga
1357 1944 1554 1992 fatigamus
1571 1945 1681 1992 hasta.
1735 1945 1820 1983 Vid.
1841 1949 1884 1983 ad
1905 1944 1965 1982 lib.
1990 1956 2034 1982 Π.
2063 1955 2146 1995 743.

1235 2008 1321 2045 252.
1351 1996 1534 2045 Nimiique
1551 1994 1756 2045 Elpenora.]
1795 1995 1850 2033 Ex
1870 1996 2032 2034 Homeri
2053 1995 2230 2035 sententia

1186 2046 1326 2085 dictum
1342 2073 1352 2090 ‚
1377 2047 1442 2095 qui
1461 2046 1662 2084 undecimo
1682 2044 1868 2095 Odyss'eae
1885 2046 1993 2083 tradit
2006 2046 2229 2094 Elpenorem

1185 2097 1438 2135 immoderato
1467 2097 1557 2135 vino
1587 2098 1726 2135 ebrium
1750 2099 1787 2147 in
1810 2097 1928 2134 domo
1949 2097 2071 2133 Circes
2094 2108 2113 2133 e
2132 2097 2229 2135 scalis

1185 2146 1378 2191 decidisse,
1406 2160 1447 2185 ac
1474 2148 1583 2185 fradra
1613 2147 1697 2185 colli
1724 2147 1895 2195 june'tura
1926 2145 2075 2190 obiisse,
2114 2145 2230 2184 Ovid.

1186 2211 1240 2236 iv.
1274 2196 1449 2237 Tristium
1475 2209 1529 2247 13.
1557 2203 1612 2235 At
1631 2198 1731 2246 miser
1747 2198 1889 2246 Elpenor
1906 2199 1990 2234 teelo
2010 2196 2161 2246 delapsus
2183 2196 2229 2233 ab

1187 2247 1284 2292 alte,
1312 2250 1347 2287 δί
1372 2250 1409 2287 in
1434 2249 1513 2286 Ibin
1534 2249 1618 2296 485.

1241 2306 1339 2337 Neve
1352 2300 1480 2348 gradus
1497 2299 1601 2336 adeas
1621 2297 1780 2348 Elpenore
1798 2298 1932 2335 cautius
1944 2297 2052 2341 altos;

1295 2351 1439 2399 Vimque
1451 2355 1548 2398 feras
1570 2350 1650 2386 vini
1670 2363 1734 2399 quo
1755 2350 1836 2386 tulit
1855 2349 1913 2385 ille
1932 2348 2040 2386 modo.

1191 2401 1342 2439 Cous-r.
1373 2401 1468 2439 Fan.
1496 2401 1599 2438 Libri
1629 2409 1791 2444 veteres,
1828 2399 2030 2448 Elphenora.
2059 2399 2231 2439 Croni-r.

1193 2452 1422 2499 Nimiumque
1450 2450 1594 2500 Thyfii.
1624 2451 1676 2488 nil
1706 2457 1820 2488 muta.
1856 2450 1904 2486 fic
1932 2448 2038 2486 multi
2067 2450 2233 2487 Damalis

1192 2504 1279 2540 meri
1308 2501 1403 2549 apud
1436 2503 1636 2540 Horatium
1667 2501 1758 2538 libro
1787 2513 1813 2538 1.
1843 2500 1917 2537 Od.
1947 2511 2075 2537 xxxw.
2103 2509 2232 2539 tamen

1191 2553 1291 2590 idem
1320 2552 1412 2589 libro
1443 2566 1488 2590 11.
1524 2552 1611 2589 Ode
1638 2563 1707 2588 xri.
1745 2551 1908 2588 Nimium
1937 2561 2027 2586 mero
2057 2550 2232 2598 Hylaeum

1194 2603 1297 2641 dixit.
1324 2601 1468 2640 Hssms.
1494 2603 1632 2640 Sueton
1649 2616 1658 2636 i
1678 2602 1777 2650 Aug.
1796 2603 1854 2647 76.
1891 2600 1970 2638 Cibi
1993 2600 2132 2637 minimi
2156 2610 2234 2638 erat

1190 2664 1295 2701 atque
1314 2652 1471 2701 vulgaris
1492 2655 1578 2699 sere.
1599 2652 1796 2689 Columell.
1812 2664 1864 2689 vi.
1879 2663 1912 2688 2.
1942 2650 2055 2687 Multi
2074 2650 2163 2694 cibi,
2190 2662 2235 2691 ω’

1192 2705 1328 2747 edaces,
1355 2717 1480 2740 verum
1501 2705 1539 2740 in
1559 2702 1759 2748 conficiendo
1783 2701 1878 2739 lenti.
1906 2703 1955 2739 ita
1975 2709 2077 2739 vetus
2098 2702 2234 2747 codex,

1191 2755 1304 2804 vulgo
1334 2764 1378 2792 θ’
1398 2753 1583 2793 omilium.
1612 2753 1684 2792 vid.
1707 2754 1875 2791 Gronov.
1899 2752 1942 2790 ad
1963 2751 2054 2790 Plin.
2082 2764 2167 2790 xxv.
2196 2765 2233 2800 2.

1192 2806 1324 2844 Euam.

1244 2868 1330 2906 253.
1359 2855 1482 2905 Bisque
1502 2866 1625 2892 novem
1635 2854 1740 2904 fiicios
1761 2854 1904 2891 Circaea
1916 2853 1964 2890 ad
1975 2852 2108 2889 moenia
2124 2850 2231 2900 mist]

1193 2907 1383 2944 Homerus
1415 2905 1598 2955 Odyssea,
1636 2906 1765 2954 viginti
1798 2905 1890 2942 duos
1910 2916 1992 2940 cum
2018 2902 2231 2949 Eurylocho

1194 2956 1348 3000 miffos;
1385 2957 1446 2995 sed
1475 2957 1535 2994 vel
1566 2967 1643 2993 non
1672 2954 1874 2993 admodum
1905 2955 2043 2990 curarit
2073 2951 2232 2988 Ovidius

1194 3020 1280 3046 eum
1315 3020 1511 3045 numerum
1527 3035 1537 3051 ‚
1575 3007 1633 3044 vel
1656 3007 1744 3043 alios
1764 3005 1903 3042 secutus
1925 3002 1971 3039 est
1994 3000 2170 3038 auclores.
2197 3009 2235 3038 at

1193 3071 1247 3096 res
1272 3059 1320 3097 est
1348 3059 1478 3096 nullius
1506 3059 1702 3095 momenti.
1730 3056 1936 3092 GLAREAN.
1972 3051 2011 3088 ld
2031 3051 2127 3098 apud
2146 3051 2235 3097 Hoff

1195 3121 1339 3148 merum
1363 3111 1436 3146 hoc
1458 3108 1574 3146 modo
1596 3107 1735 3154 legitur.
1764 3105 1878 3153 Odys.
1903 3104 1947 3140 K.
1968 3112 2052 3146 207.

1248 3160 1311 3195 Εἰς
1333 3159 1363 3194 δ’
1386 3159 1476 3202 ἔθορε
1501 3158 1625 3201 κλῆρος
1642 3157 1887 3200 μεγαλήτορες
1906 3152 2137 3195 Εὐρῦλσχοιο·

1248 3210 1332 3250 Βῆ5’
1349 3207 1444 3252 ἰέναι,
1465 3208 1541 3252 ἅμα
1562 3210 1610 3252 ’τῷ
1633 3220 1674 3250 γε
1695 3207 1761 3241 δύω
1782 3209 1843 3240 xxi
1865 3206 1954 3245 ἕικσς
1971 3202 2108 3247 ἑταῖροι.
2137 3202 2210 3240 &c.

1200 3260 1282 3297 Nec
1304 3270 1478 3296 numerus
1497 3258 1610 3301 fallit,
1638 3264 1891 3305 praeterquam
1916 3256 1951 3292 in
1976 3262 2063 3290 uno.
2090 3254 2240 3290 Home-

1196 3321 1254 3348 rus
1285 3311 1385 3348 enim
1418 3308 1547 3356 viginti
1577 3307 1668 3346 duos
1700 3318 1784 3346 cum
1806 3305 2020 3356 Eurylocho
2041 3303 2086 3343 ad
2107 3304 2240 3392 Circebn

1376 3358 1566 3398 Eeeeee
1593 3370 1614 3396 2.
2181 3366 2201 3392 a
2228 3375 2246 3402 ·.
