2483 3616
306 133 1511 214 METAMORPHOSEON
1581 137 1724 192 L113.

1796 136 1901 198 Vt.

167 277 268 328 275
309 256 380 314 Et
404 255 631 313 mediam
658 249 848 304 tulerat
875 247 1073 320 gressus
1098 247 1341 319 resupina
1368 261 1464 318 per
1489 242 1710 324 urbem,

308 326 563 385 Invidiosa
588 323 720 384 suis;
762 335 814 375 at
846 339 988 376 nunc
1016 319 1310 376 miseranda
1335 318 1419 373 vel
1444 314 1613 376 host1;

312 398 644 470 Corporibus
669 394 856 467 gelidis
881 394 1171 456 incumbit3
1213 392 1269 445 δε
1295 391 1485 446 ordine
1509 389 1656 442 nullo

308 472 498 527 Oscula
527 468 785 541 dispensat
810 480 960 521 natos
989 468 1228 539 suprema
1256 483 1352 538 per
1378 479 1580 518 omnes,

304 548 357 598 A
382 544 571 612 quibus
604 542 671 596 ad
698 541 912 595 coelum
943 540 1156 594 liventia
1181 538 1392 593 brachia
1417 534 1673 599 tenden5‚

162 619 266 673 280
304 614 550 680 Paseere,
590 614 850 676 crudeliS,
887 613 1096 676 nostrO,
1132 612 1374 673 Latona,
1402 608 1623 669 dolore3

303 690 552 750 pascere,
593 688 662 741 ait
684 711 696 749 ;
737 687 966 759 satiaque
990 703 1115 740 meo
1141 698 1231 739 tua
1254 682 1470 757 peciora
1492 679 1663 735 luein:

307 762 563 836 [Corque
589 761 762 816 ferum
789 759 937 821 satia,
975 758 1136 812 dixit:
1176 775 1272 829 per
1296 757 1481 811 funera
1511 755 1753 825 septem]

306 834 551 889 Efferor:
593 834 818 893 exsultem
856 829 1151 902 vieti-ixque
1177 830 1390 883 inimica
1415 825 1696 898 triumpha.

306 908 421 963 Cur
446 922 623 962 autern
650 904 868 959 vidirix?
909 902 1127 957 miserae
1150 902 1280 955 mihi
1306 903 1454 974 plura
1480 899 1794 971 supersunt,

157 982 259 1050 285
300 981 478 1054 Quam
504 980 600 1035 tibi
623 978 778 1034 felici.
818 975 934 1048 post
962 987 1045 1028 tot
1075 991 1294 1047 quoque
1322 975 1506 1028 funera
1534 973 1711 1026 vinco,

310 1055 566 1117 Dixerat,
602 1049 832 1106 insonuit
859 1060 1118 1101 contento
1144 1064 1337 1100 nervus
1367 1046 1429 1099 ab
1454 1061 1607 1099 arcu:

306 1129 445 1200 Qui,
482 1138 690 1198 praeter
713 1120 926 1176 Nioben
951 1137 1139 1182 unam,
1164 1118 1464 1172 conterruit
1491 1133 1708 1173 omnes,—

301 1201 386 1254 Illa
419 1200 558 1253 malo
581 1196 654 1250 est
677 1194 862 1248 audax.
887 1193 1083 1247 stabant
1110 1210 1235 1245 cum
1262 1190 1489 1245 vestibus
1514 1189 1638 1244 atris

309 1274 454 1325 Ante
480 1285 626 1324 toros
650 1268 873 1322 fratrum
900 1263 1122 1319 demiffo
1149 1265 1297 1318 crine
1322 1263 1544 1317 sorores,

158 1365 261 1416 290
301 1345 348 1398 E
373 1343 560 1416 quibus
588 1358 719 1401 una,
761 1338 972 1393 trahens
1002 1337 1273 1391 haerentia
1299 1336 1498 1390 viscere
1523 1332 1666 1398 tela,⁴

301 1414 551 1488 Imposito
575 1412 751 1474 fratri,
787 1409 1108 1465 moribunda
1133 1409 1394 1479 relanguit
1420 1426 1530 1464 ore.

302 1490 512 1553 Altera,
547 1485 704 1541 solari
725 1483 969 1539 miseram
993 1495 1183 1539 conata
1210 1495 1518 1556 par-entem,

70 1697 201 1742 Corque
212 1693 330 1739 ferum
341 1689 439 1739 satia
452 1717 461 1733 ‚
490 1688 609 1732 dixit,
630 1695 690 1736 per
699 1688 830 1733 fimera
842 1686 995 1736 septem,

70 1745 206 1791 Efferor.
225 1742 239 1791 ]
280 1743 319 1778 ln
340 1740 482 1778 vetusto
502 1739 700 1786 exemplari
722 1737 770 1776 fic
793 1738 958 1786 descripti
972 1737 1052 1774 sunt

0 1823 1 1840 2
21 1791 60 1831 fii
77 1793 479 1841 versus,praeterquam
491 1790 592 1839 quod
608 1791 733 1838 satura
752 1789 911 1827 secundo
924 1787 1056 1825 inloco

0 1846 1 1890 l
21 1843 188 1891 seriptum
208 1847 266 1881 est.
295 1847 428 1891 Corque
440 1843 558 1886 ferum
571 1842 709 1887 satura.
755 1839 871 1889 Quod
891 1838 915 1876 sl
937 1839 1057 1875 minus

21 1894 136 1932 limati
158 1891 228 1930 effe
258 1893 425 1930 videntur
446 1920 456 1936 ,
497 1890 775 1928 meminerimus
804 1901 896 1938 opus
926 1889 969 1926 ab
993 1901 1057 1926 au-

23 1943 123 1981 &ore
145 1943 208 1981 suo
229 1955 304 1981 non
324 1941 425 1980 fuisse
438 1942 660 1990 castigatum,
674 1952 795 1989 eoque
814 1940 904 1977 nihil
916 1949 1057 1977 temere

0 2017 2 2036 1
22 1994 252 2031 mutandum.
295 1994 459 2030 Remus.
510 1997 643 2040 Corque
673 1993 787 2036 ferum
819 1991 915 2039 satia
953 1989 1059 2026 dixit.

0 2044 126 2080 {Dixit
161 2055 237 2081 non
267 2052 407 2081 temere
435 2044 629 2091 repetitum
659 2070 669 2086 ,
708 2054 793 2079 curn
832 2039 1056 2089 praecesserit

1 2096 2 2129 l
22 2095 192 2140 proxime
213 2093 292 2130 Ait.
311 2105 358 2130 ne
375 2093 492 2130 leesor
513 2100 654 2141 putaret
675 2093 748 2140 iam
768 2092 873 2141 loqui
890 2094 1057 2139 poetam.

1 2144 3 2175 l
23 2142 73 2180 :lic
90 2143 193 2191 Virg.
220 2155 273 2180 xv.
291 2143 376 2191 659.

2 2218 3 2222 =
77 2192 183 2230 Dixit
197 2220 207 2236 ,
234 2204 277 2231 (φ
296 2207 328 2229 05
346 2193 496 2243 impreffa
515 2192 610 2230 thoro
623 2221 633 2237 ,
660 2193 847 2231 moriemur
864 2190 998 2229 inulti?

2 2265 3 2268 =
77 2243 141 2279 Sed
161 2244 374 2286 moriamur,
396 2244 460 2280 ait.
487 2244 694 2282 GLAREAN.

2 2291 70 2331 *In
98 2305 185 2331 meo
210 2294 440 2341 antiquiore,
466 2294 609 2336 Urfini,
638 2296 676 2332 ὃς
705 2294 899 2331 Dominic.
919 2299 1058 2329 Satura.

3 2358 4 2367 ¹
24 2343 87 2381 Ad
105 2344 205 2381 hunc
222 2351 344 2380 autem
374 2343 500 2380 locum
529 2344 681 2392 respexit
700 2345 836 2382 Seneca
858 2346 894 2381 in
920 2343 1060 2391 Oedipi

26 2395 162 2431 choro:
192 2394 255 2429 Sed
266 2394 377 2441 juvat
392 2393 472 2442 ipfizs
487 2394 621 2442 satiare
639 2400 736 2431 Deos.
762 2395 842 2431 Post
858 2395 957 2431 hunc
980 2406 1061 2430 ver-

24 2443 103 2481 sum
125 2445 163 2481 in
190 2444 367 2481 ambobus
396 2444 509 2487 ineis,
536 2444 745 2487 Vaticanis,
773 2444 855 2480 Urs.
883 2444 1062 2480 Domini-

27 2505 120 2532 cano
140 2494 273 2543 legitur
299 2495 358 2531 hic
385 2494 493 2537 alius,
511 2495 586 2531 hoc
612 2493 752 2531 modo:

475 2543 543 2593 post
562 2546 693 2590 funera
712 2544 861 2592 septem,

76 2599 173 2632 Dum
189 2603 271 2644 pars
296 2594 405 2642 nostra
421 2595 512 2642 jacet
529 2606 592 2638 ‚ey
613 2594 698 2630 dum
712 2603 770 2642 per
781 2596 912 2641 funera
922 2596 1061 2642 septem.

29 2643 72 2682 In
91 2645 151 2682 lib.
169 2647 322 2693 Capran.
350 2644 478 2682 eadem
508 2657 621 2682 manu
641 2646 678 2681 in
708 2656 771 2681 ora
791 2644 966 2692 repositus
987 2644 1035 2685 est
1052 2657 1060 2680 :

30 2697 153 2744 Quem
175 2696 249 2733 hoc
269 2695 419 2744 quidem
450 2696 536 2733 loco
556 2707 627 2732 una
656 2706 740 2731 cum
762 2694 870 2731 Petro
890 2693 1034 2731 Galefio
1049 2721 1059 2737 ,

29 2747 108 2783 viro
131 2747 280 2794 ingenio
308 2747 511 2790 acerrimo,
541 2746 579 2782 &
607 2745 813 2782 eruditione
840 2745 1061 2793 praestante,

29 2796 282 2844 reponendum
300 2797 427 2834 sentio.
481 2797 521 2833 ln
543 2795 694 2833 Abbatis
711 2795 779 2832 est:

80 2852 211 2895 Corque
222 2848 340 2892 fiet-um
353 2846 448 2894 satia
462 2863 473 2883 .·
500 2857 543 2886 (φ
559 2846 644 2882 dum
660 2856 718 2894 per
727 2847 858 2891 funera
871 2843 1009 2894 septem.

35 2897 149 2944 Quod
163 2924 171 2939 ‚
189 2896 252 2933 etsi
272 2897 366 2934 male
385 2898 542 2934 omnino
563 2924 574 2940 ‚
602 2896 758 2934 ostendit
776 2904 899 2932 tamen
922 2894 941 2932 a
960 2895 1065 2933 libra-

30 2947 91 2983 riis
109 2955 262 2984 erratum
276 2975 287 2990 ,
314 2947 375 2994 qui
389 2959 492 2990 ,cum
514 2947 656 2984 versum
669 2974 679 2990 ‚
702 2951 834 2996 Corque
845 2946 979 2992 ferum,
992 2947 1065 2984 δῖε.

31 2995 181 3032 scribere
209 2996 408 3040 debebant,
436 2997 481 3034 ad
502 2997 714 3046 sequentem
744 3005 892 3044 propter
911 2998 1065 3034 verbum

34 3050 163 3091 Septem
185 3044 206 3081 a
234 3047 353 3092 po'e'tis
381 3047 432 3084 bis
452 3047 608 3094 positum
625 3075 635 3091 ,
667 3056 807 3084 temere
827 3047 954 3084 oculos
973 3048 1067 3096 reje-

36 3102 186 3130 cerunt:
213 3095 267 3132 Illi
288 3095 399 3140 vero,
425 3099 489 3144 qui
519 3097 661 3134 versum
688 3098 814 3140 illum,
842 3098 905 3144 qui
935 3098 971 3134 in
991 3106 1066 3136 vet.

34 3143 128 3180 libro
145 3144 215 3185 est,
243 3147 463 3189 omiserunt,
490 3157 615 3184 contra
633 3148 810 3184 fecerunt.
847 3148 1066 3185 Cromnos.

37 3193 137 3230 Cum
157 3192 208 3228 ait
224 3193 299 3241 jam
323 3192 546 3241 praecesserit
557 3224 568 3241 ,
596 3196 755 3233 otiosum
768 3197 816 3233 est
830 3197 905 3233 hoc
922 3198 1010 3235 loco
1024 3200 1066 3234 τὸ

34 3242 140 3282 dixit.
166 3244 430 3292 quaretollatur
448 3257 534 3284 meo
555 3246 718 3295 periculo
737 3246 799 3284 hic
809 3246 1080 3296 versus,quemv

1985 1572 1990 1575 ’
2007 1554 2166 1611 Con-v

1111 1681 1320 1721 commenti
1351 1680 1433 1720 sunt
1452 1709 1462 1726 ,
1501 1683 1565 1732 qui
1593 1695 1671 1722 non
1697 1681 1947 1733 intelligebant
1975 1691 2158 1733 quantum

1113 1734 1199 1772 effet
1226 1733 1403 1770 acuminis
1431 1734 1467 1770 in
1497 1734 1583 1778 illo,
1612 1734 1752 1783 Efferor.
1784 1734 1850 1772 nisi
1871 1734 1988 1772 mavis
2009 1746 2158 1783 praece-

1114 1785 1264 1823 dentem
1289 1783 1382 1821 tolli.
1411 1784 1583 1822 alteruter
1603 1793 1701 1823 certe
1722 1785 1771 1823 est
1788 1784 2031 1823 amovendus.
2059 1784 2160 1822 Nam

1112 1837 1251 1923 Erimus
1284 1833 1466 1873 Palatinus
1501 1847 1569 1884 pro
1616 1835 1807 1884 posteriori
1847 1837 1947 1874 hunc
1973 1835 2161 1873 substitue-

1139 1894 1197 1930 at,

1165 1942 1264 1973 Dum
1277 1945 1361 1986 pars
1382 1935 1493 1983 nostra
1507 1936 1602 1985 jacet
1615 1965 1626 1982 ,
1653 1938 1791 1977 &dum
1808 1945 1864 1986 per
1873 1937 2005 1983 funera
2017 1941 2161 1987 septem.

1112 1989 1176 2075 qui
1198 1988 1236 2025 in
1264 1988 1427 2037 plurimis
1456 1989 1680 2026 membranis
1709 1989 1830 2027 exstat.
1854 1987 1920 2026 nisi
1946 1988 2051 2036 quod
2076 1989 2160 2037 qui-

1138 2050 1219 2076 am:
1772 2048 1775 2050 ·

1163 2094 1261 2126 Dum
1276 2090 1359 2138 pari
1380 2103 1451 2127 una
1466 2090 1559 2139 jacet
1577 2101 1620 2129 (φ’
1638 2089 1724 2126 dum
1749 2098 1806 2137 per
1822 2087 1972 2125 vulnera
1986 2088 2123 2136 fhptem.

1113 2139 1327 2177 Heinsius,
1380 2142 1525 2179 Verum
1557 2139 1626 2177 effe
1658 2140 1760 2188 quod
1780 2139 1978 2176 Glareanus
1997 2140 2168 2183 notavit,-

1108 2190 1211 2237 saepe
1233 2192 1349 2240 repeti
1362 2193 1403 2228 τῦ
1432 2192 1551 2235 dixit,
1572 2192 1610 2229 &
1632 2191 1686 2227 ait
1701 2219 1711 2235 ,
1736 2191 1859 2227 &hoc
1880 2188 1990 2226 docet
2010 2189 2158 2226 Servius

1112 2242 1157 2278 ad
1170 2241 1273 2290 Virg.
1295 2255 1357 2279 111.
1378 2241 1623 2288 AEneid.480.
1653 2239 2058 2284 vid.&inf.1ib.x.412.
2086 2251 2156 2288 pro

1108 2293 1240 2341 pascere
1261 2293 1543 2339 dolore,mallem
1559 2304 1666 2336 ,curn
1688 2303 1765 2328 uno
1786 2289 1957 2327 Leidenfi
1974 2290 2012 2326 &
2033 2289 2159 2327 Medi-

1117 2354 1206 2387 ceo,
1234 2356 1369 2387 cruore,
1398 2345 1483 2392 quia
1503 2355 1593 2380 mox
1616 2342 1710 2377 lustu
1731 2341 1902 2389 sequitur.
1921 2339 2161 2388 conquestio-

1116 2404 1202 2429 nem
1227 2393 1321 2430 hanc
1351 2403 1546 2441 parentum
1565 2392 1737 2430 affiduam
1758 2390 1943 2428 illustravit
1963 2390 2039 2436 Jac.
2060 2390 2158 2427 Gro-

1117 2454 1206 2480 nov.
1227 2444 1355 2480 ultima
1373 2444 1418 2481 ad
1440 2444 1521 2481 Lib.
1539 2456 1568 2480 1.
1592 2442 1777 2479 Herodoti
1800 2450 1898 2478 nota.
1927 2440 2057 2478 Bunm.

1168 2492 1253 2529 286.
1281 2494 1456 2538 Dixerat,
1484 2492 1698 2542 &fhnuitfl
1738 2491 1893 2540 Insonuit
1921 2491 2098 2528 Arondel.
2117 2492 2158 2529 δε

1119 2553 1212 2580 unus
1243 2543 1434 2581 Patavinus
1457 2572 1467 2587 ,
1502 2544 1661 2581 omnino
1692 2542 1836 2580 10611113.
1874 2542 2044 2591 Exsonuit
2063 2553 2158 2580 unus

1120 2604 1224 2630 meus
1238 2621 1247 2636 ,
1264 2594 1360 2631 forte
1375 2622 1385 2638 ‚
1407 2607 1449 2630 en
1470 2595 1592 2641 sonuit.
1613 2595 1755 2630 Hiems.

1168 2643 1254 2680 288.
1285 2643 1352 2680 Illa
1373 2644 1470 2681 modo
1491 2644 1533 2690 est
1553 2644 1710 2694 audax.]
1729 2646 1768 2681 ln
1786 2643 1964 2692 antiquis,
1989 2641 2055 2679 Illa
2065 2644 2159 2680 ‘malo

1116 2693 1159 2740 est
1194 2694 1326 2731 audax.
1356 2695 1574 2732 Cromnos.
1629 2694 1696 2731 Illa
1732 2695 1836 2731 malis
1872 2694 1993 2730 audax
2014 2695 2176 2741 Juniaxh'·

1117 2746 1156 2781 ὃς
1177 2753 1337 2794 excerpt.
1359 2746 1509 2783 Hercul.
1528 2746 1611 2789 alii,
1644 2745 1763 2782 audax
1784 2745 1848 2781 illa
1869 2745 1959 2781 malo
1977 2746 2031 2792 est.

1167 2795 1252 2842 289.
1280 2800 1378 2833 Ante
1399 2806 1486 2833 toros
1504 2796 1708 2846 fratrum]
1757 2795 1921 2844 Quidam
1944 2796 2044 2833 hunc
2063 2808 2161 2845 quo-

1118 2857 1190 2894 que
1208 2846 1334 2884 locum
1354 2847 1553 2895 depravant
1567 2875 1576 2891 ,
1600 2855 1767 2895 putantes
1792 2847 1906 2895 magis
1937 2860 2026 2895 rogos
2046 2858 2159 2895 quam

1119 2907 1206 2932 toros
1226 2894 1295 2933 esse
1313 2897 1510 2946 legendum
1528 2926 1538 2942 ‚
1566 2910 1649 2935 cum
1683 2907 1770 2934 toros
1801 2899 1850 2935 ita
1872 2898 1994 2946 exigat
2017 2897 2132 2933 sensus
2146 2922 2158 2939 ,

1119 2954 1160 2983 ut
1182 2961 1271 2996 rogos
1292 2949 1395 2985 nullo
1422 2948 1562 2998 prorsus
1597 2948 1715 2986 modo
1743 2947 1924 2998 agnoscat.
1976 2946 2158 2983 Nondum

1122 2998 1223 3034 enim
1245 2999 1325 3047 rogi
1343 2999 1487 3037 fuerant
1508 2999 1674 3037 exstruffi
1688 3000 1762 3043 f&
1776 3010 1868 3036 unus
1888 2996 2058 3034 omnibus
2079 2996 2159 3031 satis

1119 3046 1189 3084 effe
1209 3057 1362 3096 poterat.
1417 3052 1584 3088 Rmms.
1611 3050 1699 3087 Vid.
1720 3050 1765 3088 ad
1784 3050 1844 3088 lib.
1863 3059 1916 3085 11.
1933 3048 2160 3083 Amonxxv.

1121 3109 1181 3147 39.
1202 3102 1238 3135 &
1260 3099 1305 3136 ad
1325 3100 1425 3149 Eleg.
1445 3102 1484 3138 in
1505 3100 1609 3139 Drus.
1629 3102 1712 3147 464.
1797 3147 1800 3149 μ
2042 3146 2048 3151 ¹

1172 3149 1255 3196 289.
1283 3151 1430 3198 Demiffl’
1471 3151 1609 3199 crine]
1658 3149 1800 3197 Dimiffo
1835 3147 1979 3185 codices
2004 3144 2160 3194 aliquot.

1123 3198 1335 3247 Hartungus
1353 3200 1531 3240 decunn.
1550 3212 1628 3250 cap.
1648 3200 1864 3248 n.lcgebat‚
1891 3195 2176 3247 demeff0.ma1e.-

1122 3259 1177 3285 vx.
1198 3248 1288 3287 Fast.
1307 3261 1404 3299 441.-

2057 3301 2165 3344 ,Atteff
