2483 3616
206 175 309 235 682

674 180 736 237 P.
811 174 1228 236 OVIDII
1298 174 1830 233 NASONIS

507 278 820 336 Sistrorum:
863 277 1204 349 memorique
1228 275 1409 331 animo
1438 287 1530 329 tua
1555 274 1682 348 juffa
1704 275 1907 331 notavi.
2072 326 2074 328 .

516 353 687 426 Quod
712 352 861 408 videt
890 354 1019 407 haec
1044 352 1250 413 lucem,
1275 348 1425 422 quod
1452 365 1563 403 non
1589 367 1693 421 ego
1718 349 1914 422 punior
1940 348 2079 422 ipsa:

504 426 802 481 Consilium
842 425 1220 495 monitumque
1246 434 1402 476 tuum
1425 420 1517 475 est.
1553 421 1803 476 miserere
1829 423 2088 488 duarum,

367 498 470 567 780
507 499 839 571 Auxilioque
861 499 999 569 juva.
1039 495 1286 550 lacrimae
1310 495 1429 548 sunt
1453 493 1614 546 verba
1641 493 1869 554 secutae.

516 572 641 626 Visa
667 572 785 627 Dea
809 572 884 626 est
910 568 1130 625 movifl'e
1153 567 1264 619 suas
1307 568 1328 634 (
1344 565 1401 617 &
1427 570 1708 626 moverat)
1748 583 1874 623 aras,

513 644 587 699 Et
614 645 800 716 templi
832 658 1102 698 tremuere
1125 639 1299 699 foreS‚

1335 635 1536 689 imitata
1580 653 1648 689 ue
1675 636 1893 694 Lunam

513 716 737 772 Cornua
763 716 1049 775 fulserunt3
1089 709 1406 781 crepuitque
1430 707 1556 762 sona
1595 708 1665 763 ile
1689 708 1910 765 sistrum.

511 790 641 844 Non
665 788 844 843 secura
865 786 1086 860 quidem
1102 822 1118 847 ‚
1152 781 1321 836 fausto
1347 794 1527 836 tamen
1551 781 1733 837 omine
1759 783 1895 838 laeta

363 863 464 933 785
506 862 688 917 Mater
714 860 822 912 abit
848 859 1067 929 templo,
1106 854 1344 927 sequitur
1372 871 1555 908 comes
1580 854 1719 926 Iphis
1745 868 1997 921 euntem,

512 933 695 1007 Quam
726 932 874 987 solita
898 931 1004 996 est,
1042 927 1243 999 majore
1267 926 1462 1001 gradu:
1504 944 1605 984 nec
1632 927 1836 986 candor
1864 930 1919 986 in
1945 949 2041 987 ore

220 1196 338 1225 meus.
363 1183 431 1222 nifi
452 1182 870 1233 mavis‚refhnantiaque
889 1196 972 1221 aera
993 1193 1078 1222 cum
1091 1193 1169 1221 uno
1180 1180 1273 1218 Mo-

220 1238 301 1276 reti.
328 1237 444 1281 infra,
472 1236 664 1286 crepuitque
684 1235 840 1286 fhnabile
857 1234 1012 1285 fistrum.
1040 1233 1089 1272 fic
1120 1235 1157 1271 δί
1180 1233 1274 1270 Pro-

220 1288 341 1337 pertio
362 1287 423 1324 lib.
443 1299 507 1325 111.
536 1300 587 1325 1x.
610 1298 670 1336 43.
706 1286 874 1335 crepitans
894 1284 1048 1335 fistrum.
1091 1284 1124 1321 S.
1153 1283 1273 1320 Marci

220 1338 340 1376 codex
361 1336 381 1374 a
403 1350 518 1376 manu
543 1339 662 1387 prima
689 1339 727 1375 δε
746 1349 839 1375 unus
861 1337 1007 1374 Bonon.
1045 1335 1202 1385 finitum
1222 1347 1272 1369 co-

223 1388 551 1436 mitesquesacetas.
604 1389 716 1426 Forte
750 1389 861 1426 etiam
895 1388 1157 1425 scribendum:
1196 1384 1276 1421 vidi

221 1440 366 1490 Visaque
385 1440 535 1488 cognovi.
571 1439 626 1477 Ut
645 1439 747 1488 supra
768 1439 845 1486 196.
865 1438 1040 1488 Praesepia
1059 1436 1161 1480 vidi,
1181 1435 1276 1484 Visa·

219 1504 284 1541 que
327 1489 440 1538 dejeci.
486 1491 698 1528 Hfimsws.
751 1489 988 1540 Comitesque‚
1003 1490 1189 1537 facesque,
1219 1487 1276 1534 β·

222 1540 515 1592 numque,quod
528 1542 665 1590 recepit
684 1540 879 1585 Heinsius,
909 1551 984 1579 erat
1002 1541 1038 1579 in
1060 1538 1275 1587 juniano&

225 1593 311 1630 alio.

274 1643 358 1690 778.
386 1643 495 1692 Qod
517 1643 617 1682 videt
647 1643 728 1680 haec
758 1643 894 1687 lucem,
933 1641 1025 1691 quod
1051 1653 1119 1678 non
1136 1654 1189 1690 ego
1203 1649 1269 1690 pu-

224 1693 301 1731 nior
322 1694 433 1744 ipsa.]
472 1695 543 1733 Sed
573 1706 643 1733 nec
661 1696 722 1732 hic
741 1694 848 1743 plane
869 1705 930 1731 me
952 1692 1112 1741 explico.
1163 1691 1269 1740 Qod

222 1758 291 1781 non
314 1758 367 1793 ego
383 1745 510 1793 punior
534 1746 616 1795 ipsa.
652 1754 776 1783 utrum
799 1744 903 1795 quod
924 1755 995 1791 ego
1018 1743 1090 1791 ipsa
1100 1754 1178 1780 non
1202 1755 1269 1791 pu-

222 1796 324 1840 niar,
350 1796 523 1834 videlicet
553 1795 658 1845 quod
680 1798 754 1834 hoc
776 1797 950 1833 maritum
974 1793 1194 1838 celaverim,
1222 1804 1268 1831 an

222 1845 321 1895 ipsei,
346 1855 495 1895 propter
522 1847 646 1894 ipsam.
702 1847 748 1884 Et
775 1847 866 1884 haec
891 1845 1041 1895 quidam
1067 1843 1092 1881 fi
1116 1843 1269 1882 fortaffis

221 1896 440 1945 quibusdam
461 1896 634 1934 felicioris
658 1897 796 1946 ingenii
828 1896 1042 1934 hominibus
1070 1895 1270 1933 leviuscula

221 1947 469 1990 videbuntur,
497 1959 566 1985 nec
585 1948 695 1997 digna
722 1949 965 1985 annotatione
980 1975 990 1991 ,
1031 1946 1136 1984 nobis
1158 1945 1270 1995 stupi-

222 1997 408 2043 dioribus,
437 1999 477 2036 δε
501 1998 565 2047 qui
584 1999 721 2046 ubique
750 1999 855 2036 facile
873 2000 1089 2042 haeremus,
1117 1998 1268 2035 veniam

220 2047 380 2092 dabunt,
407 2049 559 2099 quando
581 2050 626 2086 A.
649 2050 789 2087 Gellius
803 2078 812 2094 ‚
828 2051 866 2087 δε
883 2049 992 2098 paulo
1013 2056 1098 2085 ante
1109 2048 1267 2086 nostram

220 2108 380 2137 aetatem
401 2100 623 2138 Laurentius
649 2100 755 2138 Valla
782 2101 830 2138 de
862 2101 1009 2149 Lingua
1036 2100 1169 2137 Latina
1188 2111 1269 2137 me-

220 2150 378 2189 ritiffimi
407 2150 591 2200 quaedam
623 2151 722 2188 haud
749 2150 930 2189 dissimilia
949 2149 1169 2188 traetarunt:
1199 2162 1268 2188 nos

219 2200 268 2239 ad
287 2201 355 2239 alia
374 2213 626 2251 properamus.
654 2203 864 2240 GLAREAN.
919 2203 960 2239 In
983 2201 1136 2239 Caelest.
1163 2201 1269 2248 Quod

222 2264 317 2288 nunc
336 2280 347 2297 ,
374 2263 448 2292 <9⁶6-
502 2252 545 2290 In
567 2264 645 2292 uno
666 2265 755 2291 meo
769 2282 779 2298 ‚
812 2253 917 2303 Qcod
937 2265 1005 2289 non
1027 2265 1080 2300 ego
1095 2260 1202 2300 ponor
1227 2251 1267 2288 in

221 2303 346 2349 ignem.
384 2304 604 2342 Crorauus.
657 2305 784 2344 Locus
812 2304 1021 2343 mendosus.
1042 2302 1170 2352 punior
1198 2316 1267 2340 ecce

223 2352 386 2392 Florent.
426 2355 460 2393 S.
493 2355 610 2393 Marci
647 2356 686 2393 &
717 2367 810 2394 unus
841 2356 987 2393 Bonon.
1034 2366 1120 2392 cum
1159 2354 1267 2401 prim.

228 2403 434 2453 Hamburg.
465 2407 503 2443 ὅ(
535 2418 614 2444 uno
643 2405 748 2444 Voss.
779 2413 890 2444 Ponor
917 2407 956 2444 in
985 2406 1098 2454 ignem
1115 2405 1174 2441 vel
1193 2405 1269 2454 igne

227 2452 378 2493 Thuan.
396 2456 612 2505 Bernegger.
642 2458 751 2506 prim.
777 2458 901 2495 Vatic.
931 2457 999 2495 sec.
1020 2456 1091 2493 Pal.
1112 2455 1202 2504 Spir.
1228 2458 1268 2494 &

228 2503 319 2541 06ὶο
340 2506 411 2543 alii.
433 2507 557 2554 punior
575 2508 635 2544 hoc
657 2507 700 2555 est
719 2508 897 2546 Arondel.
925 2509 963 2545 &
983 2507 1127 2544 Zulich.
1143 2507 1269 2555 punior

229 2553 354 2603 hocque
375 2557 491 2604 Neap.
515 2558 552 2594 &
574 2570 666 2596 unus
686 2571 804 2599 meus.
832 2558 991 2596 thalamo
1009 2557 1101 2607 quod
1127 2571 1195 2594 non
1215 2571 1269 2606 ego

223 2612 343 2659 ponor.
373 2607 478 2652 prim.
509 2608 649 2646 Medic.
677 2621 763 2647 cum
798 2609 911 2659 glofi'a
935 2638 945 2655 ,
983 2610 1020 2645 id
1050 2608 1092 2656 est
1116 2608 1271 2658 deponor.

227 2654 413 2692 Divinent
433 2658 624 2694 acutiores.
650 2661 740 2697 mihi
770 2661 844 2698 hoc
863 2660 1136 2698 hemistichium
1163 2659 1268 2697 valde

226 2704 443 2751 suspefftum.
470 2707 684 2745 Gronovius
695 2721 740 2745 ex
763 2711 892 2748 codice
911 2712 1060 2748 Ciofani
1080 2710 1270 2759 probabat,

230 2754 323 2803 quoa*
342 2768 433 2791 nunc
454 2769 506 2803 ego
523 2757 644 2804 punior
656 2758 737 2805 ipsa.
764 2760 867 2807 quod
889 2773 987 2798 nunc
1017 2773 1088 2809 ego
1117 2761 1195 2809 post
1217 2761 1271 2798 fa-

230 2805 332 2845 ftum
355 2806 567 2854 ampleftor.
581 2809 682 2855 quod
702 2809 738 2844 in
758 2810 859 2856 gravi
877 2822 1013 2858 angore
1026 2812 1104 2848 sum
1117 2812 1166 2847 ob
1179 2823 1271 2848 con-

228 2856 408 2893 servatam
446 2855 557 2894 filiam
579 2884 590 2899 ‚
652 2858 688 2895 id
721 2859 868 2904 patior,
921 2861 1006 2907 quia
1042 2860 1106 2896 tibi
1144 2861 1272 2898 secun-

230 2906 319 2944 dum
358 2908 521 2955 quietem
552 2908 666 2955 parui.
704 2908 880 2945 videndus
915 2910 975 2946 ille
996 2909 1040 2945 ad
1062 2910 1273 2948 Truculen-

230 2965 312 2995 tum
342 2958 458 2995 Plauti
480 2957 564 2995 Aet.
589 2970 632 2995 11.
665 2957 722 2995 Sc.
740 2969 794 2995 ιν.
820 2959 882 2996 ubi
911 2959 1071 3007 pluribus
1094 2961 1272 3007 exemplis

226 3008 328 3045 hunc
347 3007 526 3057 loquendi
553 3008 710 3047 modum
731 3008 915 3046 adstruxit.
954 3009 1162 3047 Hzmsius.
1215 3010 1272 3047 Cl.

230 3058 403 3096 Heinfius
435 3058 636 3106 suspedtum
657 3059 766 3097 habet
783 3060 857 3096 hoc
884 3059 1154 3096 hemistichium
1180 3087 1191 3104 ‚
1232 3062 1272 3098 ὅ(

230 3110 451 3147 acutioribus
473 3109 715 3148 divinandum
727 3110 847 3148 tradit.
898 3109 1074 3158 Agnosco
1095 3110 1271 3158 equidem

228 3171 296 3196 nee
318 3160 491 3209 Lynceos
512 3159 583 3198 effe
601 3172 668 3199 nos
689 3172 758 3198 nec
772 3160 1015 3208 Oedipodas;
1041 3172 1124 3197 cum
1139 3168 1268 3199 tamen

230 3222 274 3245 ex
306 3210 403 3248 Isidis
432 3211 602 3259 responso
630 3212 722 3249 haec
747 3211 998 3261 dependeant,
1027 3222 1162 3260 operae
1190 3223 1272 3260 pre-

227 3260 319 3348 ἕως]
341 3263 408 3300 erit
428 3262 618 3304 oraculum
645 3262 764 3313 ipsum
794 3262 1006 3310 consulere,
1032 3262 1136 3313 quod
1161 3263 1210 3315 ita
1237 3262 1272 3304 se

238 3321 273 3346 -a
300 3320 354 3349 et:

2152 1004 2370 1063 Permaa

1380 1185 1436 1217 Ne
1456 1179 1581 1218 dubita
1602 1194 1680 1219 cum
1702 1192 1735 1220 te
1751 1190 1858 1232 partu
1881 1180 2009 1220 Lucina
2031 1180 2185 1229 levarit,

1381 1237 1411 1267 Τ
1410 1231 1509 1269 ollere
1528 1233 1702 1284 quidquid
1722 1234 1799 1271 erit.

1327 1282 1444 1320 Vides
1464 1283 1525 1321 hic
1544 1283 1621 1320 tolli
1643 1285 1750 1333 jubet
1768 1285 1946 1322 infantem
1970 1284 2032 1323 Ifis
2047 1313 2057 1329 ‚
2093 1282 2196 1335 quod
2211 1311 2221 1329 ,
2239 1283 2264 1322 fi
2284 1285 2374 1334 quid

1329 1333 1499 1371 videmus
1523 1362 1534 1378 ,
1573 1334 1674 1373 brevi
1702 1335 1875 1373 effeetum
1908 1336 2099 1379 dabimus,
2127 1335 2239 1385 idque
2268 1337 2374 1375 unius

1329 1384 1507 1421 duntaxat
1528 1393 1638 1434 atque
1657 1385 1803 1424 alterius
1833 1387 1960 1425 literae
1995 1387 2205 1425 mutatione
2242 1387 2375 1436 autja-

1331 1434 1442 1473 totum.
1470 1435 1649 1474 lestiones
1670 1438 1848 1474 variantes
1867 1437 1936 1475 hae
1956 1437 2033 1476 fere
2055 1437 2154 1475 sunt:
2186 1437 2290 1486 §Quod
2308 1450 2376 1474 non

1330 1499 1383 1534 ego
1405 1486 1530 1535 punior
1560 1486 1687 1536 hocque
1703 1516 1713 1532 ,
1741 1488 1800 1525 vel
1830 1487 1890 1525 hoc
1915 1487 1959 1536 est
1975 1516 1986 1530 ,
2014 1488 2105 1538 quod
2123 1501 2189 1525 non
2209 1501 2262 1537 ego
2270 1497 2376 1537 ponor

1328 1537 1368 1574 in
1388 1537 1487 1584 igne,
1515 1538 1575 1575 vel
1591 1538 1727 1586 ignem,
1748 1538 1847 1576 unde
1872 1539 2174 1577 commodissime
2194 1551 2316 1577 eruas:

1381 1588 1486 1636 Quod
1496 1588 1595 1624 videt
1605 1588 1687 1625 haec
1706 1589 1814 1625 lucem
1833 1590 1941 1637 ,quod
1953 1603 2022 1627 non
2039 1591 2220 1640 exponitur
2239 1589 2377 1637 infans,

1381 1637 1523 1686 Consilii
1543 1640 1734 1689 monitique
1751 1640 1804 1677 tui
1823 1640 1876 1688 est.

1326 1689 1440 1738 Supra
1455 1690 1605 1739 jubetur
1626 1691 1702 1727 tolli
1724 1691 1841 1728 infans
1855 1719 1866 1735 ,
1895 1692 2002 1729 &hic
2020 1705 2088 1728 non
2101 1690 2283 1741 exponitur
2294 1707 2305 1735 ;
2319 1692 2377 1730 in-

1325 1748 1380 1778 ter
1400 1753 1494 1790 quae
1514 1751 1694 1789 quantum
1716 1742 1902 1780 relationis
1922 1741 1987 1786 fit,
2015 1742 2119 1780 doen
2136 1745 2174 1780 &
2192 1743 2376 1792 aequiju-

1326 1791 1464 1880 εὲὶεεηῑ.
1503 1792 1751 1832 ὃεΗεΡΡειωε
1800 1793 1898 1843 apud
1933 1792 2034 1832 Tan.
2071 1793 2174 1831 Fabr.
2211 1792 2275 1831 lib.
2318 1805 2378 1832 ιι.

1388 1871 1395 1880 .
1417 1853 1476 1888 71.

1360 1855 1462 1940 p779.
1490 1892 1680 1941 confilium
1707 1894 1949 1944 monitumque
1979 1903 2082 1932 tuum
2116 1893 2183 1942 est,
2221 1893 2375 1943 miserere

1327 1943 1520 1995 duarum]
1550 1945 1648 1982 Tres
1666 1946 1771 1990 libri,
1801 1946 2030 1995 monitusque.
2060 1957 2180 1990 unus,
2208 1946 2378 1983 monitus-

1326 2009 1391 2047 que
1413 2006 1508 2033 tuus.
1561 1996 1693 2040 Forte,
1724 1994 1866 2045 Consilii
1885 1996 2103 2046 monitusque
2131 1996 2185 2032 tui
2206 1995 2259 2043 est.
2287 2007 2373 2035 nam

1325 2046 1479 2084 monitus
1499 2048 1644 2096 proprie
1658 2075 1668 2091 ‚
1696 2059 1790 2095 quos
1810 2046 1942 2084 dabant
1962 2047 2035 2092 dii,
2063 2049 2100 2085 in
2121 2046 2270 2085 somnis.
2300 2047 2375 2087 vid.

1324 2097 1370 2135 ad
1386 2098 1447 2135 lib.
1465 2111 1554 2135 xm.
1583 2099 1667 2135 216.
1695 2097 1829 2135 deinde
1856 2107 2003 2134 tuarum
2030 2097 2128 2135 reeie
2158 2097 2227 2135 sec.
2264 2098 2374 2137 Palati

1324 2149 1363 2185 ὅ(
1385 2148 1474 2186 οᾶο
1496 2149 1568 2186 alii.
1592 2148 1733 2186 dietum
1761 2148 1875 2195 supra.
1905 2149 2119 2186 Heinsius.
2174 2147 2372 2186 Concilium.

1322 2200 1462 2237 Medic.
1483 2200 1715 2251 meritumque
1735 2200 1891 2248 Langer.
1902 2212 2099 2251 munusque
2111 2207 2282 2250 quatuor.
2296 2200 2372 2250 jus-

1316 2252 1466 2300 ficmque
1485 2263 1641 2289 novem.

1376 2302 1461 2349 780.
1488 2303 1704 2352 Auxilioque
1723 2301 1831 2351 juva.
1853 2300 1870 2352 ]
1910 2300 2057 2340 Plautus
2082 2302 2120 2340 in
2141 2300 2313 2341 Rudente
2334 2305 2367 2342 ι.’

1323 2365 1378 2391 1v.
1449 2382 1459 2391 2

1399 2364 1445 2403 39
1479 2411 1559 2443 Aut
1579 2405 1695 2455 aliquo
1713 2402 1847 2442 auxilio
1863 2412 1903 2441 ut
1925 2403 2087 2454 adjuvet.
2128 2431 2130 2435 -

1323 2455 1499 2505 Virgilius
1516 2457 1578 2493 lib.
1603 2469 1636 2493 x.
1660 2468 1715 2504 32.

1376 2513 1497 2556 Neque
1512 2506 1586 2543 illos
1596 2506 1734 2556 juveris
1754 2505 1899 2543 auxilio.

1325 2558 1493 2596 Valerius
1511 2558 1658 2596 Flaccus
1680 2557 1773 2595 libro
1791 2566 1922 2606 quarto
1939 2555 2027 2594 618.

1379 2609 1447 2658 Jpfie
1493 2619 1602 2646 truces
1647 2607 1721 2645 illic
1762 2607 1904 2645 Colchos
1932 2635 1945 2656 ‚
1995 2605 2186 2657 hostemque
2221 2606 2367 2657 juvabis

1499 2659 1673 2696 Auxic'iir.
1731 2659 1848 2698 CloF.

1324 2709 1429 2747 Idem
1449 2710 1616 2747 Valerius
1637 2722 1709 2746 vu.
1728 2721 1814 2757 275.

1377 2759 1556 2808 Diprecor
1569 2787 1579 2803 ‚
1606 2759 1740 2795 auxilio
1752 2761 1869 2807 juvet.

1326 2809 1439 2846 Unde
1469 2818 1616 2856 apparet
1639 2836 1650 2853 ‚
1688 2810 1784 2849 male
1803 2810 1885 2845 leva
1913 2808 1974 2846 hic
2004 2808 2077 2858 legi
2106 2810 2144 2848 in
2163 2809 2363 2856 Thuaneo,

1329 2861 1457 2897 Oxon.
1480 2861 1517 2896 &
1542 2860 1713 2896 Gronov.

1380 2910 1464 2956 780.
1493 2915 1685 2958 Lacrymae
1697 2910 1785 2958 sunt
1814 2909 1921 2946 verba
1935 2908 2109 2960 secutae]
2165 2910 2285 2950 Scribe
2304 2909 2367 2949 vel

1328 2961 1453 3007 invitis
1473 2960 1714 3004 membranis,
1735 2960 1808 3009 sua
1827 2959 1946 2999 verba.
1974 2961 2013 2998 &
2034 2961 2121 2999 vide
2139 2973 2234 3010 quae
2254 2969 2364 2998 nota-

1328 3021 1410 3047 mus
1431 3010 1476 3048 ad
1498 3011 1605 3058 Epist.
1626 3022 1722 3048 xvu.
1752 3010 1800 3048 vs.
1825 3023 1909 3058 252.
1947 3012 2090 3050 Hem&

1354 3059 1463 3147 6}⁸¹'
1491 3060 1774 3111 Movissearas.]
1832 3062 1889 3100 Sic
1908 3061 1954 3100 de
1983 3062 2201 3110 Aesculapio
2216 3059 2278 3100 lib,
2298 3066 2362 3108 xvef

1331 3121 1345 3148 1
1406 3121 1441 3159 3.

1546 3162 1722 3213 Motisque
1738 3162 1819 3202 deus
1835 3173 1916 3202 rata
1931 3164 2072 3215 pignora
2093 3160 2205 3210 cristis..

1380 3216 1444 3249 Ter
1464 3213 1606 3262 repetita
1626 3214 1734 3251 dedit.

1326 3263 1457 3312 Juven.
1481 3275 1532 3301 vi.
1556 3265 1636 3314 538.
1655 3265 1701 3304 de
1723 3265 1836 3304 Ifide:

1379 3318 1427 3353 Et
1447 3314 1585 3366 movisse
1607 3325 1706 3368 caput
1727 3317 1804 3367 visa
1823 3316 1868 3369 est
1887 3325 2049 3369 argentea
2061 3314 2362 3404 serpens.8Bunn.'
2446 3339 2447 3345 ,

1861 3369 1867 3372 ’
2179 3379 2197 3414 7
2229 3378 2262 3405 z.
2286 3371 2367 3411 Tre:
2445 3410 2446 3413 Ἴ
