2483 3616
313 189 1548 257 METAMORPHOSEON
1619 191 1761 251 Lm.

1837 195 1917 255 III.
2067 218 2161 272 199

324 302 500 371 Quam
523 310 657 367 quae
683 291 961 363 contingat
984 291 1243 356 maribus,
1282 291 1495 356 dixisse,
1529 293 1787 363 voluptas

322 374 417 427 Illa
442 380 613 438 negat.
652 365 876 437 placuit,
915 382 1052 436 quae
1078 365 1137 419 sit
1163 365 1420 419 sententia
1460 365 1632 429 dosii,
1888 423 1892 426 Δ

322 444 623 514 Quaerere,
661 437 915 491 Tiresiae.
953 437 1137 493 Venus
1160 437 1284 492 huic
1303 449 1420 500 ¹erat
1445 451 1670 512 utraque
1694 448 1838 493 nota.

319 515 457 568 Nam
482 512 592 566 duo
619 528 935 582 magnorum
949 511 1108 564 viridi
1133 511 1384 563 coeuntia
1412 510 1535 565 silva

177 606 276 656 325
315 586 558 657 Corpora
586 583 891 655 serpentum
917 582 1088 637 baculi
1116 583 1405 636 violaverat
1429 582 1563 638 isin:

313 658 507 730 Deque
532 657 648 711 viro
678 655 840 710 fastus
869 655 1176 726 (mirabile)
1207 655 1429 718 femina,
1469 656 1674 728 septem

320 730 518 801 Egerat
543 743 836 784 autumnos
878 726 1066 782 offavo
1089 727 1261 782 rursus
1287 727 1507 782 eosdem

313 801 498 864 Vidit:
541 803 622 865 δε,
661 800 753 854 Est
775 800 974 854 vestrae
998 800 1035 853 fi
1061 813 1202 854 tanta
1224 800 1462 871 potentia
1484 801 1696 872 plagae,

314 874 470 929 Dixit
489 912 503 936 ‚
540 889 599 928 ut
627 872 850 928 austoris
873 873 1070 925 sortem
1096 873 1151 925 in
1175 872 1439 926 contraria
1463 885 1661 926 mutet:

173 965 276 1016 330
313 948 470 1002 Nunc
497 964 714 1020 quoque
738 962 829 1000 vos
854 944 1055 997 feriam.
1094 943 1346 1015 percussis
1370 945 1624 1014 anguibus
1650 943 1826 999 isdem

317 1019 511 1074 Forma
533 1019 678 1090 prior
704 1017 890 1079 rediit,
928 1015 1265 1087 genitivaque
1289 1015 1463 1069 rursus
1487 1016 1679 1088 imagO.

318 1092 538 1146 Arbiter
561 1091 645 1144 hic
675 1090 837 1160 igitur
861 1088 1059 1142 sumtus
1086 1088 1154 1141 de
1181 1088 1272 1141 lite
1294 1087 1500 1157 jocosa,

312 1164 469 1218 Diua
485 1163 630 1233 Jovis
665 1162 852 1215 firmat.
893 1160 1099 1230 gravius
1124 1160 1362 1213 Saturnia
1384 1159 1551 1229 just0‚

314 1237 430 1290 Nec
455 1253 553 1305 pro
577 1234 795 1287 materia
817 1232 985 1286 fertur
1010 1232 1256 1286 doluisse:
1297 1232 1481 1304 suique

171 1327 271 1378 235
303 1308 506 1378 Judicis
543 1308 758 1359 aeterna
788 1304 1057 1359 damnavit
1091 1304 1292 1357 lumina
1319 1304 1493 1358 nofle.

312 1381 395 1434 At'
412 1391 561 1452 pater
586 1379 925 1450 omnipotens
967 1381 1176 1449 (neque
1201 1377 1345 1431 enim
1369 1377 1493 1431 licet
1517 1376 1662 1431 irrita
1686 1377 1934 1452 cuiquam

23 1581 138 1631 perio}
171 1590 303 1619 vereor
332 1587 459 1619 tamen
482 1607 493 1625 ,
528 1591 577 1618 ne
607 1579 776 1619 Chironis
807 1578 898 1617 filius
933 1577 1053 1616 fuerit.

23 1633 200 1681 quoniam
222 1631 412 1680 Apollonii
441 1632 614 1679 interpres
644 1632 681 1668 in
712 1638 879 1680 quartum
913 1629 1054 1677 Argon.

26 1683 196 1719 Chariclo
229 1681 398 1719 Chironis
428 1693 584 1718 uxorem
618 1681 714 1718 facit.
753 1679 818 1718 nisi
859 1679 946 1717 duas
978 1680 1053 1728 ejus

23 1733 185 1770 nominis
226 1732 392 1769 mulieres
424 1730 525 1768 fuisse
556 1731 634 1780 quis
673 1731 770 1768 velit.
819 1731 1053 1767 Cousraur.

21 1784 190 1820 Faus-us.
234 1783 295 1819 De
327 1781 465 1818 Tiresia
498 1781 655 1818 fabulam
699 1793 718 1818 a
750 1780 850 1829 vulgi
890 1780 1054 1818 do&rina

23 1841 228 1877 remotam,
251 1844 295 1869 ex
309 1832 536 1869 Callimacho
558 1833 597 1869 δε
617 1831 806 1880 Propertio
827 1830 971 1867 illustrat
982 1831 1055 1868 Po-

22 1882 162 1920 litianus
194 1882 343 1919 Miscell.
386 1894 463 1931 cap.
495 1894 603 1919 lxxx.
638 1882 698 1919 ubi
738 1881 843 1919 aliam
876 1881 1054 1918 caecitatis

24 1932 179 1970 caussam
202 1931 303 1970 fuiffe
324 1933 453 1977 tradit,
481 1944 593 1981 quam
625 1932 780 1980 pleniori
801 1932 883 1968 luce
905 1932 1054 1979 perfun-

23 1982 76 2020 dit
107 1984 175 2020 Vir
196 1983 335 2020 Illustris
358 1983 596 2032 Spanhemius
625 1982 669 2019 ad
701 1982 914 2019 Callimachi
937 1982 1056 2029 Hym.

23 2033 63 2070 in
84 2033 214 2070 Pallad.
235 2033 284 2070 vs.
305 2033 363 2070 82.
386 2041 541 2070 matrem
565 2031 728 2070 Tirefiae
760 2032 919 2069 Chariclo
950 2031 1057 2069 tradit

24 2082 125 2119 idern
148 2084 261 2120 Po‘e'ta
284 2083 332 2120 vs.
355 2083 413 2128 67.
440 2092 580 2131 patrem
603 2088 758 2119 Everzcm
779 2081 949 2119 vs.81.&
976 2083 1056 2120 106.

27 2131 113 2168 vide
133 2132 206 2170 ibid
229 2133 358 2181 Spanh.
380 2135 417 2169 δε
437 2132 640 2170 Meurfium
664 2132 708 2170 ad
730 2132 919 2180 Phlegont.
949 2143 980 2169 c.
1002 2144 1057 2169 iv.

27 2180 90 2217 ubi
111 2182 279 2230 Hyginus
302 2183 340 2220 in
360 2183 434 2220 hoc
467 2184 573 2232 patris
603 2184 756 2220 nomine
789 2183 989 2230 corrigitur,
1017 2190 1056 2219 ut

27 2231 70 2267 &
90 2230 208 2268 Barth.
229 2232 314 2269 fecit
332 2233 377 2269 ad
398 2233 483 2270 Stat.
506 2247 551 2271 11.
572 2233 694 2270 Theb.
716 2245 774 2281 94.
801 2232 899 2280 plura
922 2231 966 2269 de
987 2232 1059 2269 Ti-

25 2279 137 2317 refiae
167 2281 335 2329 sapientia
366 2284 403 2319 δε
433 2283 584 2321 sollertia
606 2284 644 2321 in
675 2281 828 2331 auguriis
861 2283 898 2320 ὃς
928 2283 1055 2319 vatici-

27 2330 234 2368 nationibus
258 2331 402 2379 collegit
422 2333 705 2382 diligentiffimus
728 2333 889 2370 Barthius
910 2332 956 2369 ad
969 2333 1055 2370 Stat.

25 2391 81 2418 lv.
105 2381 226 2417 Theb.
237 2393 318 2429 443.
346 2382 383 2418 &
408 2394 487 2428 542.
508 2383 606 2420 unde
626 2384 823 2432 apparebit,
836 2395 898 2419 cur
920 2382 1053 2420 Noster

27 2430 118 2466 doozi
146 2431 250 2468 titulo
273 2443 358 2468 eum
379 2431 548 2469 honoret.
583 2433 711 2469 Libros
735 2434 842 2469 etiam
864 2432 1029 2480 scripsisse
1044 2461 1054 2476 ,

25 2479 127 2518 idem
149 2480 312 2518 Barthius
331 2480 441 2518 docet
464 2482 510 2519 ad
528 2482 587 2518 lib.
613 2494 686 2518 vn.
719 2482 840 2519 Theb.
866 2483 946 2519 166.
972 2483 1060 2519 hinc

25 2531 223 2575 ῧρθόμοιντις
255 2539 410 2568 vocatur
431 2542 451 2568 a
472 2531 625 2569 Pindaro
648 2531 732 2568 Ode
754 2532 867 2569 Nem.
888 2543 915 2567 1.
939 2544 998 2579 92.
1021 2533 1060 2568 &

25 2581 92 2622 δὼς
121 2579 250 2622 §ilai-:ov
273 2583 496 2627 προσφάτῆς.
531 2583 615 2630 quia
657 2581 705 2618 ibi
737 2581 855 2618 futura
886 2581 1061 2628 praedicit

26 2631 291 2680 Amphitryoni
331 2631 377 2669 de
416 2632 588 2668 Hercule.
625 2638 664 2667 ut
696 2632 735 2668 ὃς
766 2630 860 2678 apud
893 2631 1058 2669 Theocr.

28 2681 121 2731 Idyl.
157 2694 261 2719 xxxv.
309 2683 374 2730 63..
424 2682 522 2719 facit.
557 2681 719 2718 Ptolem..
759 2681 955 2728 Hephaest.
1002 2681 1062 2720 lib.

28 2743 58 2769 1.
104 2731 283 2769 Tiresiam
331 2732 456 2780 septies
507 2733 667 2769 formam
721 2730 820 2767 suam
875 2728 1025 2767 mutaffe
1049 2759 1061 2775 ,

30 2782 70 2819 &
99 2782 194 2830 apud
227 2783 412 2819 Cretenies
444 2782 582 2819 dieium
612 2781 823 2819 Phorbantis
844 2779 958 2817 filium
979 2792 1062 2817 nar-

25 2839 91 2868 rat.
117 2832 299 2869 Lucianus
332 2832 377 2869 de
403 2832 604 2880 Astrologia
637 2843 717 2880 pag.
755 2843 834 2878 541.
862 2842 950 2867 eum
981 2830 1062 2867 stel-

27 2881 77 2918 las
99 2883 259 2918 erraticas
280 2881 402 2918 dixiffe
424 2881 606 2930 utriusque
627 2880 696 2918 effe
716 2881 816 2918 sexus
832 2880 951 2924 ,unde
973 2891 1058 2917 eum

32 2930 177 2977 ancipiti
208 2931 291 2967 sexu
314 2930 415 2968 fuiffe
436 2931 630 2970 finxerunt.
657 2932 717 2968 De
739 2932 814 2979 ejus
834 2931 943 2978 longa
963 2939 1061 2968 aeta-

29 2986 68 3014 te
89 2979 263 3017 Meursius
295 2993 444 3030 quoque
466 2982 539 3030 agit
570 2981 614 3018 ad
644 2982 857 3029 Phlegonta.
890 2980 950 3017 sed
974 2993 1060 3018 eum

32 3027 152 3082 senem
188 3038 373 3067 mortuum
404 3030 473 3068 effe
504 3043 551 3068 ex
581 3039 674 3079 potu
704 3032 813 3068 fontis
846 3030 1061 3078 Tilphoffae

31 3088 71 3114 in
93 3077 266 3122 Boeotia,
293 3082 392 3130 cujus
415 3081 646 3130 frigiditatem
666 3081 756 3117 serre
789 3092 863 3118 non
887 3089 1029 3129 poterat
1053 3110 1064 3127 ,

33 3138 80 3164 ex
104 3127 336 3181 Aristophane
357 3131 463 3168 tradit
490 3131 701 3168 Athenaeus
729 3131 788 3168 lib.
820 3143 882 3166 111.
915 3143 992 3179 cap.
1024 3143 1057 3176 4.

37 3178 77 3214 δε
98 3176 281 3213 Pausanias
297 3179 355 3215 lib.
369 3193 419 3217 ix.
433 3193 509 3230 cap.
525 3181 660 3229 33.qui
677 3181 904 3228 sepulchrum
928 3192 1002 3229 ejus
1015 3181 1060 3219 ad

34 3225 151 3275 ipsum
174 3226 318 3263 fontem
341 3230 472 3267 exstare
491 3231 551 3267 ait.
571 3231 702 3267 Plinius
715 3231 823 3266 etiam
837 3231 895 3267 lib.
909 3243 1056 3269 xxxvii.

33 3287 122 3332 cap..
139 3288 204 3363 10¹.3
221 3280 457 3316 monumenti
475 3279 635 3318 Tiresiae
667 3280 706 3319 in
736 3280 958 3318 Macedonia
981 3292 1061 3330 iiie-f

34 3334 150 3365 minit.
209 3339 308 3366 uam.

2053 1449 2155 1506 Fa:

1162 1588 1243 1627 324.
1271 1577 1382 1615 viridi
1402 1579 1558 1615 co‘e'imtia
1581 1576 1720 1628 silvai]
1750 1577 1792 1615 In
1816 1576 1987 1626 Cyllenio
2017 1586 2150 1615 monte

1108 1628 1182 1665 hoc
1204 1628 1369 1666 accidisse
1389 1638 1507 1666 narrat
1538 1629 1710 1677 Hyginus
1734 1628 1805 1666 fab.
1829 1640 1937 1665 Lxxv.
1968 1628 2006 1664 &
2028 1628 2150 1667 Schol.

1111 1679 1212 1716 Statii
1234 1692 1279 1716 11.
1300 1679 1422 1716 Theb.
1447 1691 1505 1728 95.
1533 1679 1792 1716 BuRMANNus.

1162 1729 1244 1778 328.
1280 1730 1373 1765 Vidit
1395 1742 1438 1768 cf
1466 1729 1548 1778 est.]
1589 1730 1694 1766 Unus
1718 1741 1820 1767 meus
1844 1756 1856 1772 ,
1892 1728 1990 1764 vidit
2023 1739 2066 1767 ω’
2086 1727 2149 1775 esto

1109 1778 1286 1829 vestraesi
1306 1790 1330 1817 t.
1347 1789 1383 1829 p.
1401 1789 1434 1828 p.
1454 1780 1507 1826 est.
1534 1781 1629 1828 lege,
1652 1780 1808 1824 vidia&
1829 1793 1846 1815 0
1869 1776 2043 1827 vestraefi
2064 1787 2149 1824 tan<

1109 1841 1147 1866 ta
1161 1831 1316 1879 potentia
1342 1829 1465 1879 plagae
1484 1842 1554 1869 σε.
1583 1831 1723 1866 Heius.

1174 1892 1256 1929 329.
1296 1886 1340 1916 Ut
1370 1881 1518 1917 auctoris
1540 1879 1710 1930 fimena]
1750 1878 1898 1917 Amori
1928 1877 2152 1927 Bernegger‚'‚

1111 1931 1316 1968 HEINSIUS.

1164 1993 1246 2031 330.
1276 1988 1380 2018 Nunc
1400 1995 1529 2032 quoque
1548 1994 1609 2017 vos
1621 1979 1789 2029 feriam]
1817 1978 2036 2023 Bafileenfis‚
2059 1992 2150 2015 nunc

1110 2045 1240 2082 quoque
1255 2032 1463 2081 percutiam,
1477 2029 1628 2081 percuffit
1647 2043 1719 2071 σε.
1746 2030 1950 2079 eleganti&
1966 2029 2153 2067 Ovidiana.

1110 2082 1340 2130 repeti-tione.
1368 2090 1408 2119 ut
1429 2083 1495 2119 inf.
1521 2082 1605 2128 481.

1163 2156 1338 2205 Nudaque
1359 2154 1560 2192 marmoreis
1575 2150 1728 2203 percuffit
1742 2153 1877 2202 pel‘t'om
1893 2152 2020 2201 palmis
2035 2168 2047 2189 .-

1162 2209 1303 2242 Ρεέῖονιι
1334 2215 1522 2242 traxerunt
1543 2215 1678 2241 tenuem
1692 2202 1842 2252 percuffiz
1861 2202 2029 2239 ruborem.

1111 2280 1198 2317 Vid.
1219 2280 1284 2318 inf.
1314 2281 1399 2328 416.
1438 2280 1605 2329 percussit
1635 2290 1727 2316 vero
1760 2277 1909 2314 monitu
1936 2273 2154 2323 Apossinis3

1110 2338 1150 2368 ut
1172 2331 1335 2380 Phlegon
1358 2331 1419 2368 ait.
1459 2331 1590 2368 Euam.

1163 2392 1245 2430 331.
1271 2381 1504 2431 Genitivaque
1522 2381 1621 2417 venit
1641 2377 1790 2427 imago]
1822 2375 2033 2413 Genitivam
2056 2375 2152 2413 ima-

1111 2432 1235 2479 ginem
1267 2431 1462 2468 masculam
1494 2432 1785 2478 interpretamur.
1816 2427 2051 2463 Consanus.
2079 2426 2152 2462 FA-

1115 2493 1258 2519 NENsxs.
1308 2481 1428 2525 Tres,
1456 2482 1572 2528 rursus
1593 2482 1714 2528 imago.
1740 2476 1881 2515 reelius.
1915 2476 1974 2513 sed
2005 2488 2090 2512 cum
2115 2477 2158 2514 in

1116 2531 1236 2567 multis
1267 2531 1357 2567 redit
1386 2531 1591 2567 invenerim
1625 2537 1752 2566 contra
1788 2528 1908 2575 legem
1950 2527 2117 2563 carminis
2142 2553 2157 2571 ,

1118 2580 1248 2617 censeo
1269 2580 1735 2629 scribendum,genitivaque
1756 2578 1893 2614 reddita
1915 2577 2037 2625 imago.
2054 2576 2151 2625 geni-

1117 2630 1188 2666 tivi
1209 2629 1380 2678 Apollinis
1413 2631 1555 2667 mentio
1586 2629 1682 2677 apud
1703 2629 1887 2665 Catonem
1920 2626 1964 2664 de
1995 2626 2160 2663 educan-

1118 2679 1169 2716 dis
1189 2680 1305 2716 liberis
1330 2707 1340 2723 ,
1382 2681 1444 2729 qui
1467 2680 1635 2717 ininsula
1665 2678 1764 2716 Delo
1793 2678 1981 2715 coleretur.
2016 2677 2066 2713 ita
2095 2676 2154 2713 ille

1117 2730 1224 2767 vertit
1242 2741 1378 2767 vocem
1401 2731 1593 2775 γενήτσρος.
1626 2729 1688 2766 De
1719 2740 1778 2765 ara
1803 2727 1953 2765 Deliaca
1974 2727 2163 2775 Apollinis.

1116 2781 1295 2824 γενῆτσρος
1322 2780 1468 2828 copiose
1501 2779 1714 2817 Macrobius
1736 2779 1875 2815 Saturn.
1898 2790 1962 2814 111.
1985 2789 2016 2814 c.
2038 2778 2072 2815 6.
2095 2782 2156 2813 A-

1110 2830 1246 2878 pollinis
1274 2831 1435 2878 genitoris
1474 2844 1539 2867 ara
1573 2829 1620 2867 est
1652 2828 1804 2865 Valerio
1839 2828 1969 2865 Flacco
2001 2840 2036 2864 V.
2066 2839 2153 2875 403.

1117 2881 1287 2917 meminit
1307 2881 1381 2929 ejus
1404 2882 1442 2918 ὃ(
1454 2881 1642 2929 Diogenes
1655 2879 1820 2916 Laertius
1831 2878 1890 2915 lib.
1907 2890 1996 2914 vm.
2010 2878 2157 2915 Heius..

1116 2930 1216 2967 Nihil
1238 2932 1309 2967 huc
1332 2931 1389 2967 illa
1422 2930 1467 2967 de
1497 2930 1670 2979 Apolline
1700 2929 1864 2978 genitivo
1896 2929 2043 2965 faciunt.
2081 2937 2152 2962 nec

1115 2980 1198 3017 Val.
1224 2980 1370 3018 Flaccus
1390 2992 1475 3017 eum
1496 2982 1544 3018 ita
1567 2989 1676 3017 vocat
1698 3009 1711 3024 2
1736 2979 1799 3016 nifi
1830 2978 1913 3027 quia
1937 2986 2038 3026 pater
2075 2976 2156 3011 Aea

1114 3038 1174 3067 tae
1196 3038 1281 3067 erat.
1308 3031 1367 3068 sed
1385 3032 1542 3079 genitiva
1567 3032 1676 3079 imago
1699 3030 1746 3066 est
1767 3029 1881 3077 prima
1907 3055 1915 3070 ‚
1944 3038 2053 3075 quain
2087 3026 2158 3061 ha⁰

1116 3081 1242 3117 buerat
1263 3092 1348 3118 cum
1378 3082 1591 3118 nasceretur.
1618 3082 1663 3118 ita
1684 3080 1841 3128 genitiva
1862 3079 2002 3114 nomina
2025 3086 2086 3111 111.
2106 3086 2152 3110 ex

1116 3131 1225 3168 Pont.
1247 3143 1292 3167 11.
1322 3143 1400 3177 107.
1421 3133 1458 3168 in
1479 3133 1650 3168 Gronov.
1682 3138 1756 3166 erat
1778 3141 1798 3165 a
1822 3140 1869 3164 m.
1892 3138 2160 3180 put-genuaque}

1119 3181 1216 3218 unde
1238 3181 1408 3219 Heinsius
1440 3181 1658 3231 conjiciebat
1678 3179 1844 3226 scriptum
1867 3174 1969 3212 fuifle
1991 3203 2001 3219 ,
2034 3188 2164 3223 genut—

1116 3245 1238 3280 mzque.
1262 3231 1475 3268 BURMANN.

1168 3292 1253 3331 333.
1281 3282 1387 3321 Diria
1410 3282 1517 3327 Jovis
1532 3279 1699 3330 firmam]
1732 3277 1822 3316 Non
1843 3274 2075 3324 simpliciter,
2096 3274 2161 3311 sed

2121 3332 2171 3363 ui:
