2483 3616
230 156 366 212 1082.
715 147 1267 210 P.OV1D11

1341 148 1872 214 NASONIS

523 269 782 334 Sustinet,
821 267 973 337 hujus
997 266 1113 320 erit.
1151 277 1348 338 pontus
1373 282 1595 341 quoque
1618 271 1811 329 serviet
1835 274 1931 331 illi.

522 344 662 400 Pace
687 345 810 397 data
835 339 1017 404 terris,
1054 339 1290 393 animum
1315 339 1383 393 ad
1409 340 1587 395 civilia
1612 359 1783 401 vertet

514 417 641 490 Jura
664 416 844 477 suum,
885 416 1135 487 legesque
1160 412 1298 467 feret
1319 412 1624 484 justiffimus
1651 417 1864 474 auftor:

525 489 902 560 Exemploque
928 489 1022 541 suo
1049 503 1225 541 mores
1253 500 1404 558 reget
1431 506 1442 540 :
1482 489 1646 561 inque
1673 489 1841 544 futuri
1910 557 1914 561 ,

381 563 480 631 835
519 561 812 634 Temporis
837 575 1096 622 aetatem,
1134 572 1601 634 venturorumque
1628 576 1929 635 nepotum,

520 635 881 707 Prospicien3‚
922 635 1128 706 prolem
1151 631 1324 687 sanfflt
1348 633 1418 687 de
1444 633 1676 707 conjuge
1699 650 1879 691 natam

520 710 685 765 Ferre
711 708 860 762 simul
884 723 1192 778 nomenque
1217 706 1368 761 suum
1395 724 1656 781 curasque
1675 707 1901 780 jubebit.

518 784 666 846 Nee,
706 781 800 835 nifi
826 798 951 834 curn
977 779 1152 835 senior
1176 778 1364 834 fimiles
1390 784 1700 854 aequaverit
1726 800 1924 846 annOS,

517 855 790 911 AEtherias
815 853 966 907 sedes
991 866 1328 926 cognataque
1354 853 1522 909 fidera
1548 867 1747 927 tanget.

376 929 481 1000 840
519 931 681 985 Hane
709 928 938 983 animam
961 926 1164 984 interea
1189 927 1342 982 caeso
1370 927 1440 983 de
1467 946 1700 1002 corpore
1725 941 1936 1003 raptam

225 1141 280 1180 nis
298 1143 394 1191 cujus
409 1170 417 1184 ‚
446 1152 487 1179 ut
508 1140 533 1178 ὰ
547 1140 708 1190 germani
719 1140 863 1190 servulo
883 1140 963 1178 vita
972 1140 1087 1188 fuerit
1102 1141 1273 1191 spoliatus

225 1206 270 1232 (9¹
291 1193 444 1236 lumine3
484 1193 570 1243 quid
592 1192 717 1241 defuis
740 1193 981 1229 commeruerit
1002 1192 1155 1237 civibus,
1185 1204 1224 1230 ut
1243 1194 1274 1232 ei

216 1243 266 1292 stt
303 1243 473 1292 abnegata
507 1243 640 1280 telluris
668 1244 803 1293 patriae
826 1243 1006 1292 sepultura
1028 1260 1038 1280 :
1078 1245 1275 1293 condiscetis

218 1295 326 1330 etiam
342 1323 350 1337 ,
381 1295 562 1345 (quamvis
582 1294 670 1331 nolle
690 1295 780 1341 istud
784 1295 960 1344 publicare
969 1295 1008 1343 se
1010 1294 1168 1344 fingant)
1183 1297 1272 1347 quid

210 1343 263 1391 fit
294 1348 400 1394 capite
423 1347 541 1388 reseHo
561 1348 704 1393 fabium
721 1375 731 1390 ,
768 1346 825 1383 vel
852 1347 889 1382 in
912 1355 1013 1396 parte
1046 1360 1117 1395 qua
1141 1348 1270 1396 curiofiz

209 1397 323 1442 fuerit
343 1396 547 1443 obscuritate
568 1397 762 1444 conclusum
783 1413 793 1433 .·
834 1407 873 1433 ut
894 1397 1082 1434 immobilis
1111 1398 1273 1436 videlicet

216 1456 321 1496 atque
332 1447 410 1493 fixa
429 1446 592 1497 obsignati
610 1449 733 1485 ominis
748 1448 957 1497 perpetuitas
969 1448 1091 1495 staret.
1120 1449 1272 1499 QWdst

217 1499 360 1546 opprimi
384 1508 450 1546 par
481 1500 553 1549 esset
581 1510 624 1539 ω·
653 1500 836 1546 vetustatis
868 1499 1122 1536 oblitteratione
1141 1501 1269 1546 celari,

216 1548 402 1598 compositio
440 1551 590 1586 nominis
619 1551 702 1598 jecit
731 1551 769 1587 in
796 1551 949 1587 mediam
968 1578 979 1595 ‚
1017 1562 1060 1590 ω’
1091 1563 1169 1588 cum
1192 1553 1270 1601 suis

215 1598 332 1646 cauffis
346 1627 356 1642 ,
379 1611 439 1650 per
463 1600 549 1637 data
576 1600 640 1647 fibi
659 1610 810 1650 tempora
828 1601 1099 1650 inexstinguibili
1109 1602 1196 1649 fecit
1218 1613 1267 1641 te-

205 1649 412 1696 stificatione
433 1652 621 1700 procedere.-
649 1665 708 1688 nec
734 1653 870 1690 erebuit
890 1652 1018 1690 civitas
1037 1654 1199 1691 maxima
1221 1665 1266 1694 ω’

213 1702 403 1739 numinum
429 1706 631 1740 cunc'lorum
652 1703 803 1748 cultrix,
842 1704 922 1741 ciem
940 1703 1153 1743 vocabulum
1174 1716 1266 1743 tem-

208 1750 266 1799 plo
296 1752 426 1798 daret,
454 1768 495 1790 ex
525 1753 598 1791 Toli
624 1755 767 1804 Capite,
804 1754 1042 1805 Capitolium,
1081 1770 1193 1806 quam
1223 1772 1265 1795 ex

212 1803 352 1889 gemine
403 1805 510 1851 Jovis
531 1833 543 1852 ,
619 1815 827 1856 nuncupare,
901 1806 1009 1844 Haec
1063 1807 1265 1849 Arnobius.

249 1865 384 1892 torm.

266 1922 350 1971 829.
380 1924 479 1971 Qid
499 1924 563 1962 tibi
588 1925 791 1964 Barbariem
805 1954 815 1971 ,
849 1936 1034 1978 gentesque
1053 1926 1097 1964 ab
1118 1937 1266 1981 utroque

203 1973 356 2021 jacentes
380 1981 531 2020 Oceano,
568 1990 742 2013 numerem
758 1977 802 2026 !]
841 1983 963 2014 Gentes
982 1979 1088 2026 prim.
1112 1981 1204 2029 Reg.
1225 1983 1265 2019 ὃ(

209 2024 300 2062 odio
322 2027 392 2063 alii.
423 2026 631 2074 Cantabrig.
651 2028 787 2075 aliique
806 2029 926 2072 multi,
946 2029 1265 2069 Barbariam.Bar-

209 2074 347 2112 buriam
361 2087 476 2124 gentes
497 2078 603 2125 prim.
615 2077 723 2115 Palat.
736 2078 924 2114 Barbariae
931 2090 1044 2126 gentes
1055 2079 1264 2121 Zulichem.

212 2127 251 2164 &
270 2134 340 2165 tres
363 2128 432 2166 alii.
459 2128 604 2173 Scribe,

257 2205 360 2255 (Qid
382 2205 446 2242 tibi
458 2204 645 2242 Barbariae
661 2214 775 2254 gentes
793 2203 838 2242 ab
856 2214 1000 2257 utroque
1012 2205 1164 2255 jacentis

258 2262 392 2294 Oceano
419 2270 597 2295 numerem
621 2266 636 2295 ἒ

204 2340 353 2379 HmN-s.
380 2339 592 2377 Barbariam
612 2339 723 2377 etiam
746 2337 919 2376 Francof.
940 2337 978 2375 δε
999 2338 1116 2377 miror
1138 2338 1261 2378 Hein-

204 2391 320 2437 num,
348 2393 412 2442 qui
436 2389 1064 2440 ubiqueillasappofitionesservat,
1093 2390 1258 2428 &etiam

202 2444 370 2492 quaerit,
398 2442 462 2480 hic
488 2440 643 2480 noluiffe
673 2441 877 2478 admittere.
907 2439 992 2477 vide
1015 2440 1106 2488 supr.
1130 2440 1175 2478 ad
1193 2441 1254 2479 lib.

201 2505 256 2531 xv.
277 2494 362 2531 668.
398 2492 569 2530 Barbaria
600 2493 701 2530 enim
723 2503 789 2540 pro
809 2499 893 2528 toto
914 2490 1032 2529 Πειθώ
1051 2500 1229 2529 terrarum
1245 2520 1256 2538 ,

204 2556 318 2591 quem
340 2545 483 2582 Barbari
505 2543 632 2594 populi
655 2551 805 2586 tenent,
835 2541 940 2590 saepe
959 2542 1122 2590 ponitur.
1135 2541 1256 2591 ficJu-

201 2593 328 2638 fimus,
362 2595 496 2634 Cicero
530 2597 566 2632 &
590 2594 662 2633 alii.
688 2606 884 2632 enumerem
904 2593 1015 2631 etiam
1040 2593 1183 2632 Medic.
1200 2608 1253 2632 re-

200 2645 314 2686 feram
335 2645 409 2683 duo
429 2646 502 2684 alii.
529 2646 661 2684 Eum.

253 2704 339 2753 833.
367 2705 575 2753 Justiffimus
588 2709 738 2760 auffonj
754 2710 808 2748 Ita
822 2717 962 2748 veteres
974 2708 1066 2748 libri.
1078 2709 1251 2750 CIOFAN.

201 2755 463 2805 Legesquesciet
482 2759 653 2799 Menardi
677 2761 774 2799 Cod.

250 2819 336 2868 834.
365 2819 589 2870 Exemploque
609 2824 672 2870 fiio
702 2838 810 2862 mores
830 2823 958 2872 reget.]
999 2823 1114 2862 Liber
1143 2835 1249 2864 meus

201 2870 241 2910 δι
259 2881 351 2909 unus
369 2870 541 2907 Vatican.
567 2876 682 2908 Mores
696 2885 798 2920 geret.
824 2877 994 2913 Cromu.

251 2932 339 2982 834.
369 2932 645 2982 Inquefiaturi]
676 2935 849 2973 Heinsius
868 2939 1170 2984 malebaninde.

253 2997 338 3046 836.
365 3000 494 3034 Saneta
525 2998 565 3035 de
594 2998 730 3047 conjuge
760 2999 924 3049 natam]
966 3002 1008 3037 In
1029 3003 1249 3049 quibusdam

200 3049 423 3087 editionibus
440 3049 594 3098 legitur,
626 3050 759 3086 Prolem
772 3051 901 3099 sanc‘la
912 3051 1100 3099 devirgine
1113 3062 1251 3089 natam.

199 3100 318 3148 Quod
346 3100 369 3137 fi
397 3100 446 3138 ita
473 3101 517 3138 ab
541 3101 684 3139 Ovidio
706 3101 875 3149 scriptum
898 3101 947 3139 est
962 3129 972 3144 ,
1001 3101 1136 3139 eodem
1156 3104 1250 3140 refe-

198 3151 355 3189 rendum
379 3151 469 3195 erit,
505 3149 583 3200 quo
605 3153 642 3188 &
667 3153 913 3201 virgilianum
938 3152 1026 3191 illud
1045 3153 1082 3189 in
1101 3151 1249 3191 Bucoli-

199 3202 248 3239 cis
263 3229 286 3245 ‚a
315 3202 408 3246 ᾔτηη
438 3201 528 3239 redit
555 3213 599 3242 (φ’
619 3202 714 3251 virgo
727 3231 753 3247 ,.
774 3204 918 3240 redeunt
937 3203 1104 3240 Saturnia
1123 3216 1248 3252 regna,

196 3263 268 3290 σε.
296 3253 351 3290 Ut
371 3253 590 3301 accipiamus
618 3253 693 3291 hoc
711 3255 759 3291 ita
783 3253 923 3291 dietum
942 3252 1012 3291 effe
1036 3256 1072 3292 in
1093 3257 1247 3304 gratiam

195 3302 326 3341 Liviae
347 3330 357 3349 ,
404 3315 518 3354 quarn
550 3304 733 3355 Augustus
761 3305 812 3344 ita
842 3306 1007 3352 amavit,
1054 3314 1096 3345 ut
1134 3307 1245 3346 etiam

2281 1009 2326 1065 F
2327 1030 2393 1070 ac·

1326 1151 1592 1194 praegnantem
1622 1143 1644 1182 a
1674 1145 1809 1183 marito
1841 1145 1964 1194 priore
1993 1145 2149 1185 Nerone
2168 1145 2389 1199 abduxerim

1328 1204 1370 1233 ut
1397 1196 1595 1234 Suetonius
1625 1197 1664 1233 &
1696 1197 1809 1234 ceteri
1829 1196 1991 1235 tradunt.
2046 1197 2239 1237 Translata
2259 1210 2391 1242 autem,

1328 1247 1415 1285 talia
1450 1258 1495 1284 ex
1523 1247 1746 1285 carminibus
1771 1246 1927 1297 Sibyllae
1956 1248 2150 1295 videntur,
2178 1262 2273 1299 quae
2297 1252 2392 1292 cum-

1330 1310 1395 1346 per
1413 1309 1455 1336 ea
1477 1308 1647 1346 tempora
1670 1298 1853 1336 Christum
1876 1312 1920 1335 ex
1945 1301 2086 1349 virgine
2111 1308 2240 1339 natum
2261 1303 2304 1340 iri
2325 1316 2388 1343 ce-

1329 1347 1493 1393 ciniffet,
1522 1352 1657 1398 poetae
1683 1361 1762 1387 non
1795 1351 2039 1399 intelligentes
2067 1363 2170 1396 rem,
2198 1365 2389 1403 quaecun-

1327 1412 1403 1450 que
1437 1400 1484 1438 de
1515 1400 1659 1438 Christo
1694 1402 1732 1439 &
1766 1400 1843 1450 ejus
1864 1402 2095 1450 temporibus
2117 1402 2213 1441 dieta
2235 1403 2350 1444 effent
2371 1435 2392 1453 ,t

1326 1452 1372 1490 ad
1404 1453 1613 1500 Augustum
1643 1453 1681 1489 &
1713 1452 1821 1501 ipsius
1849 1452 2066 1491 felicitatem
2097 1453 2263 1492 retulere.
2302 1457 2388 1495 Mt-

1327 1515 1440 1541 cru..
1469 1505 1618 1552 Conjuge
1643 1502 1722 1540 libri
1752 1503 1886 1552 scripti,
1921 1505 2049 1554 Atque
2072 1505 2124 1542 ita
2152 1505 2316 1547 Catullus
2341 1509 2384 1548 in

1326 1554 1476 1603 Nuptiis
1499 1554 1597 1592 Pelei
1617 1556 1655 1592 &
1679 1553 1833 1592 Thetid.

1376 1620 1462 1708 Ιηέε
1474 1628 1576 1669 pater
1596 1618 1726 1657 divam
1734 1619 1870 1669 sanein·
1887 1633 1966 1659 cum
1986 1621 2124 1670 conjuge
2143 1621 2306 1674 natisque

1374 1678 1410 1710 A
1440 1673 1550 1710 venit.

1322 1737 1501 1777 emmo:
1529 1738 1738 1784 Monachi,
1776 1740 1839 1789 qui
1868 1739 1915 1777 de
1947 1738 2067 1778 santsta
2095 1741 2236 1790 virgine
2261 1741 2394 1782 Mariaz

1319 1789 1548 1835 somniabat,
1578 1802 1732 1829 manum
1759 1791 1934 1840 agnosco.

1375 1855 1460 1906 837.
1489 1855 1678 1906 Jubebit.]
1709 1854 1844 1893 Videbit
1864 1856 2038 1895 Cantabr.
2062 1856 2101 1895 &
2120 1856 2267 1906 plurimi
2279 1858 2353 1898 alii.

1374 1922 1461 1972 838.
1486 1929 1558 1961 Nec
1587 1920 1654 1972 nisi
1679 1935 1756 1959 cum
1782 1922 1897 1971 senior
1919 1920 2053 1970 similes
2081 1922 2289 1969 aequaverit
2312 1926 2381 1961 and

1321 1974 1421 2024 nos.]
1453 1975 1561 2012 Haec
1582 1974 1706 2013 multis
1727 1974 1831 2010 annis
1850 1981 1935 2010 ante
1946 1971 2257 2019 Augustiobitum
2270 1973 2380 2023 scrip-

1320 2033 1358 2063 ta
1378 2025 1551 2064 videntur
1577 2026 1616 2063 &
1639 2032 1724 2062 ante
1747 2022 1878 2059 Ovidii
1900 2021 2066 2059 exilium.
2094 2023 2249 2071 Augusti
2274 2026 2376 2064 enim

1321 2078 1408 2115 anni
1422 2105 1433 2122 ,
1463 2077 1594 2125 quibus
1614 2075 1705 2112 vixit
1719 2101 1729 2118 ‚
1763 2072 1931 2120 superant
1952 2072 2039 2118 Julii
2065 2072 2163 2110 vitae
2183 2085 2300 2112 annos
2322 2077 2383 2114 vi-

1319 2127 1424 2174 ginti.
1452 2135 1488 2165 at
1507 2138 1591 2164 cum
1615 2127 1706 2163 haec
1717 2123 1885 2161 scriberet
1897 2122 2267 2173 Ovidius,Auguflus
2279 2138 2378 2165 non·

1321 2177 1411 2214 dum
1431 2185 1489 2215 tot
1507 2176 1633 2213 habuit
1654 2185 1792 2218 annos,
1821 2181 1916 2223 quot
1936 2172 1979 2210 C.
1993 2173 2262 2221 Caesarjulius‚
2287 2188 2376 2217 cum

1321 2226 1360 2264 in
1403 2227 1539 2265 Senatu
1570 2225 1813 2264 occideretur.
1856 2223 2064 2263 GLAREAN.
2112 2225 2376 2275 Interpretibus

1320 2276 1441 2326 placet
1461 2279 1553 2316 haec
1571 2278 1615 2315 ab
1638 2275 1783 2314 Ovidio
1802 2275 1930 2324 scripta
1953 2274 2025 2313 effe
2040 2304 2050 2320 ,
2080 2288 2165 2314 cum
2186 2277 2374 2327 Augustus

1318 2339 1458 2367 annum
1490 2329 1617 2367 aetatis
1651 2340 1730 2365 rvr.
1757 2326 1928 2365 nondum
1961 2326 2129 2376 attigiffet
2151 2356 2162 2372 ‚
2200 2340 2278 2378 quo
2309 2342 2376 2368 ex-

1316 2379 1452 2418 tinstus
1485 2379 1534 2417 est
1564 2380 1682 2417 Divus
1708 2378 1835 2425 Julius.
1863 2387 1899 2415 at
1931 2379 2012 2427 quis
2036 2378 2217 2416 seniorem
2238 2388 2300 2418 aut
2319 2381 2374 2419 se-

1317 2442 1406 2469 nem
1429 2431 1580 2469 vocavit
1600 2431 1745 2468 Divum
1766 2429 1907 2476 Julium
1932 2427 1948 2465 ?
1975 2429 2067 2466 haec
2087 2438 2185 2467 aetas
2206 2430 2372 2472 senedtus

1316 2492 1394 2519 non
1425 2482 1497 2527 est,
1526 2490 1567 2519 ut
1589 2493 1671 2520 eam
1693 2480 1862 2529 Augusto
1882 2481 2114 2529 aequandam
2137 2480 2269 2520 debeat
2289 2495 2374 2531 pre·

1317 2534 1400 2571 cari.
1445 2534 1549 2582 Piget
1580 2532 1740 2582 pluribus
1764 2533 1854 2569 haec
1883 2531 2058 2570 refellere.
2098 2533 2235 2569 Patrios
2263 2546 2385 2572 annos>

1313 2584 1423 2632 prim.
1444 2585 1599 2622 Moren,
1622 2584 1659 2621 &
1680 2582 1769 2620 octo
1793 2583 1862 2620 alii.
1884 2594 2007 2632 neque
2030 2583 2133 2621 aliter
2152 2583 2369 2632 Bernegger.

1311 2636 1349 2672 &
1380 2635 1656 2684 Rottendorph‚
1685 2646 1751 2684 pro
1780 2633 1920 2671 diversa
1948 2633 2123 2672 leffione.
2150 2642 2187 2671 at
2216 2634 2367 2674 Thuan.

1309 2686 1444 2737 aliique
1470 2695 1631 2737 quatuor
1653 2714 1662 2729 ,
1709 2697 1786 2721 cum
1811 2693 1935 2733 patruo
1955 2685 2069 2732 senior
2091 2683 2233 2734 similes.
2268 2696 2362 2723 unus

1309 2737 1450 2776 Strozz.
1479 2751 1554 2775 ciem
1581 2735 1714 2787 patrios
1736 2736 1853 2785 senior
1871 2734 2016 2785 similes.
2051 2735 2122 2772 Sed
2150 2732 2375 2775 definatnu8=

1306 2787 1472 2839 ineptire.
1501 2787 1703 2838 scripserat,
1731 2794 1822 2836 puto
1839 2815 1849 2831 ,
1878 2786 2031 2827 Noster,

1356 2879 1428 2910 Nec
1450 2870 1516 2922 721·st
1533 2885 1611 2908 cum
1624 2869 1739 2918 senior
1758 2865 1872 2915 Pylios
1889 2864 2095 2914 aequaverit
2113 2878 2235 2905 annos.

1304 2947 1481 2995 Auguror
1515 2948 1707 2984 neminem
1741 2943 1787 2981 de
1817 2943 1885 2980 hac
1917 2942 2145 2981 restitutione
2175 2943 2361 2985 dubitatuss

1305 3010 1408 3042 rum,
1439 2998 1542 3046 quod
1572 3005 1612 3033 ut
1633 2995 1773 3032 felicius
1795 3005 1838 3030 ex
1860 3001 1953 3031 voto
1972 2993 2162 3038 succedat,
2191 3006 2236 3033 en
2259 2995 2373 3035 fimi--

1306 3048 1380 3133 {em
1402 3050 1528 3103 locum
1549 3047 1656 3084 Pont.
1673 3046 1697 3083 Ξ.
1718 3057 1765 3083 11.
1785 3044 1889 3094 Eleg.
1910 3056 2001 3083 vm.
2018 3045 2079 3083 ubi
2096 3044 2292 3086 Tiberium
2306 3048 2358 3087 al-

1322 3106 1472 3145 oquitur
1489 3125 1499 3142 ,

1356 3176 1410 3214 Sic
1432 3184 1532 3213 Pater
1552 3175 1590 3213 in
1613 3175 1728 3225 Pylios
1742 3203 1752 3220 ‚
1781 3181 1951 3214 Cumaeos
1968 3186 2083 3215 mater
2103 3176 2143 3216 in
2162 3189 2274 3217 annos

1406 3228 1559 3270 Vivant;
1590 3239 1633 3266 ω’
1648 3226 1740 3277 poffis
1753 3226 1854 3277 filius
1878 3229 1934 3278 effe
1954 3228 2032 3268 diu.

1304 3306 1412 3347 Trist.
1436 3318 1471 3345 v.
1492 3305 1598 3355 meg„
1616 3317 1653 3345 v.
