2483 3616
301 174 1547 246 METAMORPHOSEON
1619 173 1949 237 L1B.V11.

2106 198 2209 252 449

368 303 552 373 Atque
576 313 679 368 ope
712 293 891 350 nescio
916 293 1034 367 quis
1057 292 1345 349 servabitur
1370 292 1573 347 advena
1595 288 1798 353 nostra,

260 392 328 445 40
364 372 439 427 Ut
463 388 557 442 per
580 386 667 423 me
692 368 891 440 sospeS,
930 366 1035 421 fine
1059 384 1173 431 me,
1211 366 1305 420 det
1328 366 1491 420 ‘lintea
1514 363 1717 426 ventis,

368 443 575 516 Virque
601 441 662 497 fit
691 442 902 496 alterius
925 465 937 505 ;
974 456 1177 511 poenae
1203 438 1405 493 Medea
1428 437 1723 510 relinquar?

366 516 422 570 Si
447 514 622 569 facere
646 513 751 568 hoc
768 552 782 577 ‚
820 513 1039 568 aliamve
1061 511 1235 584 potest
1255 527 1587 584 praeponere
1611 509 1791 572 nobiS,

359 586 594 641 Occidat
618 587 866 658 ingratus.
905 585 997 639 sed
1022 602 1132 639 non
1156 586 1198 640 is
1227 585 1400 640 vultus
1425 583 1479 636 in
1507 583 1625 645 1110,

358 660 486 714 Non
508 678 567 714 ea
593 659 837 714 nobilitas
864 658 1043 713 animo
1068 657 1170 719 est,
1207 676 1266 713 ea
1291 655 1457 729 gratia
1481 655 1717 717 formae,

246 752 314 804 45
350 732 426 788 Ut
451 734 665 787 timeam
693 731 964 795 fraudem,
1002 732 1287 802 meritique
1313 728 1505 784 oblivia
1531 727 1710 782 nostri.

362 805 433 861 Et
462 805 606 860 dabit
632 817 754 859 ante
780 804 969 859 fidem:
1011 821 1308 876 cogamque
1328 803 1384 856 in
1411 802 1634 856 foedera
1662 798 1815 853 testes

357 877 479 932 Effe
505 879 665 933 Deos,
704 876 832 951 quid
859 889 972 930 tuta
998 877 1184 930 times?
1225 875 1532 946 accingere3
1578 875 1633 928 δε
1661 888 1881 927 ornnem

355 952 502 1006 Pelle
529 968 750 1005 moram.
787 949 883 1003 tibi
905 949 957 1003 se
981 948 1186 1020 semper
1211 947 1430 1002 debebit
1454 947 1604 1001 I'a'son
1621 986 1637 1011 ,

361 1023 451 1078 Te
477 1023 592 1078 face
616 1022 852 1078 sollemni
873 1022 1060 1092 junget
1088 1020 1206 1074 fibi:
1242 1037 1444 1092 perque
1469 1020 1706 1090 Pelasgas

253 1115 320 1164 50
360 1097 629 1151 Servat1·ix
654 1095 809 1150 urbes
838 1106 1066 1147 matrum
1092 1092 1429 1156 celebrabere
1456 1092 1622 1148 turba.

359 1170 508 1240 Ergo
536 1186 640 1239 ego
663 1183 992 1239 germanam,
1030 1165 1386 1237 fratremque,
1419 1178 1764 1237 patremque,
1803 1164 2064 1239 Deosque
2083 1207 2101 1232 ‚

360 1241 433 1297 Et
459 1242 628 1296 natale
651 1241 848 1304 solum,
887 1237 1056 1294 ventis
1084 1238 1278 1302 ablata,
1315 1237 1640 1309 relinquam?

4 1437 5 1442 ’
66 1440 217 1478 Catone
239 1440 426 1479 Ciceronis
457 1440 598 1485 hausit,
620 1439 680 1478 ssle
699 1451 744 1477 ex
769 1438 820 1478 sui
837 1438 1000 1479 Platonis
1014 1439 1109 1478 libro

4 1491 5 1532 ζ
70 1493 192 1541 primo
213 1490 259 1530 de
274 1490 487 1540 Republica.
513 1501 668 1541 uterque
689 1489 743 1527 Di
763 1490 902 1527 meliora
915 1493 951 1529 in
964 1491 1111 1539 respon-

3 1554 5 1582 }
66 1542 110 1580 so
132 1542 320 1590 Sophoclis
350 1542 584 1580 reddiderunt
598 1571 608 1586 ,
644 1541 745 1590 quod
775 1541 872 1590 apud
891 1543 1109 1587 Platonem,

3 1588 5 1658 l

70 1590 279 1639 εὐφήμει,ὦ
298 1593 460 1637 ἄνθρωπε.
488 1593 620 1630 Noster
633 1591 788 1629 Remed.
807 1603 895 1641 439.

125 1643 179 1678 Di
196 1644 336 1689 melius,
364 1657 470 1694 quam
489 1657 548 1680 nos
568 1655 767 1680 moneamus
786 1643 876 1679 talia
899 1655 1111 1693 quenquam.

76 1691 124 1730 Et
144 1706 188 1730 11.
210 1694 293 1742 388.

125 1744 179 1780 Di
197 1745 338 1781 melius.-
366 1744 431 1781 vix
453 1744 513 1781 hoc
532 1754 640 1795 nupta
660 1753 770 1781 tenere
785 1743 900 1793 potest.

76 1793 248 1832 Lucanus
266 1796 356 1833 libro
380 1809 425 1833 11.
447 1807 530 1843 537.

121 1845 174 1881 Di
201 1846 322 1882 melius
335 1875 344 1891 ,
372 1845 451 1883 belli
468 1846 613 1883 tulimus
633 1845 722 1895 quod
740 1845 871 1882 damna
885 1845 1023 1895 priores.

74 1893 188 1933 Libro
210 1908 271 1933 111.
294 1909 353 1946 93.

121 1945 176 1982 Di
196 1947 316 1984 melius
328 1976 337 1992 ‚
365 1947 455 1997 quod
471 1961 538 1985 non
564 1947 685 1985 Latias
705 1952 792 1984 Eous
811 1947 848 1985 in
867 1961 943 1985 oras

124 2001 230 2032 Nunc
237 1999 340 2043 furor
361 1997 528 2036 incubuit.

4 2075 5 2090 2
71 2045 198 2095 Atque
228 2048 276 2084 ita
293 2048 406 2097 saepe.
444 2049 621 2098 Apulejus
638 2049 699 2087 lib.
718 2062 782 2086 1¹1.
821 2049 915 2086 Met.
944 2048 997 2085 Di
1023 2048 1115 2085 mihi

4 2103 6 2122 1
72 2098 218 2142 melius,
235 2111 341 2146 quam
363 2109 402 2134 ut
423 2101 489 2135 mei
510 2099 619 2149 cauffa
638 2099 695 2136 vel
709 2099 892 2136 tantillum
908 2099 1112 2148 scrupulum

72 2147 216 2192 patiare.
242 2160 311 2185 nec
335 2149 509 2187 abludunt
533 2150 593 2187 ista
616 2151 725 2187 Gellii
753 2163 808 2187 xi.
836 2162 913 2198 cap.
947 2161 1003 2198 13.
1055 2149 1110 2187 Di

77 2206 226 2232 mentem
260 2198 428 2234 meliorem
466 2199 566 2237 mihi.
603 2200 650 2238 fic
680 2201 718 2237 &
756 2199 809 2237 Di
840 2199 930 2237 bene.
957 2201 1002 2237 de
1029 2212 1108 2250 quo

78 2244 257 2284 Trist.lib.
277 2248 426 2286 1.El.11.
439 2249 606 2288 diximus.
617 2250 775 2298 vers.41.
791 2252 935 2289 Hiems.
963 2250 1109 2290 Vid.ad

77 2296 216 2334 11.Art.
229 2297 310 2346 388.

128 2347 186 2394 38.
214 2348 444 2396 Prodamne]
473 2351 662 2388 perdamne
682 2352 818 2400 Regius
838 2352 876 2388 &
898 2351 1050 2390 Vivian.
1071 2353 1110 2390 &

6 2408 7 2430 1
75 2399 184 2434 multi
203 2399 273 2436 alii.
286 2399 392 2436 male.
419 2399 525 2448 Epist.
546 2413 616 2438 ΧΠ.
644 2414 724 2449 109.
753 2401 912 2438 Proditus
945 2402 987 2447 est
1019 2403 1111 2438 aeni-

1015 2434 1033 2450 ὸ

6 2447 7 2450 ’
71 2457 137 2484 tor.
167 2449 232 2496 Ep.
264 2461 316 2486 vx.
350 2461 430 2498 135.
458 2450 616 2487 Prodidit
646 2451 708 2487 illa
732 2460 879 2500 patrem.
907 2453 946 2489 &
973 2453 1111 2500 paffim.

6 2531 7 2552 3
74 2511 176 2546 regna
190 2508 337 2547 paterna
361 2502 471 2537 etiam
498 2501 636 2538 Medic.
652 2512 756 2538 unus.

124 2561 182 2594 41.
213 2550 336 2599 Virqm·
347 2549 433 2600 fia]
460 2557 568 2600 thue
577 2549 626 2599 fit
647 2562 738 2588 unus
758 2549 863 2586 Med.

119 2611 177 2649 43.
206 2601 388 2650 Occidam]
417 2602 567 2638 Decidat
587 2601 833 2645 Vaticanus&
852 2612 944 2639 unus
957 2601 1113 2653 Heinfii.

6 2642 7 2686 s
77 2649 151 2687 vid.
170 2650 228 2688 lib.
248 2663 300 2688 vx.
314 2664 369 2689 10.
398 2652 436 2688 &
456 2664 489 2689 x.
507 2664 562 2689 io.

124 2712 182 2749 43.
209 2701 272 2737 Sed
291 2715 359 2738 non
376 2700 404 2738 is
424 2702 546 2738 vultus
566 2702 603 2738 in
621 2701 679 2737 illo
694 2729 703 2745 ‚
734 2707 814 2737 Non
832 2714 870 2736 ea
890 2700 1051 2738 nobilitas
1069 2715 1110 2738 a—

74 2749 166 2787 nimo
185 2751 248 2798 est,
275 2765 312 2788 ea
337 2752 454 2801 gratia
481 2753 656 2802 formae]
711 2751 889 2789 Describit
917 2752 989 2800 ipse
1007 2752 1111 2799 Jaso·

74 2811 161 2838 nem
180 2802 246 2850 Ep.
261 2815 388 2840 xii.11.

128 2857 201 2888 Cur
216 2853 304 2889 mihi
319 2853 398 2902 plus
415 2867 521 2901 aequo
539 2853 633 2903 flavi
649 2852 804 2902 placuere
829 2851 970 2901 capilli?

198 2907 243 2938 Et
263 2903 357 2939 decor
371 2915 415 2943 (9·
435 2904 570 2952 linguae
582 2904 698 2952 gratia
711 2902 797 2950 ficita
819 2913 909 2939 tuae.

77 2950 132 2989 Ex
147 2952 220 2990 hoc
238 2953 422 3000 postremo
445 2955 549 2992 versu
579 2955 815 3003 exprimitur,
842 2953 945 3003 quod
962 2954 1011 2993 ait
1031 2954 1108 2994 Sta-

76 3002 144 3040 tius
166 3004 202 3040 in
221 3015 257 3040 v.
275 3004 397 3041 Theb.
409 3005 490 3051 456.

331 3065 376 3093 ες·
385 3052 420 3100 fi
437 3053 584 3091 blandus
609 3056 705 3103 Ic'zfim

127 3103 318 3150 Virginibus
337 3104 420 3139 dare
441 3103 558 3139 vincla
579 3106 689 3143 novis.

77 3152 252 3237 {lominus
273 3154 415 3191 videtur
437 3153 632 3201 significare
650 3154 752 3194 fuisse
771 3156 936 3195 formoso
952 3169 1107 3208 corpore

114 3213 162 3248 po
192 3213 274 3238 ,111.
294 3215 328 3250 9.

132 3256 175 3286 Ut
193 3256 414 3297 Argonautas
429 3262 562 3301 praeter
583 3267 697 3291 omnes
713 3255 903 3296 candidum

208 3302 330 3338 Medea
349 3302 479 3339 miram
501 3304 543 3352 est
561 3305 693 3345 ducem.

1995 1312 2207 1385 Nempe

1165 1439 1215 1479 Et
1236 1439 1308 1489 ipse
1328 1438 1450 1488 paullo
1476 1437 1601 1487 supra:

1217 1496 1343 1528 Forma
1362 1504 1498 1527 movere
1510 1488 1639 1539 potest?
1667 1498 1753 1526 certe
1769 1503 1845 1527 mea
1862 1490 1996 1539 peffora
2013 1490 2137 1529 movit.

1168 1541 1387 1578 Cromnos.
1443 1547 1523 1577 Non
1550 1554 1589 1576 ea
1615 1539 1790 1577 mobilitas
1829 1542 1957 1580 Oxon.
1979 1542 2017 1578 &
2050 1550 2210 1590 quatuor

1166 1593 1250 1636 alii,
1279 1601 1318 1629 ut
1340 1591 1475 1629 mobilis
1487 1590 1671 1639 Aesonides
1691 1591 1822 1629 dicitur
1849 1592 1957 1639 Epist.
1978 1603 2031 1628 vr.
2059 1604 2139 1640 109.
2170 1594 2211 1630 &

1165 1644 1213 1680 ita
1237 1643 1360 1692 passim
1396 1643 1458 1680 has
1487 1654 1598 1679 voces
1631 1641 1809 1679 confundi
1841 1641 1927 1680 scio.
1952 1641 2012 1678 sed
2041 1642 2101 1679 hic
2120 1642 2213 1680 nihil

1167 1703 1286 1731 muto.
1313 1705 1399 1730 nam
1419 1692 1540 1729 vultus
1564 1694 1602 1729 ὃ(
1630 1691 1749 1739 gratia
1783 1693 1844 1730 hic
1872 1693 2063 1741 requirunt
2089 1691 2213 1729 nobili-

1166 1754 1289 1781 tatem.
1326 1743 1443 1781 sensus
1471 1752 1593 1780 autern
1618 1742 1689 1786 est,
1709 1755 1787 1780 non
1824 1741 1894 1779 effe
1915 1754 1985 1779 nec
2006 1751 2081 1779 tam
2104 1743 2212 1780 vultu.

1167 1795 1291 1840 malo,
1318 1806 1388 1831 nec
1400 1794 1572 1842 degeneri
1602 1793 1816 1836 nobilitate,
1837 1801 1879 1830 ut
1908 1791 2026 1841 postet
2057 1793 2143 1830 inde
2165 1794 2214 1831 ti-

1168 1857 1270 1883 mere
1297 1845 1446 1882 Medea.
1483 1845 1628 1893 elegans
1654 1842 1713 1880 ille
1744 1855 1833 1880 vero
1868 1843 1948 1880 usus
1978 1844 2212 1891 pronominis

1165 1895 1205 1932 is.
1225 1896 1272 1933 fic
1294 1896 1418 1943 Justin.
1440 1907 1473 1932 v.
1495 1896 1530 1932 6.
1568 1901 1687 1944 Neque
1705 1894 1733 1930 is
1761 1893 1859 1930 miles
1881 1903 1979 1937 erat,
2008 1893 2069 1943 qui
2090 1907 2212 1931 nomen

1166 1945 1434 1995 Athenienfium
1453 1955 1608 1982 tueretur
1620 1973 1631 1990 ,
1659 1958 1766 1989 neque
1784 1957 1840 1980 eae
1851 1944 1942 1981 vires
1957 1972 1966 1988 ‚
1994 1943 2116 1994 quibus
2128 1945 2213 1981 vin-

1167 2010 1236 2033 cere
1258 1999 1526 2045 consueverant,
1555 2009 1663 2045 neque
1681 2008 1718 2030 ea
1735 1995 1884 2043 scientia
1902 1995 2069 2031 militaris
2091 1995 2129 2031 in
2141 1995 2212 2041 his,

1167 2061 1248 2095 quos
1288 2047 1460 2092 vincula,
1489 2060 1557 2084 non
1590 2045 1699 2092 castra
1727 2045 1982 2084 continuerant.
2020 2046 2160 2082 Lucan,
2180 2057 2212 2083 r.

1171 2109 1184 2134 1
1223 2110 1262 2136 ι.

1195 2109 1302 2186 7Non
1321 2158 1395 2185 erat
1416 2147 1444 2184 is
1464 2147 1602 2197 populus
1627 2159 1727 2196 quem
1740 2153 1812 2195 pax
1830 2143 2026 2193 tranquilla
2047 2145 2212 2192 juvaret..

1165 2199 1213 2236 Sr
1228 2201 1296 2238 tius
1317 2213 1363 2237 11.
1382 2199 1503 2236 Theb.
1516 2199 1574 2246 89.
1589 2204 1668 2234 Nox
1684 2210 1736 2239 ea,
1755 2196 1814 2234 ubi
1828 2195 2038 2232 Scholiastes
2056 2204 2211 2242 exponit

1165 2250 1260 2287 talis.
1290 2250 1336 2288 fic
1355 2250 1450 2299 apud
1472 2250 1622 2286 Livium
1644 2246 1706 2284 lib.
1724 2258 1863 2283 xxviii.
1889 2257 1947 2290 27.
1979 2245 2202 2294 legendum:

1165 2301 1194 2337 is
1214 2301 1358 2352 denique
1384 2314 1436 2349 ego
1457 2299 1550 2349 sim,
1579 2299 1674 2348 cujus
1699 2297 1831 2346 imperii
1861 2295 1992 2332 taedere
2020 2296 2210 2333 exercitum

1166 2351 1310 2388 minime
1331 2351 1534 2388 mirandum
1549 2348 1608 2399 fit.
1637 2348 1732 2386 male
1749 2347 1935 2396 ejecerunt
1953 2346 2017 2383 Viri
2041 2345 2141 2384 doc-021
2168 2348 2210 2388 τῦ

1166 2402 1208 2446 is,
1221 2404 1306 2450 quia
1325 2403 1361 2439 in
1381 2402 1592 2450 quibusdam
1614 2398 1801 2437 codicibus
1815 2397 1910 2434 deest
1925 2424 1935 2441 ‚
1964 2396 2064 2445 quod
2077 2395 2211 2434 accidit.

1166 2452 1215 2488 ob
1227 2452 1475 2499 praecedentis
1494 2452 1596 2489 vocis
1618 2447 1828 2486 credideritis
1840 2447 2005 2484 ultimam
2024 2446 2209 2495 syllabam.

1165 2501 1323 2548 pluribus
1342 2503 1452 2538 etiam
1472 2502 1566 2538 hanc
1587 2499 1801 2548 elegantiam
1824 2497 1968 2534 illustrat
1989 2497 2046 2534 Cl.
2064 2497 2212 2535 Bentle-

1160 2555 1220 2598 jus
1238 2552 1282 2588 ad
1308 2553 1439 2588 Horat.
1470 2563 1499 2588 1.
1519 2552 1588 2588 Sat.
1608 2564 1659 2587 1x.
1683 2562 1739 2596 ςς.
1766 2547 2021 2585 BuRMANNus.

1218 2613 1276 2647 44.
1303 2607 1355 2637 Ea
1371 2601 1488 2649 gratia
1506 2598 1682 2648 firmam]
1739 2600 1837 2646 Quia
1860 2596 2094 2647 praecesserat
2113 2626 2122 2642 ‚
2145 2598 2209 2646 fied

1169 2663 1237 2687 non
1256 2653 1284 2689 is
1313 2653 1436 2688 vultus
1458 2653 1495 2688 in
1514 2651 1572 2688 illo
1596 2679 1607 2696 ‚
1644 2662 1692 2688 ne
1723 2649 1773 2686 bis
1796 2649 1892 2686 idem
1919 2649 2034 2693 dicat,
2064 2649 2209 2688 videtur

1167 2701 1432 2740 rescribendum
1447 2730 1456 2746 ,
1484 2714 1522 2738 ea
1538 2702 1656 2750 gratia
1676 2713 1821 2737 morum.
1852 2700 1993 2737 Hiems.

1216 2754 1275 2798 46.
1302 2760 1344 2789 In
1358 2752 1536 2802 fhedera.]
1569 2759 1608 2788 In
1621 2751 1756 2799 foedere
1778 2750 1978 2788 Leidenfis.

1214 2815 1273 2849 47.
1303 2804 1402 2851 Qid
1433 2813 1511 2840 tuta
1531 2802 1685 2852 timess]
1740 2801 1856 2838 Stulta
1877 2801 1976 2838 times
1996 2801 2142 2840 Lovan.
2170 2801 2210 2839 &

1166 2852 1359 2892 Bafileens.

1214 2905 1273 2951 48.
1303 2911 1432 2954 Semper
1452 2904 1596 2942 del-chit.
1619 2902 1635 2953 ]
1692 2903 1780 2941 Non
1804 2901 1943 2941 damno
1966 2903 2061 2940 hanc
2081 2901 2212 2939 lectio-

1163 2966 1275 2999 nem;
1305 2958 1341 2993 8<
1361 2958 1410 2993 ita
1429 2955 1533 3004 saepe
1556 2954 1807 2993 Noster&alii
1825 2954 2037 3003 loquuntur.
2065 2952 2121 2988 sed
2144 2962 2211 2987 ne-

1161 3017 1234 3054 que
1245 3005 1389 3044 absurda
1402 3007 1509 3055 Regii
1533 3007 1667 3044 codicis
1686 3005 1821 3042 lectio:
1850 3004 1912 3040 tili
1928 3004 1963 3052 se
1974 3004 2212 3050 semperprac-

1160 3055 1252 3093 bebit
1273 3059 1379 3106 lefhn.
1399 3058 1484 3094 vide
1507 3058 1551 3095 ad
1579 3070 1608 3094 1.
1630 3057 1761 3093 Amor.
1782 3067 1843 3091 vi.
1866 3067 1923 3099 41.
1967 3056 2181 3088 BURMANN.

1216 3121 1274 3156 50.
1302 3107 1457 3157 Turba]
1498 3114 1628 3144 Turma
1649 3118 1742 3144 unus
1761 3103 1965 3142 Bafileenfis
1990 3103 2027 3138 δε
2051 3113 2101 3148 pr.
2123 3101 2209 3156 Me-

1163 3157 1299 3196 diceus.
1328 3159 1400 3196 vid.
1432 3157 1477 3196 ad
1505 3171 1549 3194 η.
1581 3159 1714 3195 Amor.
1743 3168 1831 3192 xiii.
1858 3154 1910 3190 18.
1950 3153 1987 3188 &
2011 3163 2074 3188 111.
2109 3151 2211 3188 Artis

1163 3209 1291 3245 Amat.
1312 3221 1343 3245 2.

1217 3271 1234 3305 ς
1246 3271 1274 3293 1.
1301 3262 1387 3305 Ergo
1406 3271 1459 3305 ego
1476 3270 1681 3304 germanam
1699 3283 1708 3298 ‚
1729 3257 1949 3300 fratremque
1963 3279 1973 3296 ,
1988 3260 2201 3301 patremque,

1164 3307 1334 3356 Deosque,
1347 3312 1390 3345 Et
1413 3307 1532 3345 natale
1546 3304 1805 3392 solum‚1vaei>{tis
1823 3302 1944 3341 ablata
1957 3300 2209 3392 ,relinqualrlnss

1694 3376 1712 3391 ,4
1782 3365 1803 3391 2·
2166 3363 2216 3391 OC
