2483 3616
200 177 332 234 1028

702 175 763 231 P.
840 164 1246 228 OVIDII
1315 166 1851 230 NASONIS

469 287 601 345 Inde
625 301 773 345 retro
798 285 1027 340 redeunt
1054 300 1065 336 :
1106 281 1361 354 idemque
1387 286 1647 341 retexitur
1672 288 1829 344 ordo·

323 379 431 433 250
465 361 603 434 Ignis
627 363 765 416 enim
792 357 1014 412 densum
1038 353 1270 427 spissatus
1296 354 1352 408 in
1378 358 1498 409 ae'ra
1523 360 1741 425 transit3

474 435 589 491 Hic
613 434 666 486 in
691 448 848 498 aquas
873 448 884 483 :
926 429 1080 483 tellus
1105 428 1400 499 glomerata
1426 427 1641 499 cogitur
1666 432 1828 488 unda.

469 509 586 563 Nec
611 500 809 574 species
833 503 920 557 sua
944 502 1141 573 cuique
1167 514 1361 554 manet.
1402 518 1692 572 rerumque
1715 506 1962 564 novatrix

478 579 566 632 Ex
590 577 698 630 aliis
723 576 843 631 alias
867 588 1071 647 reparat
1100 573 1303 626 Natura
1327 573 1536 642 figuras:

471 650 589 704 Nec
614 649 751 721 perit
776 649 830 703 in
857 662 1007 702 tanto
1033 644 1328 718 quidquam
1359 645 1513 715 (mihi
1541 646 1771 716 credite)
1800 648 2039 715 mundo;

332 743 434 793 255
474 723 583 778 Sed
609 723 772 777 variat
808 721 1108 792 faciemque
1132 731 1294 773 novat
1320 735 1332 771 :
1372 718 1619 792 nascique
1641 733 1891 783 vocatur,

474 796 713 867 Incipere
737 793 839 848 effe
865 792 1033 855 aliud,
1069 808 1230 864 quam
1253 791 1405 863 quod
1428 790 1530 845 fuit
1555 806 1708 857 ante3
1744 795 2020 866 morique,

473 867 732 924 Desinere
758 865 888 920 illud
913 865 1074 919 idem.
1116 882 1240 918 cum
1270 863 1368 918 fint
1394 863 1501 918 huc
1525 864 1744 920 forfitan
1771 866 1883 930 illa,

472 942 630 996 Haec
655 941 898 993 translata
921 938 1078 1000 illuc3
1119 937 1323 991 summ-21
1351 950 1531 991 tamen
1558 938 1736 992 omnia
1761 938 2019 994 constant.

472 1014 562 1067 Nil
588 1012 842 1085 equidem
873 1011 1064 1065 durare
1090 1010 1185 1064 diu
1209 1009 1300 1064 sub
1327 1010 1562 1080 imagine
1588 1010 1781 1066 eadem

329 1091 440 1143 260
476 1084 838 1140 Crediderim.
879 1083 948 1137 fic
976 1083 1042 1137 ad
1068 1082 1271 1137 ferrum
1296 1082 1504 1138 venistis
1528 1083 1592 1138 ab
1619 1101 1758 1139 auro»

479 1157 686 1212 Secula.
726 1157 795 1212 fic
821 1157 980 1210 toties
1006 1157 1154 1210 versa
1180 1172 1234 1210 es
1255 1195 1270 1219 ,
1308 1154 1547 1209 Fortuna
1573 1157 1836 1212 locorum.

477 1230 615 1286 Vidi
642 1248 774 1302 eg0‚
809 1228 958 1303 quod
984 1228 1157 1283 fuerat
1183 1227 1458 1301 quondam
1483 1228 1786 1285 solidissima
1813 1232 1994 1297 telIuS,

475 1302 598 1358 Effe
625 1304 839 1358 fretum.
880 1301 991 1357 vidi
1016 1301 1171 1355 faeias
1193 1319 1263 1355 ex
1288 1317 1522 1372 aequore
1547 1314 1740 1357 terras:

479 1375 553 1431 Et
581 1377 768 1448 procul
796 1378 822 1429 a
847 1375 1036 1447 pelago
1061 1374 1299 1428 conchae
1319 1373 1531 1443 jacuere
1557 1375 1818 1431 marinae:

339 1455 442 1520 265
481 1449 551 1503 Et
579 1463 730 1503 vetus
757 1449 970 1502 inventa
994 1446 1068 1503 est
1092 1447 1147 1501 in
1173 1445 1444 1501 montibus
1472 1446 1703 1502 anchora
1730 1450 1962 1505 summis,

480 1521 757 1597 Quodque
783 1520 884 1576 fuit
911 1537 1160 1592 campm,
1197 1519 1386 1576 vallem
1413 1519 1663 1578 decursus
1687 1539 1943 1595 aquarum

192 1741 361 1779 Crorau.
389 1738 503 1778 Habet
529 1739 640 1777 etiam
658 1737 828 1778 Francos-2
852 1737 892 1777 &
912 1737 1145 1788 piurimialii.
1165 1736 1233 1777 abit
1286 1736 1441 1778 varietas
1462 1737 1565 1787 apud·
1581 1738 1755 1779 eumdem
1775 1738 1838 1779 lib.
1859 1752 1894 1778 x.
1917 1738 2002 1789 1572

192 1793 338 1829 Genev.

239 1842 329 1887 248.
358 1840 533 1890 Emicat]
562 1841 693 1877 Evolat
711 1852 803 1878 unus
825 1840 953 1878 Heins.

241 1904 331 1939 250.
360 1892 448 1939 Ignis
478 1892 571 1927 enim
601 1891 781 1941 densmm]
811 1893 961 1941 Preffum
983 1904 1075 1930 unus
1099 1893 1239 1932 Medic.

186 1943 325 1992 spiffum
356 1942 518 1989 densatus
546 1942 683 1978 Moreti
716 1954 822 1980 unus.
848 1942 991 1990 densum
1016 1944 1172 1991 spiratus
1201 1944 1240 1982 in

190 1998 275 2029 ae'ra
294 1993 438 2029 Genev.
459 1992 562 2035 quod
585 2004 630 2028 an
652 1992 779 2039 aspira
805 1993 938 2030 deduci
960 1993 1090 2042 posset,
1112 1997 1150 2032 ὅ(
1171 2007 1238 2043 pro

190 2043 355 2089 denfiztus
386 2043 474 2090 poni
493 2067 503 2083 ‚
529 2050 570 2078 ut
591 2042 780 2089 conspirare
798 2043 846 2079 ita
865 2043 1008 2081 Gudius
1025 2045 1069 2081 ad
1089 2046 1243 2085 Phaedr.

194 2107 224 2132 1.
246 2093 331 2131 Fab.
353 2105 386 2130 2.
414 2091 570 2139 explicat
585 2119 596 2135 ‚
624 2091 773 2128 videant
792 2093 1019 2130 eruditiores.
1049 2092 1179 2132 Eum.

242 2156 328 2191 251.
359 2142 424 2179 Hic
445 2142 482 2178 in
500 2141 648 2190 aqua-s]
678 2141 759 2184 Hic,
779 2141 815 2178 id
834 2142 883 2179 est
904 2146 967 2178 ae'r
985 2142 1048 2189 (ita
1069 2146 1169 2182 enim
1187 2145 1240 2183 le-

190 2196 380 2244 gendum,
408 2205 486 2230 non
518 2201 557 2229 ut
587 2193 700 2240 vulgo
720 2191 895 2236 habetur,
922 2191 1019 2240 hinc)
1047 2193 1086 2229 in
1105 2207 1240 2243 aquas,

190 2245 293 2283 tellus
317 2241 513 2293 glomerate}
541 2242 669 2291 cogitur
696 2241 796 2278 undd
819 2269 829 2286 ,
864 2254 988 2292 neque
1017 2245 1117 2281 enim
1154 2244 1241 2282 fim-

188 2297 331 2345 pliciter
364 2294 537 2332 infimum
565 2302 627 2331 aut
654 2293 843 2330 summum
866 2294 1093 2332 elementum
1118 2296 1155 2333 in
1179 2307 1240 2333 ce-

190 2355 266 2385 tera
296 2346 426 2384 omnia
457 2345 631 2387 vertitur,
667 2343 728 2381 sed
761 2343 938 2394 quodque
968 2345 1006 2382 in
1028 2346 1243 2393 proximum

191 2397 296 2435 suum
314 2425 324 2442 ‚
353 2405 393 2434 ut
423 2395 561 2434 docent
579 2394 746 2444 Phyfiei,
771 2407 856 2432 nam
876 2394 978 2444 quod
1001 2396 1152 2444 quidam
1175 2409 1242 2446 pro

193 2447 291 2491 abit,
320 2446 421 2483 lmbet
448 2445 686 2489 substituunt,
724 2444 760 2482 id
788 2457 906 2495 aeque
926 2446 1095 2494 ineptum
1118 2459 1160 2486 ac
1180 2460 1245 2485 va-

195 2510 286 2535 num
317 2497 376 2535 est.
405 2498 584 2534 chrtL.
620 2495 725 2533 Idem
749 2507 876 2540 meus,
910 2497 976 2533 Hic
996 2497 1033 2533 in
1056 2512 1179 2547 aquas.
1207 2499 1243 2537 Si

192 2548 354 2596 legatur,
382 2547 474 2584 Hinc
493 2547 531 2584 in
551 2560 686 2596 aquas,
722 2546 956 2584 referendum
979 2547 1086 2586 estad
1104 2549 1244 2598 ignem.

197 2597 235 2634 Si
258 2598 368 2641 vero,
400 2598 464 2634 Hic
492 2598 531 2634 in
562 2610 696 2647 aquas,
723 2596 768 2634 ad
790 2601 913 2635 a'e'rem
930 2625 939 2641 ,
968 2598 1006 2634 δε
1027 2598 1244 2638 subaudien-

197 2647 287 2685 dum
303 2675 312 2690 ‚
352 2648 505 2684 Transit.
543 2650 787 2696 Quamquam
821 2649 932 2686 etiam
956 2648 1043 2685 illud
1066 2649 1157 2686 Hinc
1183 2662 1246 2688 ex-

198 2698 290 2745 poni
323 2697 438 2744 potest
458 2725 468 2742 ,
508 2709 553 2735 ex
581 2702 678 2736 aere.
714 2698 887 2738 CiOFAN.
921 2699 987 2736 Hic
1019 2700 1245 2740 vetustiores.

199 2749 348 2785 Hiems.

250 2810 335 2844 252.
364 2802 435 2833 Nec
452 2797 571 2844 species
595 2798 697 2846 sura]
728 2805 797 2835 Nec
824 2800 931 2846 facies
961 2812 1053 2839 unus
1075 2801 1246 2841 Leidens.

200 2847 369 2888 sollemni
389 2849 672 2894 permutatione.

253 2910 339 2948 253.
366 2902 421 2933 Ex
449 2896 529 2932 aliis
555 2895 645 2932 alias
673 2907 809 2945 reparat
830 2909 960 2935 natura
976 2899 1148 2949 figuras.]
1181 2904 1246 2939 Li-

202 2951 266 2988 ber
298 2959 427 2990 meus,
463 2951 520 2983 Ex
553 2945 632 2982 aliis
661 2947 750 2983 alias
778 2948 903 2984 reddit.
933 2950 1103 2988 CiorAN.
1130 2952 1184 2990 Ita
1204 2954 1242 2989 δε

201 3013 355 3039 novem.
382 2998 499 3046 repetit
520 3008 611 3033 unus
634 2996 772 3034 Medic.

253 3064 335 3100 254.
365 3056 436 3085 Nec
459 3047 548 3096 perit
576 3047 613 3083 in
634 3047 774 3096 tanta]
805 3048 861 3085 Sic
881 3049 1032 3086 Caelest.
1050 3050 1160 3087 Meus
1181 3063 1243 3088 ve-

201 3102 268 3147 ro,
295 3108 364 3138 Nec
378 3099 467 3148 perit
489 3098 615 3134 intoto.
643 3098 776 3135 Probo.
807 3098 974 3135 CiOfAN.
1004 3107 1044 3135 In
1056 3102 1244 3139 totoetiam

200 3154 349 3201 plurimi
379 3149 510 3198 scripti.
541 3148 600 3185 sed
620 3149 657 3186 ἃ
682 3149 828 3198 vulgata
845 3149 944 3188 reete
965 3149 999 3187 se
1020 3151 1140 3189 habet.
1168 3153 1247 3191 Lu-

207 3214 285 3239 can.
307 3215 341 3238 v.
365 3201 456 3238 086..

253 3257 385 3288 Tantus
408 3259 508 3299 capnt
528 3249 588 3286 hoc
599 3248 801 3299 fibisecerit
828 3250 917 3288 orbis

200 3301 262 3341 :ibi
283 3303 393 3339 etiam
415 3312 504 3339 totus
523 3300 598 3339 duo
617 3300 762 3339 codices
775 3301 1100 3354 Heinfioinspedti.
1114 3306 1244 3347 eadem

1337 1789 1545 1828 Ambitione
1555 1794 1681 1837 furens
1702 1802 1771 1829 toto
1792 1790 1964 1842 quaest-vit
1982 1790 2021 1829 in
2041 1789 2127 1827 orbe.

1296 1841 1422 1880 Valer.
1441 1841 1538 1879 Flac.
1560 1854 1612 1879 ιν.
1638 1853 1721 1892 74ς.

1347 1898 1459 1930 Tanto
1474 1894 1591 1941 procul
1611 1893 1687 1930 orbe
1706 1892 1838 1931 remoti.
1891 1892 2024 1932 Burri.

1348 1955 1433 1993 257.
1461 1950 1554 1981 Cum
1578 1942 1653 1993 fint
1685 1944 1791 1994 hun]
1828 1944 1986 1986 Malim,
2015 1954 2159 1992 cumque
2180 1941 2246 1977 huc
2259 1939 2348 1989 finti

1297 1996 1336 2033 δε
1357 2007 1450 2032 mox
1472 2006 1539 2043 pro
1561 1994 1780 2032 Crediderim
1794 2021 1804 2036 ‚
1832 1993 2039 2030 credideris.
2068 1991 2131 2030 etii
2142 1991 2244 2030 aliter
2255 1991 2357 2031 libri.-

1296 2046 1357 2084 lib.
1379 2057 1452 2082 ΧΠ.
1469 2046 1554 2092 456.

1348 2101 1421 2132 Nec
1438 2105 1480 2131 tu
1499 2093 1680 2132 credideris
1697 2103 1841 2130 tantum
1864 2091 2009 2142 ceciniffe
2021 2094 2155 2140 futura

1351 2144 1568 2194 Ampyciden
1589 2146 1758 2194 Mopsum.
1812 2143 1957 2181 HE1NS.

1352 2196 1438 2243 258.
1466 2195 1615 2231 summai
1636 2194 1926 2244 zamenomnia.]
1955 2200 2117 2232 Summae
2134 2193 2251 2232 omnia
2265 2193 2350 2232 Scan*

1300 2246 1401 2294 liger.
1430 2245 1577 2283 I-Ifims.
1602 2245 1760 2291 perstant
1779 2245 1888 2282 etiam
1909 2257 2003 2283 unus
2022 2245 2161 2283 Medic.

1353 2296 1440 2333 261.
1468 2295 1566 2345 Versa
1586 2296 1628 2344 est
1652 2295 1844 2345 fortuma]
1876 2297 1974 2346 Versa
1995 2309 2027 2334 es
2045 2295 2176 2335 rectius
2195 2297 2233 2334 in
2247 2294 2351 2334 codi‘-

1302 2346 1402 2385 cibus
1422 2347 1586 2384 Viviani.
1615 2347 1761 2385 Hfims.

1351 2398 1436 2435 266.
1462 2397 1635 2447 §Quodque
1647 2397 1726 2443 fuit
1749 2397 1926 2448 campus.]
1956 2398 2126 2447 Qodque
2137 2397 2213 2445 fuit
2226 2407 2348 2435 tumu-

1300 2447 1353 2485 lus
1381 2460 1474 2486 unus
1492 2448 1594 2486 Basil.
1614 2448 1716 2497 quod
1735 2460 1755 2486 a
1774 2449 1920 2487 librario
1939 2449 2146 2497 profestum
2162 2477 2172 2494 ,
2199 2457 2240 2486 ut
2263 2447 2353 2485 effer.

1300 2499 1486 2548 oppositio
1510 2499 1642 2537 melior
1666 2500 1716 2546 ’τῷ
1738 2500 1871 2544 vallis,
1899 2500 1957 2537 sed
1969 2500 2120 2549 sequens
2140 2512 2286 2547 aequor,
2313 2497 2351 2535 id

1300 2551 1350 2588 est
1378 2550 1570 2599 planities,
1597 2550 1709 2588 docet
1738 2551 1799 2588 hic
1832 2560 1990 2600 campum
2011 2549 2081 2588 effe
2104 2549 2352 2588 retinendum.

1299 2612 1386 2638 nam
1406 2614 1529 2651 aequor
1550 2601 1599 2638 ibi
1615 2601 1762 2649 planum
1788 2613 1959 2649 campum
1983 2608 2089 2639 notat
2111 2616 2123 2644 ;
2162 2608 2203 2638 ut
2223 2599 2350 2653 millies

1301 2651 1398 2700 apud
1429 2652 1593 2700 optimos
1624 2652 1832 2689 Latinitatis
1863 2652 2054 2694 auctiores,
2082 2662 2151 2688 nec
2169 2659 2282 2696 opus,
2310 2660 2349 2683 m

1302 2715 1452 2750 aequum
1474 2702 1596 2750 legere
1616 2713 1700 2738 cum
1723 2701 1779 2738 Cl.
1802 2703 2001 2740 Gronovio
2022 2701 2067 2738 ad
2087 2701 2171 2736 Liv.
2194 2711 2263 2743 1.4.
2284 2710 2350 2735 ne-

1302 2765 1376 2801 que
1400 2753 1509 2789 etiam
1542 2752 1706 2788 defluam
1728 2761 1885 2791 mutem.
1911 2754 1961 2790 ita
1982 2751 2108 2796 deferre
2137 2750 2250 2786 utitur
2273 2749 2349 2787 fere

1302 2803 1387 2841 Val.
1411 2803 1506 2840 Flac.
1528 2815 1572 2839 11.
1594 2814 1675 2849 521.
2291 2806 2293 2809 ’

1356 2860 1508 2901 Magnus
1532 2858 1626 2900 Eryx
1639 2881 1648 2896 ‚
1677 2854 1803 2899 deferre
1813 2852 1924 2888 velint
1935 2863 2035 2901 quem
2048 2848 2348 2888 vallibusimbres.

1307 2903 1366 2940 ubi
1396 2904 1494 2951 plura
1526 2903 1700 2939 dicemus.
1728 2902 1823 2939 Flor.
1847 2914 1900 2939 iv.
1937 2913 1990 2937 12.
2020 2904 2084 2949 Ipse
2114 2902 2266 2948 praesens
2289 2900 2349 2937 hes

1298 2954 1443 2990 deduxit
1463 2952 1637 2988 mentibus
1657 2953 1694 2988 ὃ(
1715 2965 1761 2989 11.
1782 2965 1815 2997 4.
1844 2951 1988 2988 Badius
2007 2952 2044 2987 in
2061 2951 2168 2999 plana
2188 2950 2348 2988 deduxit.

1299 3015 1411 3053 quare
1445 3005 1482 3039 ὃς
1511 3002 1605 3050 apud
1631 3001 1753 3048 Justin.
1777 3003 1836 3038 lib.
1859 3014 1906 3039 11.
1929 3015 1982 3038 10.
2009 3001 2235 3038 scribendum
2260 3012 2346 3038 cum

1301 3053 1512 3095 codicibus,
1543 3058 1678 3088 Montes
1699 3053 1735 3087 in
1754 3051 1901 3099 planum
1916 3050 2111 3089 deducebat.
2140 3051 2269 3088 Buum.

1353 3104 1435 3148 267.
1466 3103 1643 3138 Dfdufflus
1669 3102 1707 3138 in
1726 3102 1889 3151 aequora]
1918 3105 2090 3139 Deve-blus
2112 3102 2236 3139 malim
2258 3113 2344 3140 cum

1303 3166 1379 3193 uno
1405 3155 1538 3190 Moreti
1561 3155 1597 3189 ὃς
1620 3165 1696 3190 uno
1720 3153 1955 3190 Bononiensi.
1984 3154 2131 3190 Ι-Ιεῐκε.

1352 3216 1436 3248 270.
1464 3201 1627 3252 Emiſsa]
1660 3201 1815 3252 Admifit
1846 3205 1933 3252 Arg.
1965 3206 2002 3241 δε
2023 3203 2180 3252 Neapol.
2201 3201 2345 3252 immisi}

1302 3266 1381 3295 tres⁴
1402 3253 1595 3302 transmzfit
1616 3254 1753 3291 Medic.
1775 3254 1907 3303 demisit
1929 3256 2067 3292 Moret-

1354 3318 1437 3353 270.
1465 3310 1509 3342 Et
1529 3304 1644 3355 illie]
1671 3311 1726 3344 At
1747 3304 1818 3343 illic
1837 3306 2020 3344 meliores.
2047 3305 2192 3344 Hfims.

2182 3365 2278 3404 271..
2294 3359 2350 3399 Ee·
