2483 3616
293 118 1545 184 METAMORPHOSEON
1619 119 1765 176 Lm.
1826 124 1995 180 xm.

343 243 660 299 Coeranon,
706 235 1066 308 Hippaliden,
1105 236 1160 291 δε
1186 237 1561 312 Alastoraque,
1598 235 2056 309 Chromiumque,

343 311 810 381 Alcandrumque,
849 309 1206 382 Haliumque,
1244 312 1666 384 Noemonaque,
1705 309 2091 382 Prytaninque‚

341 383 632 455 Exitioque
660 383 786 436 dedi
811 401 936 436 cum
966 383 1403 437 Cher-fidatnante
1427 384 1688 446 Thoona,

193 463 294 511 260
333 455 403 510 Et
428 454 712 526 Charopen
729 496 744 519 ,
781 455 1006 529 fatisque
1034 457 1323 510 immitibus
1347 455 1639 510 Ennomon
1662 455 1865 510 afium:

345 528 565 599 Quique
593 529 764 582 minus
790 529 1024 583 celebres
1048 528 1222 582 nostrii
1247 527 1339 583 sub
1368 528 1648 581 moenibus
1672 528 1814 583 urbis

340 600 684 655 Procubuere
712 618 885 655 manu.
925 602 1043 655 sunt
1074 601 1127 654 ἃ
1156 601 1285 655 mihi
1314 601 1553 662 vulnera,
1594 601 1762 663 αἰνεῖς,

337 673 451 743 Ipso
482 674 698 744 pulchra
724 674 864 727 loco,
905 691 1004 727 nec
1032 673 1174 728 vanis
1203 672 1409 727 credite
1433 672 1622 727 verbis,

331 746 609 818 Adspicite
632 763 700 800 en
728 745 1058 818 (vestemque
1085 763 1241 800 manu
1266 745 1499 814 diducit)
1528 745 1611 808 δε,
1651 742 1806 798 Haec
1831 745 1952 799 sunt
1988 822 2017 870 ζ
2091 819 2133 873 p

1948 838 1977 868 2
2001 837 2050 885 χς
2137 838 2192 874 e-

2110 123 2211 191 877

42 956 254 996 restituenda
279 957 371 996 sunt.
407 957 618 995 GLAREAN.
648 954 819 1005 Iphitiden
838 963 882 994 (φ
903 953 1086 1001 Alastora-

44 1021 106 1058 que
134 1017 273 1046 veteres
297 1009 476 1058 plerique.
512 1009 653 1045 Herus.
692 1004 863 1043 Offendit
888 1012 1013 1042 tamen
1045 1005 1086 1042 il-

42 1058 102 1096 lud
117 1086 127 1102 ‚
156 1063 200 1094 Et
218 1058 459 1110 Alastoraque.
481 1059 517 1095 in
543 1057 728 1106 Neapolit.
747 1064 844 1097 erat,
871 1055 1088 1102 &Alastora

43 1108 332 1159 Charoniumque.
356 1113 391 1148 in
414 1109 544 1146 Urbin.
572 1113 617 1144 Et
635 1107 781 1144 Aletora
799 1106 1090 1155 Charoniumque.

87 1160 173 1208 258.
200 1159 473 1210 Pritanimqae]
504 1159 647 1202 Scribe,
670 1157 922 1206 Prytaninque.
944 1169 988 1194 ex
1004 1158 1087 1194 HO-

41 1222 143 1249 mero
167 1210 267 1248 Iliad.
290 1212 331 1248 E
360 1213 443 1256 677.
471 1222 538 1258 pro
563 1208 874 1258 Cherfidamante‚
905 1206 1087 1256 Chrefida·

40 1271 157 1300 mante
166 1261 349 1299 nonnulli.
360 1261 574 1309 Bernegger.
589 1260 739 1297 Thuan.
752 1259 820 1296 sec.
834 1258 941 1296 Palat.
956 1259 1086 1297 Oxou.

39 1311 217 1359 multique
242 1312 325 1356 alii,
362 1311 649 1349 Pheriaamante.
686 1311 899 1348 Heinsius.
929 1309 1084 1347 Thoanta

42 1362 135 1400 Cod.
154 1363 335 1401 Menardi.

83 1425 169 1463 259.
196 1411 498 1465 Exitioquededi]
529 1411 869 1462 Siclegendum.fic
882 1412 1087 1462 Amor.15.

36 1501 39 1503 ,
110 1465 284 1501 Carmina
294 1465 456 1513 sublimis
474 1475 557 1501 tunc
568 1464 658 1512 sunt
672 1463 830 1513 peritura
853 1462 1013 1508 Lucreti,

158 1516 277 1553 Exitio
295 1526 404 1552 terras
423 1517 501 1553 cum
521 1515 622 1551 dabit
640 1528 711 1551 una
733 1515 816 1553 dies.

38 1566 203 1605 ConAN.
230 1567 439 1615 Excidioque
461 1567 549 1603 dedi.
577 1566 716 1603 Medic.

83 1618 168 1655 260,
202 1618 360 1667 Fatisque
379 1616 575 1654 immitibus
597 1615 818 1665 Ennomon]
850 1615 891 1653 In
912 1627 999 1652 meo
1021 1627 1086 1653 an-

39 1667 198 1718 tiquiore
225 1669 262 1705 &
294 1668 433 1705 Fames.
462 1672 631 1705 Enomon.
659 1667 701 1704 In
726 1667 864 1709 altero,
892 1671 1085 1705 Ennomon.

37 1717 81 1756 In
96 1717 162 1756 illis
181 1730 244 1766 per
265 1717 416 1767 simplex
438 1724 495 1762 N,
524 1719 561 1755 in
581 1718 654 1755 hoc
673 1729 735 1764 per
747 1717 902 1765 duplex,
932 1718 968 1754 &
984 1717 1031 1754 ita
1044 1718 1083 1755 in

38 1779 115 1807 uno
145 1768 293 1808 Maffei.
333 1771 459 1817 Quare
490 1780 569 1806 non
598 1768 752 1806 dubium
774 1768 846 1811 est,
874 1768 964 1816 quin
984 1766 1084 1806 reete

38 1819 76 1857 δί
95 1819 283 1869 ingeniose
302 1819 601 1857 animadverterit
621 1818 681 1857 ille
694 1846 705 1863 ,
733 1820 794 1867 qui
816 1817 954 1856 addidit
964 1829 1084 1857 anno-

33 1870 192 1908 tationes
212 1870 318 1918 Regii
337 1870 647 1913 Commentariis,
675 1869 974 1919 cuiquicurnque
984 1869 1083 1908 hisce

35 1920 185 1964 litteris,
213 1921 251 1957 &
269 1920 434 1966 ovidio,
461 1920 498 1958 se
519 1919 702 1965 oblectat,
736 1921 935 1969 plurimum
958 1919 1080 1959 debet.

41 1968 154 2015 Legit
175 1971 273 2006 enim
289 1997 299 2012 ,
326 1971 487 2009 Homeri
513 1971 755 2015 auctoritate,
785 1975 978 2007 Ennomon.-
1003 1983 1081 2019 quo

41 2017 160 2056 modo
180 2017 322 2056 testatus
337 2019 414 2058 sum
432 2021 505 2070 legi
521 2023 559 2059 in
580 2021 722 2059 duobus
741 2021 800 2059 lib.
821 2021 968 2069 scriptis.
1013 2022 1081 2059 Fa-

39 2067 109 2105 cile
141 2078 266 2106 autem
290 2071 502 2118 contingere
519 2073 663 2119 potuit,
691 2080 731 2110 ut
756 2079 795 2109 N
812 2073 848 2110 in
874 2078 902 2109 V
922 2080 1082 2111 vertere-

0 2165 5 2169 ,
41 2126 112 2156 tur.
158 2118 275 2167 Quod
298 2118 496 2168 saepiffime
515 2132 582 2159 nos
604 2123 763 2161 vidimus
783 2122 987 2172 contigisse.
1039 2124 1080 2161 ln

39 2168 109 2207 hac
128 2168 286 2207 secunda
305 2171 538 2218 impreffione
559 2173 828 2218 animadverti,
853 2185 965 2222 quem
986 2186 1082 2212 nun-

39 2231 152 2269 quam
175 2220 337 2258 videram
354 2248 365 2263 ‚
393 2221 660 2270 Mariangelum
678 2224 777 2262 hunc
795 2223 912 2273 ipsum
929 2236 1082 2274 quoque

39 2270 165 2308 locum
189 2283 273 2308 cum
299 2271 460 2309 Homeri
478 2272 564 2309 loco
585 2273 773 2312 contuliffe
793 2288 803 2312 ε
831 2283 871 2312 ut
892 2277 1002 2313 mirer
1019 2288 1084 2313 au-

43 2320 184 2359 ctorem
202 2322 305 2359 illum
322 2349 332 2365 ,
359 2333 470 2370 quem
494 2321 628 2360 merito
647 2324 717 2362 hac
736 2325 888 2374 quidem
908 2327 944 2362 in
958 2338 995 2363 re
1007 2326 1085 2364 lau-

41 2371 146 2410 dibus
164 2373 277 2410 extuli
293 2400 303 2417 ,
330 2372 437 2420 iplius
456 2374 672 2422 Mai-tangeri
692 2375 926 2412 mentionem
946 2376 1083 2413 nullam

40 2420 184 2466 fecisse,
212 2425 276 2472 qui
303 2424 430 2461 omnia
444 2451 454 2467 ,
481 2435 575 2473 quae
596 2423 656 2461 ille
671 2425 750 2472 jam
770 2425 910 2471 pridem
930 2433 1086 2463 notave-

45 2480 121 2518 rat,
147 2475 304 2522 repetiit.
333 2473 404 2511 Sed
421 2473 499 2512 fieri
520 2474 635 2521 potest
649 2502 660 2518 ‚
688 2483 728 2512 ut
748 2475 823 2523 ejus
842 2475 980 2512 labores
1006 2487 1085 2513 non

43 2522 180 2572 legerit.
222 2525 304 2573 Ego
326 2525 490 2563 hominis
516 2524 709 2563 liberaliter
730 2525 878 2562 instituti
901 2524 970 2562 else
987 2525 1087 2573 judi·

43 2584 113 2620 co,
149 2586 364 2625 quenquam
395 2575 455 2614 sua
484 2575 591 2613 laude
620 2574 823 2614 defraudari
847 2587 926 2613 non
944 2575 1087 2615 debere.

44 2622 104 2662 De
122 2625 301 2664 Ennomo
320 2626 367 2664 fic
387 2626 593 2664 Ausonius:
614 2625 782 2674 Epitaph.
804 2638 887 2672 204.

77 2679 269 2725 'Ennomus
287 2676 343 2713 hic
361 2677 613 2726 Chromiusque
622 2677 742 2726 jacent
755 2704 766 2722 ,
795 2677 889 2725 queis
908 2676 1022 2727 Mysia
1032 2691 1085 2715 re-

37 2739 40 2741 *
221 2741 331 2775 gnum
344 2756 355 2773 ‚
976 2770 987 2778 ,

143 2779 251 2825 Qeis
265 2788 362 2827 pater
383 2778 556 2823 Alcinus,
583 2784 802 2828 Oceanusque
821 2788 963 2816 atavus.

95 2828 272 2865 Nobilitas
291 2828 376 2878 quid
395 2838 499 2866 tanta
511 2830 623 2879 juvat
635 2839 650 2866 ἓ
671 2843 735 2877 quo
755 2828 882 2866 clarius
901 2829 970 2877 istis

145 2878 204 2926 Est
218 2891 325 2927 genus
337 2906 348 2924 ,
374 2878 434 2916 hoc
455 2880 576 2918 mortis
594 2880 740 2917 conditio
757 2881 911 2928 gravior.

39 2928 217 2967 ‘'Cxouu.

42 3000 45 3003 ι
93 2980 179 3017 262.
205 2985 293 3016 Sunt
310 2989 352 3019 (9³
364 2979 453 3017 mihi
469 2980 631 3025 vulnera,
645 2980 750 3028 cives,
763 2982 831 3032 Ipfh
842 2981 991 3032 pulchra
1003 2983 1084 3020 loco.-

49 3042 108 3067 nec
126 3030 232 3067 vanis
248 3030 372 3068 credite
389 3029 503 3067 verbis
522 3047 534 3067 .·
562 3032 761 3080 Adspicite,
788 3032 867 3083 en.]
908 3034 1088 3072 Militibus

49 3081 230 3120 cicatrices
250 3109 260 3127 ‚
295 3092 384 3130 quas
413 3080 457 3118 ab
489 3081 592 3119 hoste
626 3092 839 3129 acceperant
861 3111 872 3128 ,
910 3084 1090 3123 ostentare

39 3131 254 3170 *maximum
273 3141 349 3170 erat
370 3140 633 3170 ornamentum
655 3131 752 3179 apud
772 3134 954 3181 antiquos.
1006 3136 1090 3173 Do-

39 3188 109 3220 ·cet
122 3182 198 3220 hoc
217 3182 262 3222 C.
279 3182 420 3221 Marius
437 3182 534 3231 apud
554 3181 770 3221 Sallustium.
822 3183 883 3219 De
907 3183 1006 3221 Bello
1028 3186 1091 3230 Ju-

51 3231 246 3282 gurthino‚
282 3234 341 3273 cui
370 3234 463 3286 ysitio
492 3231 641 3274 dabatur
668 3233 809 3282 generis
838 3231 890 3286 fui
917 3234 1093 3285 novitasg

39 3292 53 3306 Κ

1142 954 1244 1003 quod
1273 968 1388 995 nemo
1415 969 1460 995 ex
1486 968 1533 995 eo
1562 955 1812 1000 consulatum,
1839 963 1902 994 aut
1922 954 2011 993 alios
2030 956 2192 997 honores

1142 1005 1306 1054 gestisset.
1332 1009 1454 1045 Verba
1474 1009 1550 1057 ejus
1570 1008 1663 1044 haec
1682 1007 1783 1051 sunt,
1812 1008 1847 1044 in
1871 1008 2054 1051 oratione,
2076 1020 2190 1056 quam

1144 1056 1269 1094 habuit
1299 1058 1342 1095 ad
1369 1059 1559 1106 Quirites:
1591 1063 1672 1094 Non
1688 1057 1816 1107 possum
1829 1056 1915 1104 fidei
1936 1059 2048 1106 caussa
2065 1059 2194 1108 imagi-

1145 1119 1221 1151 nes,
1251 1121 1356 1157 neque
1375 1109 1565 1157 triumphos
1580 1136 1590 1153 ‚
1616 1118 1679 1145 aut
1700 1108 1895 1156 consulatus
1915 1109 2087 1156 majorum
2101 1123 2193 1146 meo-

1146 1170 1226 1193 rum
1244 1171 1259 1192 o
1275 1169 1406 1195 tentare
1425 1176 1435 1196 .·
1464 1169 1502 1195 at
1514 1188 1523 1203 ‚
1545 1157 1579 1207 si
1596 1173 1648 1206 res
1658 1158 1799 1208 postulet
1813 1186 1824 1203 ‚
1850 1158 1980 1203 hallas,
2001 1159 2192 1204 vexillum,

1135 1207 1321 1256 phaleras,
1359 1209 1434 1246 alia
1463 1209 1639 1247 militaria
1669 1209 1783 1253 dona,
1813 1217 1990 1258 praeterea
2020 1210 2192 1247 cicatrices

1142 1258 1287 1308 adverfi)
1305 1269 1442 1309 corpore.
1471 1261 1639 1298 Ciorm.
1669 1259 1819 1296 Vulnera
1839 1260 1929 1306 testes
1952 1260 2026 1297 Sixi
2047 1261 2191 1299 &unus

1142 1310 1282 1347 Medic.
1304 1311 1435 1356 Forte,
1463 1316 1553 1348 Sunt
1583 1325 1625 1347 en
1656 1309 1743 1347 mihi
1763 1309 1915 1346 vulnera
1934 1310 2038 1356 testes.
2089 1311 2190 1349 Vide

1141 1360 1260 1398 Notas
1288 1361 1378 1401 Fast.
1406 1374 1460 1401 xv·
1489 1361 1544 1405 fis.
1574 1362 1658 1411 885.
1695 1361 1840 1400 Heius.
1868 1366 1956 1397 Sunt
1978 1374 1995 1398 o
2017 1360 2120 1401 Bafil.
2148 1363 2189 1401 δε

1138 1411 1320 1450 Gronov.

1187 1462 1272 1512 263.
1302 1464 1370 1512 Ipft
1382 1463 1528 1513 pulchra
1546 1462 1654 1513 loca]
1683 1462 1811 1502 Pectus
1823 1463 2001 1507 denotat,
2030 1462 2187 1502 ubivul-

1137 1524 1225 1550 nera
1271 1523 1423 1563 excepta
1464 1514 1721 1553 fortitudinem
1758 1515 1796 1551 δί
1834 1514 1945 1551 decus
1979 1513 2190 1552 ostendunt.

1140 1564 1287 1601 Aeneas
1306 1565 1403 1613 apud
1421 1565 1525 1615 Virg.
1537 1565 1596 1603 lib.
1617 1577 1668 1603 xt.
1694 1578 1755 1614 ςς.
1783 1563 1829 1602 de
1841 1565 2000 1602 Pallante
2014 1562 2035 1602 Ξι
2051 1564 2188 1603 Turno

1139 1613 1349 1654 interfecto.

1246 1678 1344 1687 ·--
1370 1671 1428 1703 At
1447 1679 1515 1703 non
1535 1666 1702 1703 Evandre
1715 1665 1884 1715 pudendis

1192 1715 1395 1754 Vulneribus
1406 1717 1547 1767 pulsum
1563 1717 1712 1767 aspicies,-
1730 1729 1789 1753 nec
1801 1715 1922 1765 fhspite
1941 1715 2061 1754 dirum

1191 1766 1335 1816 Optabis
1358 1777 1441 1805 nato
1453 1769 1570 1815 funus
1587 1778 1700 1817 pater.

1139 1816 1282 1856 Contra
1300 1819 1432 1868 pudori
1454 1826 1530 1856 erat
1541 1818 1614 1863 illi,
1643 1816 1850 1867 cuiatergo
1866 1816 2019 1855 vulnera
2031 1816 2127 1857 illata
2138 1818 2192 1857 es-

1137 1867 1238 1913 sent,
1265 1881 1360 1919 quae
1377 1877 1521 1908 metum
1539 1877 1650 1918 atque
1667 1869 1852 1917 ignaviam
1864 1879 1948 1917 prae
1960 1868 1995 1906 se
2011 1869 2190 1908 ferebant.

1138 1919 1393 1969 Depromptus
1412 1920 1462 1958 est
1481 1928 1604 1958 autem
1628 1919 1845 1969 hujusmodi
1861 1919 1977 1968 gestus
1990 1931 2036 1957 ex
2051 1920 2123 1970 ipsa
2135 1932 2192 1958 ar-

1137 1977 1174 2007 te
1187 1998 1198 2014 ,
1225 1982 1320 2020 quae
1338 1972 1376 2010 in
1399 1972 1575 2009 Romano
1597 1972 1680 2008 foro
1694 1970 1860 2019 vigebat,
1886 1970 1923 2007 in
1936 1982 2013 2019 quo
2031 1971 2092 2010 hic
2105 1971 2188 2009 No-

1136 2020 1204 2057 ster
1224 2021 1366 2060 summa
1387 2034 1472 2061 cum
1494 2021 1601 2061 laude
1619 2021 1776 2059 versatus
1789 2028 1879 2060 erat.
1907 2022 2120 2069 Quiautem
2134 2029 2190 2059 ta-

1135 2070 1209 2108 lem
1235 2073 1365 2121 agebat
1391 2073 1554 2122 gestum,
1588 2074 1637 2110 ita
1658 2071 1802 2120 judices
1831 2070 1877 2108 ad
1900 2071 2187 2110 misericordiam
2216 2089 2218 2091 >

1137 2124 1405 2162 commovebat
1418 2151 1430 2169 ‚
1458 2132 1498 2162 ut
1518 2135 1584 2172 pro
1604 2123 1638 2161 se
1653 2123 1820 2172 judicare
1842 2130 2073 2169 cogerentur.
2125 2121 2187 2160 De

1136 2184 1214 2221 quo
1233 2172 1373 2213 Craffus
1396 2175 1607 2212 Antonium
1638 2174 1828 2222 alloquens
1846 2183 1892 2208 11.
1917 2171 1979 2209 De
2000 2172 2184 2211 Oratore:

1138 2225 1306 2272 cap.·28.
1348 2225 1454 2275 §Quod
1482 2224 1575 2262 enim
1606 2232 1873 2267 ornamentum,
1910 2234 1998 2270 quae
2016 2223 2094 2267 vis,
2122 2223 2186 2272 qui

1137 2275 1302 2320 animus,
1330 2289 1419 2325 quae
1448 2275 1602 2325 dignitas
1630 2274 1684 2311 illi
1712 2272 1853 2310 oratori
1881 2272 2016 2318 deficit,
2053 2273 2115 2324 qui
2142 2273 2184 2311 in

1140 2325 1251 2373 caussa
1271 2327 1468 2375 peroranda
1496 2340 1564 2363 non
1585 2324 1767 2362 dubitavit
1786 2323 1935 2360 excitare
1953 2335 2048 2358 reum
2068 2324 2188 2371 consu-

1141 2375 1272 2422 larem,
1299 2387 1342 2415 &
1361 2378 1431 2425 ejus
1452 2377 1633 2414 diloricare
1648 2374 1806 2411 tunicam
1819 2401 1830 2418 ‚
1857 2384 1900 2412 (3·
1912 2373 2088 2421 judicibus
2098 2375 2187 2411 cica-

1141 2426 1240 2462 trices
1256 2427 1423 2475 adversas
1433 2427 1525 2475 senis
1544 2425 1757 2475 imperatoris
1777 2423 1942 2472 ostendere
1960 2432 1975 2460 ἓ
2003 2424 2050 2462 Et
2060 2425 2186 2463 Anto-

1139 2475 1221 2512 nius
1250 2476 1385 2514 ibidem
1407 2490 1417 2514 2
1457 2475 1548 2526 Sensi
1565 2476 1721 2527 equidem
1740 2485 1818 2512 tum
1838 2482 2034 2524 magnopere
2054 2475 2188 2512 moveri

1134 2525 1289 2573 judices,
1318 2527 1398 2565 cum
1417 2527 1572 2565 excitavi
1594 2526 1759 2575 maestum
1778 2538 1818 2562 ac
1822 2524 2046 2574 fhrdidatum
2050 2526 2189 2574 senem,

1140 2587 1186 2614 ἐφ’
1207 2589 1285 2614 cum
1302 2577 1364 2623 ista
1374 2578 1445 2624 feci
1458 2606 1469 2623 ‚
1497 2590 1584 2628 quae
1604 2588 1668 2621 tu,
1695 2576 1831 2626 Crasse,
1860 2574 2002 2621 laudas,
2014 2589 2082 2612 non
2093 2586 2184 2620 arte,

1142 2626 1184 2662 de
1201 2641 1271 2676 qua
1294 2628 1380 2677 quid
1397 2628 1520 2679 loquar
1541 2628 1644 2677 nescio
1658 2655 1669 2672 ,
1693 2627 1751 2673 sed
1773 2636 1869 2664 motu
1881 2639 2005 2675 magno
2018 2626 2133 2664 animi
2143 2639 2186 2664 ac

1141 2677 1253 2715 dolore
1266 2706 1276 2724 ,
1304 2688 1344 2716 ut
1363 2678 1587 2727 discinderem
1607 2677 1764 2715 tunicam
1778 2705 1788 2722 ,
1825 2687 1867 2714 ut
1890 2676 2061 2714 cicatrices
2082 2677 2188 2724 osten-

1141 2728 1255 2766 derem
1268 2757 1279 2774 ,
1307 2729 1386 2766 cum
1408 2735 1450 2767 C.
1463 2729 1603 2766 Marius
1613 2741 1798 2766 maerorem
1811 2727 1976 2765 orationis
1986 2741 2080 2765 meae
2084 2737 2188 2777 prae·

1133 2779 1213 2827 sens
1242 2792 1283 2817 ac
1299 2781 1418 2827 sedens
1438 2779 1560 2818 multis
1582 2779 1737 2816 lacrimis
1755 2778 1828 2826 ficis
1846 2778 2039 2826 adjuvaret
2061 2794 2072 2814 .·
2110 2788 2183 2818 wc.

1143 2829 1263 2879 Hujus
1287 2832 1339 2869 rei
1368 2831 1542 2869 meminit
1567 2830 1624 2867 M.
1646 2829 1793 2869 Tullius
1809 2829 1871 2868 lib.
1892 2840 1930 2867 V.
1951 2830 1989 2866 in
2010 2829 2182 2866 Verrem,

1141 2880 1180 2918 in
1198 2881 1318 2920 initio.
1339 2893 1452 2930 quem
1473 2881 1571 2920 vide.
1600 2881 1770 2919 CIOFAN.

1193 2933 1277 2978 264.
1305 2933 1496 2984 Vellemque
1524 2944 1636 2971 manu
1666 2930 1851 2980 deduxit]
1881 2930 1934 2967 lta
1954 2939 2084 2966 omnes
2103 2926 2183 2964 libri

1141 2982 1291 3032 scripti:
1319 2985 1445 3035 itaque
1475 2983 1675 3034 legendum
1702 2982 1804 3030 supra
1836 2981 1948 3018 etiam
1975 2978 2184 3016 docuimus,

1143 3035 1276 3082 Juven.
1295 3034 1367 3075 Sat.
1389 3048 1477 3073 xm.
1509 3047 1591 3085 132.

1351 3129 1354 3131 .
1639 3097 1735 3123 nemo
1755 3082 1901 3119 dolorem

1196 3136 1315 3186 Fingit
1329 3137 1367 3174 in
1385 3137 1499 3185 occasu
1513 3164 1524 3180 ‚
1551 3134 1674 3183 vestem
1694 3134 1852 3170 deducere
1861 3132 2042 3179 summam
2051 3144 2065 3172 ;

1196 3194 1390 3224 Contentus
1410 3199 1538 3223 vexare
1557 3185 1666 3222 oculos
1686 3183 1826 3220 humore
1848 3182 1968 3218 coacto.

1149 3237 1207 3276 Sic
1239 3237 1288 3275 est
1317 3238 1355 3276 in
1383 3237 1564 3287 perveteri
1594 3236 1689 3285 typis
1713 3232 1845 3286 excuso
1873 3232 1911 3270 &
1930 3232 1967 3270 in
1988 3230 2123 3320 scripte&
2144 3229 2191 3287 li-

2126 3293 2167 3322 to
2181 3307 2200 3328 2
