<?xml version="1.0" encoding="UTF-8"?>
<!DOCTYPE html PUBLIC "-//W3C//DTD XHTML 1.0 Transitional//EN"
    "http://www.w3.org/TR/xhtml1/DTD/xhtml1-transitional.dtd">
<html xmlns="http://www.w3.org/1999/xhtml" xml:lang="en" lang="en">
 <head>
  <title>
</title>
<meta http-equiv="Content-Type" content="text/html;charset=utf-8" />
  <meta name='ocr-system' content='tesseract 3.04.00' />
  <meta name='ocr-capabilities' content='ocr_page ocr_carea ocr_par ocr_line ocrx_word'/>
</head>
<body>
  <div class='ocr_page' id='page_1' title='image "./publiiovidiinaso02ovid_0189.png"; bbox 0 0 2483 3616; ppageno 0'>
   <div class='ocr_carea' id='block_1_1' title="bbox 357 140 2138 218">
    <p class='ocr_par' dir='ltr' id='par_1_1' title="bbox 357 140 2138 218">
     <span class='ocr_line' id='line_1_1' title="bbox 357 140 2138 218; baseline 0.001 -9"><span class='ocrx_word' id='word_1_1' title='bbox 357 140 1969 218; x_wconf 68' lang='lat' dir='ltr'><strong>METAMORPHOSEONL1B.III.</strong></span> <span class='ocrx_word' id='word_1_2' title='bbox 2119 175 2138 210; x_wconf 85' lang='lat'>1</span> 
     </span>
    </p>
   </div>
   <div class='ocr_carea' id='block_1_2' title="bbox 2149 177 2209 228">
    <p class='ocr_par' dir='ltr' id='par_1_2' title="bbox 2149 177 2209 228">
     <span class='ocr_line' id='line_1_2' title="bbox 2149 177 2175 225; textangle 90"><span class='ocrx_word' id='word_1_3' title='bbox 2149 177 2175 225; x_wconf 47' lang='grc' dir='ltr'><strong>Χ]</strong></span> 
     </span>
     <span class='ocr_line' id='line_1_3' title="bbox 2181 182 2209 228; textangle 90"><span class='ocrx_word' id='word_1_4' title='bbox 2181 182 2209 228; x_wconf 49' lang='lat'><strong>*52</strong></span> 
     </span>
    </p>
   </div>
   <div class='ocr_carea' id='block_1_3' title="bbox 231 246 1869 1278">
    <p class='ocr_par' dir='ltr' id='par_1_3' title="bbox 366 246 1792 402">
     <span class='ocr_line' id='line_1_4' title="bbox 366 246 1672 328; baseline -0.011 -10"><span class='ocrx_word' id='word_1_5' title='bbox 366 263 560 318; x_wconf 83' lang='lat' dir='ltr'><strong>Cetera</strong></span> <span class='ocrx_word' id='word_1_6' title='bbox 583 251 879 328; x_wconf 85' lang='lat' dir='ltr'>paullatim:</span> <span class='ocrx_word' id='word_1_7' title='bbox 919 248 1239 322; x_wconf 90' lang='lat' dir='ltr'><strong>placidoque</strong></span> <span class='ocrx_word' id='word_1_8' title='bbox 1265 246 1457 302; x_wconf 66' lang='lat' dir='ltr'><strong>educ&#39;ta</strong></span> <span class='ocrx_word' id='word_1_9' title='bbox 1482 260 1672 303; x_wconf 90' lang='lat' dir='ltr'><strong>tenore</strong></span> 
     </span>
     <span class='ocr_line' id='line_1_5' title="bbox 369 320 1792 402; baseline -0.006 -15"><span class='ocrx_word' id='word_1_10' title='bbox 369 333 516 388; x_wconf 92' lang='lat' dir='ltr'><strong>Tota</strong></span> <span class='ocrx_word' id='word_1_11' title='bbox 538 337 751 402; x_wconf 89' lang='lat' dir='ltr'><strong>patent;</strong></span> <span class='ocrx_word' id='word_1_12' title='bbox 792 325 1015 396; x_wconf 89' lang='lat' dir='ltr'><strong>imoque</strong></span> <span class='ocrx_word' id='word_1_13' title='bbox 1038 322 1204 394; x_wconf 90' lang='lat' dir='ltr'><strong>pedes</strong></span> <span class='ocrx_word' id='word_1_14' title='bbox 1225 322 1281 375; x_wconf 91' lang='lat' dir='ltr'><strong>in</strong></span> <span class='ocrx_word' id='word_1_15' title='bbox 1304 320 1545 393; x_wconf 78' lang='lat' dir='ltr'><strong>margine</strong></span> <span class='ocrx_word' id='word_1_16' title='bbox 1567 336 1792 395; x_wconf 92' lang='lat' dir='ltr'><strong>ponunt.</strong></span> 
     </span>
    </p>

    <p class='ocr_par' dir='ltr' id='par_1_4' title="bbox 243 393 1869 608">
     <span class='ocr_line' id='line_1_6' title="bbox 243 393 1869 476; baseline -0.007 -14"><span class='ocrx_word' id='word_1_17' title='bbox 243 425 336 476; x_wconf 75' lang='lat'><strong>115</strong></span> <span class='ocrx_word' id='word_1_18' title='bbox 369 403 618 459; x_wconf 86' lang='lat' dir='ltr'><strong>Territus</strong></span> <span class='ocrx_word' id='word_1_19' title='bbox 640 398 791 454; x_wconf 89' lang='lat' dir='ltr'><strong>hoste</strong></span> <span class='ocrx_word' id='word_1_20' title='bbox 815 413 962 451; x_wconf 85' lang='lat' dir='ltr'><strong>novo</strong></span> <span class='ocrx_word' id='word_1_21' title='bbox 985 393 1223 450; x_wconf 84' lang='lat' dir='ltr'>Cadmus</span> <span class='ocrx_word' id='word_1_22' title='bbox 1246 410 1437 465; x_wconf 82' lang='lat' dir='ltr'><strong>capere</strong></span> <span class='ocrx_word' id='word_1_23' title='bbox 1465 412 1607 449; x_wconf 83' lang='lat' dir='ltr'><strong>arma</strong></span> <span class='ocrx_word' id='word_1_24' title='bbox 1632 396 1869 468; x_wconf 83' lang='lat' dir='ltr'><strong>parabat:</strong></span> 
     </span>
     <span class='ocr_line' id='line_1_7' title="bbox 363 469 1859 547; baseline -0.007 -14"><span class='ocrx_word' id='word_1_25' title='bbox 363 477 449 534; x_wconf 89' lang='lat' dir='ltr'><strong>Ne</strong></span> <span class='ocrx_word' id='word_1_26' title='bbox 478 492 607 547; x_wconf 85' lang='lat' dir='ltr'><strong>cape</strong></span> <span class='ocrx_word' id='word_1_27' title='bbox 625 512 641 537; x_wconf 93' lang='lat'>,</span> <span class='ocrx_word' id='word_1_28' title='bbox 678 472 749 526; x_wconf 88' lang='lat' dir='ltr'><strong>de</strong></span> <span class='ocrx_word' id='word_1_29' title='bbox 771 469 1000 543; x_wconf 64' lang='lat' dir='ltr'><strong>popum,</strong></span> <span class='ocrx_word' id='word_1_30' title='bbox 1034 485 1196 541; x_wconf 89' lang='lat' dir='ltr'><strong>quem</strong></span> <span class='ocrx_word' id='word_1_31' title='bbox 1222 480 1363 521; x_wconf 84' lang='lat' dir='ltr'><strong>terra</strong></span> <span class='ocrx_word' id='word_1_32' title='bbox 1388 482 1688 533; x_wconf 85' lang='lat' dir='ltr'><strong>creaverat,</strong></span> <span class='ocrx_word' id='word_1_33' title='bbox 1724 486 1859 526; x_wconf 86' lang='lat' dir='ltr'><strong>unus</strong></span> 
     </span>
     <span class='ocr_line' id='line_1_8' title="bbox 363 540 1548 608; baseline -0.008 -3"><span class='ocrx_word' id='word_1_34' title='bbox 363 549 674 608; x_wconf 80' lang='lat' dir='ltr'><strong>Exclamat3</strong></span> <span class='ocrx_word' id='word_1_35' title='bbox 713 562 815 599; x_wconf 88' lang='lat' dir='ltr'><strong>nec</strong></span> <span class='ocrx_word' id='word_1_36' title='bbox 843 557 897 597; x_wconf 88' lang='lat' dir='ltr'><strong>te</strong></span> <span class='ocrx_word' id='word_1_37' title='bbox 920 542 1158 598; x_wconf 83' lang='lat' dir='ltr'><strong>civilibus</strong></span> <span class='ocrx_word' id='word_1_38' title='bbox 1183 541 1355 595; x_wconf 89' lang='lat' dir='ltr'><strong>insere</strong></span> <span class='ocrx_word' id='word_1_39' title='bbox 1383 540 1548 596; x_wconf 78' lang='lat' dir='ltr'><strong>bellis,</strong></span> 
     </span>
    </p>

    <p class='ocr_par' dir='ltr' id='par_1_5' title="bbox 361 612 1711 761">
     <span class='ocr_line' id='line_1_9' title="bbox 361 612 1711 695; baseline -0.006 -18"><span class='ocrx_word' id='word_1_40' title='bbox 361 623 547 695; x_wconf 87' lang='lat' dir='ltr'><strong>Atque</strong></span> <span class='ocrx_word' id='word_1_41' title='bbox 568 621 643 674; x_wconf 91' lang='lat' dir='ltr'><strong>ita</strong></span> <span class='ocrx_word' id='word_1_42' title='bbox 666 617 945 690; x_wconf 84' lang='lat' dir='ltr'><strong>terrigenis</strong></span> <span class='ocrx_word' id='word_1_43' title='bbox 973 615 1149 688; x_wconf 91' lang='lat' dir='ltr'><strong>rigido</strong></span> <span class='ocrx_word' id='word_1_44' title='bbox 1176 614 1245 668; x_wconf 88' lang='lat' dir='ltr'><strong>de</strong></span> <span class='ocrx_word' id='word_1_45' title='bbox 1270 612 1518 669; x_wconf 83' lang='lat' dir='ltr'><strong>fratribus</strong></span> <span class='ocrx_word' id='word_1_46' title='bbox 1542 631 1711 670; x_wconf 90' lang='lat' dir='ltr'><strong>unum</strong></span> 
     </span>
     <span class='ocr_line' id='line_1_10' title="bbox 364 687 1709 761; baseline -0.006 -12"><span class='ocrx_word' id='word_1_47' title='bbox 364 694 629 749; x_wconf 88' lang='lat' dir='ltr'><strong>Cominus</strong></span> <span class='ocrx_word' id='word_1_48' title='bbox 653 691 774 746; x_wconf 90' lang='lat' dir='ltr'><strong>ense</strong></span> <span class='ocrx_word' id='word_1_49' title='bbox 799 691 952 745; x_wconf 89' lang='lat' dir='ltr'><strong>ferit:</strong></span> <span class='ocrx_word' id='word_1_50' title='bbox 986 689 1160 761; x_wconf 86' lang='lat' dir='ltr'><strong>jaculo</strong></span> <span class='ocrx_word' id='word_1_51' title='bbox 1188 687 1329 743; x_wconf 90' lang='lat' dir='ltr'><strong>cadit</strong></span> <span class='ocrx_word' id='word_1_52' title='bbox 1356 688 1561 742; x_wconf 90' lang='lat' dir='ltr'><strong>eminus</strong></span> <span class='ocrx_word' id='word_1_53' title='bbox 1585 688 1709 760; x_wconf 87' lang='lat' dir='ltr'><strong>ipse.</strong></span> 
     </span>
    </p>

    <p class='ocr_par' dir='ltr' id='par_1_6' title="bbox 233 759 1810 1132">
     <span class='ocr_line' id='line_1_11' title="bbox 233 759 1800 840; baseline -0.007 -16"><span class='ocrx_word' id='word_1_54' title='bbox 233 787 334 825; x_wconf 82' lang='lat'><strong>120</strong></span> <span class='ocrx_word' id='word_1_55' title='bbox 370 766 484 823; x_wconf 87' lang='lat' dir='ltr'><strong>Hic</strong></span> <span class='ocrx_word' id='word_1_56' title='bbox 508 782 757 840; x_wconf 89' lang='lat' dir='ltr'><strong>quoque,</strong></span> <span class='ocrx_word' id='word_1_57' title='bbox 794 764 888 837; x_wconf 92' lang='lat' dir='ltr'><strong>qui</strong></span> <span class='ocrx_word' id='word_1_58' title='bbox 911 763 1022 818; x_wconf 90' lang='lat' dir='ltr'><strong>leto</strong></span> <span class='ocrx_word' id='word_1_59' title='bbox 1049 761 1297 826; x_wconf 88' lang='lat' dir='ltr'><strong>dederat,</strong></span> <span class='ocrx_word' id='word_1_60' title='bbox 1338 778 1449 815; x_wconf 91' lang='lat' dir='ltr'><strong>non</strong></span> <span class='ocrx_word' id='word_1_61' title='bbox 1476 761 1686 833; x_wconf 91' lang='lat' dir='ltr'><strong>longius</strong></span> <span class='ocrx_word' id='word_1_62' title='bbox 1709 759 1800 815; x_wconf 84' lang='lat' dir='ltr'><strong>illo</strong></span> 
     </span>
     <span class='ocr_line' id='line_1_12' title="bbox 361 836 1810 909; baseline -0.007 -13"><span class='ocrx_word' id='word_1_63' title='bbox 361 839 546 904; x_wconf 88' lang='lat' dir='ltr'><strong>Vivit,</strong></span> <span class='ocrx_word' id='word_1_64' title='bbox 589 839 644 892; x_wconf 83' lang='lat'>&amp;</span> <span class='ocrx_word' id='word_1_65' title='bbox 670 837 924 909; x_wconf 85' lang='lat' dir='ltr'><strong>exspirat,</strong></span> <span class='ocrx_word' id='word_1_66' title='bbox 962 836 1130 890; x_wconf 92' lang='lat' dir='ltr'><strong>modo</strong></span> <span class='ocrx_word' id='word_1_67' title='bbox 1154 853 1281 908; x_wconf 88' lang='lat' dir='ltr'><strong>quas</strong></span> <span class='ocrx_word' id='word_1_68' title='bbox 1305 848 1608 906; x_wconf 87' lang='lat' dir='ltr'><strong>acceperat,</strong></span> <span class='ocrx_word' id='word_1_69' title='bbox 1647 848 1810 890; x_wconf 80' lang='lat' dir='ltr'><strong>auraS.</strong></span> 
     </span>
     <span class='ocr_line' id='line_1_13' title="bbox 365 907 1686 985; baseline -0.003 -17"><span class='ocrx_word' id='word_1_70' title='bbox 365 912 746 985; x_wconf 80' lang='lat' dir='ltr'><strong>Exemploque</strong></span> <span class='ocrx_word' id='word_1_71' title='bbox 770 910 884 984; x_wconf 89' lang='lat' dir='ltr'><strong>pari</strong></span> <span class='ocrx_word' id='word_1_72' title='bbox 905 908 1034 964; x_wconf 88' lang='lat' dir='ltr'><strong>furit</strong></span> <span class='ocrx_word' id='word_1_73' title='bbox 1059 909 1231 963; x_wconf 89' lang='lat' dir='ltr'><strong>omnis</strong></span> <span class='ocrx_word' id='word_1_74' title='bbox 1258 907 1439 963; x_wconf 86' lang='lat' dir='ltr'><strong>turba:</strong></span> <span class='ocrx_word' id='word_1_75' title='bbox 1482 907 1686 981; x_wconf 88' lang='lat' dir='ltr'><strong>suoque</strong></span> 
     </span>
     <span class='ocr_line' id='line_1_14' title="bbox 361 981 1748 1054; baseline -0.001 -13"><span class='ocrx_word' id='word_1_76' title='bbox 361 985 546 1041; x_wconf 88' lang='lat' dir='ltr'><strong>Marte</strong></span> <span class='ocrx_word' id='word_1_77' title='bbox 571 985 770 1040; x_wconf 90' lang='lat' dir='ltr'><strong>cadunt</strong></span> <span class='ocrx_word' id='word_1_78' title='bbox 792 981 946 1037; x_wconf 91' lang='lat' dir='ltr'><strong>subiti</strong></span> <span class='ocrx_word' id='word_1_79' title='bbox 971 999 1068 1054; x_wconf 91' lang='lat' dir='ltr'><strong>per</strong></span> <span class='ocrx_word' id='word_1_80' title='bbox 1092 994 1278 1035; x_wconf 90' lang='lat' dir='ltr'><strong>mutua</strong></span> <span class='ocrx_word' id='word_1_81' title='bbox 1301 981 1520 1035; x_wconf 84' lang='lat' dir='ltr'><strong>vulnera</strong></span> <span class='ocrx_word' id='word_1_82' title='bbox 1543 981 1748 1039; x_wconf 82' lang='lat' dir='ltr'><strong>fratres,</strong></span> 
     </span>
     <span class='ocr_line' id='line_1_15' title="bbox 349 1052 1671 1132; baseline -0.005 -18"><span class='ocrx_word' id='word_1_83' title='bbox 349 1058 577 1132; x_wconf 86' lang='lat' dir='ltr'><strong>Jamque</strong></span> <span class='ocrx_word' id='word_1_84' title='bbox 602 1055 778 1112; x_wconf 86' lang='lat' dir='ltr'><strong>brevis</strong></span> <span class='ocrx_word' id='word_1_85' title='bbox 801 1053 1026 1126; x_wconf 86' lang='lat' dir='ltr'><strong>spatium</strong></span> <span class='ocrx_word' id='word_1_86' title='bbox 1050 1053 1190 1108; x_wconf 89' lang='lat' dir='ltr'><strong>vitae</strong></span> <span class='ocrx_word' id='word_1_87' title='bbox 1213 1052 1399 1108; x_wconf 90' lang='lat' dir='ltr'><strong>sortita</strong></span> <span class='ocrx_word' id='word_1_88' title='bbox 1418 1056 1671 1124; x_wconf 85' lang='lat' dir='ltr'><strong>juventus</strong></span> 
     </span>
    </p>

    <p class='ocr_par' dir='ltr' id='par_1_7' title="bbox 231 1124 1846 1278">
     <span class='ocr_line' id='line_1_16' title="bbox 231 1124 1820 1204; baseline -0.003 -15"><span class='ocrx_word' id='word_1_89' title='bbox 231 1152 329 1203; x_wconf 83' lang='lat'><strong>125</strong></span> <span class='ocrx_word' id='word_1_90' title='bbox 369 1131 722 1204; x_wconf 84' lang='lat' dir='ltr'><strong>Sanguineam</strong></span> <span class='ocrx_word' id='word_1_91' title='bbox 744 1126 958 1198; x_wconf 90' lang='lat' dir='ltr'><strong>trepido</strong></span> <span class='ocrx_word' id='word_1_92' title='bbox 981 1125 1302 1199; x_wconf 89' lang='lat' dir='ltr'><strong>plangebant</strong></span> <span class='ocrx_word' id='word_1_93' title='bbox 1322 1124 1543 1199; x_wconf 70' lang='lat' dir='ltr'><strong>pectore</strong></span> <span class='ocrx_word' id='word_1_94' title='bbox 1565 1139 1790 1184; x_wconf 88' lang='lat' dir='ltr'><strong>matrem</strong></span> <span class='ocrx_word' id='word_1_95' title='bbox 1805 1167 1820 1192; x_wconf 91' lang='lat'>‚</span> 
     </span>
     <span class='ocr_line' id='line_1_17' title="bbox 358 1198 1846 1278; baseline -0.003 -18"><span class='ocrx_word' id='word_1_96' title='bbox 358 1205 614 1278; x_wconf 89' lang='lat' dir='ltr'><strong>Quinque</strong></span> <span class='ocrx_word' id='word_1_97' title='bbox 638 1198 1023 1274; x_wconf 86' lang='lat' dir='ltr'><strong>superstitibus:</strong></span> <span class='ocrx_word' id='word_1_98' title='bbox 1065 1216 1301 1273; x_wconf 92' lang='lat' dir='ltr'><strong>quorum</strong></span> <span class='ocrx_word' id='word_1_99' title='bbox 1326 1198 1427 1254; x_wconf 86' lang='lat' dir='ltr'><strong>fuit</strong></span> <span class='ocrx_word' id='word_1_100' title='bbox 1450 1216 1586 1254; x_wconf 80' lang='lat' dir='ltr'><strong>unus</strong></span> <span class='ocrx_word' id='word_1_101' title='bbox 1617 1200 1846 1256; x_wconf 86' lang='lat' dir='ltr'><strong>Echion.</strong></span> 
     </span>
    </p>
   </div>
   <div class='ocr_carea' id='block_1_4' title="bbox 13 1345 1114 2062">
    <p class='ocr_par' dir='ltr' id='par_1_8' title="bbox 69 1345 1114 1453">
     <span class='ocr_line' id='line_1_18' title="bbox 126 1345 1114 1401; baseline -0.01 -8"><span class='ocrx_word' id='word_1_102' title='bbox 126 1356 212 1401; x_wconf 73' lang='lat'><strong>107.</strong></span> <span class='ocrx_word' id='word_1_103' title='bbox 236 1352 337 1390; x_wconf 80' lang='lat' dir='ltr'><strong>Acies</strong></span> <span class='ocrx_word' id='word_1_104' title='bbox 358 1349 550 1401; x_wconf 58' lang='lat' dir='ltr'><strong>apparuit]</strong></span> <span class='ocrx_word' id='word_1_105' title='bbox 580 1349 638 1388; x_wconf 89' lang='lat' dir='ltr'><strong>Sic</strong></span> <span class='ocrx_word' id='word_1_106' title='bbox 661 1360 697 1387; x_wconf 90' lang='lat' dir='ltr'><strong>o.</strong></span> <span class='ocrx_word' id='word_1_107' title='bbox 718 1355 808 1386; x_wconf 81' lang='lat' dir='ltr'><strong>vett.</strong></span> <span class='ocrx_word' id='word_1_108' title='bbox 829 1346 920 1385; x_wconf 83' lang='lat' dir='ltr'><strong>libri.</strong></span> <span class='ocrx_word' id='word_1_109' title='bbox 949 1345 1114 1396; x_wconf 86' lang='lat' dir='ltr'><strong>Impreffi</strong></span> 
     </span>
     <span class='ocr_line' id='line_1_19' title="bbox 69 1399 1112 1453; baseline -0.01 -9"><span class='ocrx_word' id='word_1_110' title='bbox 69 1409 162 1444; x_wconf 67' lang='lat' dir='ltr'><strong>&#39;vero</strong></span> <span class='ocrx_word' id='word_1_111' title='bbox 177 1432 187 1448; x_wconf 84' lang='lat'>‚</span> <span class='ocrx_word' id='word_1_112' title='bbox 208 1403 408 1453; x_wconf 77' lang='lat' dir='ltr'><strong>comparuit.</strong></span> <span class='ocrx_word' id='word_1_113' title='bbox 435 1401 538 1439; x_wconf 87' lang='lat' dir='ltr'><strong>Illam</strong></span> <span class='ocrx_word' id='word_1_114' title='bbox 562 1399 785 1450; x_wconf 81' lang='lat' dir='ltr'><strong>sequendam</strong></span> <span class='ocrx_word' id='word_1_115' title='bbox 809 1407 914 1448; x_wconf 89' lang='lat' dir='ltr'><strong>puto.</strong></span> <span class='ocrx_word' id='word_1_116' title='bbox 943 1399 1112 1453; x_wconf 40' lang='grc' dir='ltr'><strong>(ἰωῇ-ΑΝς</strong></span> 
     </span>
    </p>

    <p class='ocr_par' dir='ltr' id='par_1_9' title="bbox 13 1448 1113 1653">
     <span class='ocr_line' id='line_1_20' title="bbox 126 1448 1113 1503; baseline -0.007 -11"><span class='ocrx_word' id='word_1_117' title='bbox 126 1454 207 1493; x_wconf 84' lang='lat'><strong>108.</strong></span> <span class='ocrx_word' id='word_1_118' title='bbox 234 1454 415 1491; x_wconf 85' lang='lat' dir='ltr'><strong>Nutantia</strong></span> <span class='ocrx_word' id='word_1_119' title='bbox 437 1452 553 1503; x_wconf 86' lang='lat' dir='ltr'><strong>cono.]</strong></span> <span class='ocrx_word' id='word_1_120' title='bbox 584 1453 716 1496; x_wconf 75' lang='lat' dir='ltr'><strong>Unus,</strong></span> <span class='ocrx_word' id='word_1_121' title='bbox 744 1450 932 1487; x_wconf 63' lang='lat' dir='ltr'><strong>luctantia.</strong></span> <span class='ocrx_word' id='word_1_122' title='bbox 959 1448 1113 1486; x_wconf 85' lang='lat' dir='ltr'><strong>Thuanl</strong></span> 
     </span>
     <span class='ocr_line' id='line_1_21' title="bbox 13 1499 1113 1555; baseline -0.008 -11"><span class='ocrx_word' id='word_1_123' title='bbox 13 1534 19 1535; x_wconf 27' lang='lat' dir='ltr'><em>ff</em></span> <span class='ocrx_word' id='word_1_124' title='bbox 71 1514 188 1551; x_wconf 85' lang='lat' dir='ltr'><strong>unus,</strong></span> <span class='ocrx_word' id='word_1_125' title='bbox 209 1506 363 1555; x_wconf 60' lang='lat' dir='ltr'><strong>piffloque</strong></span> <span class='ocrx_word' id='word_1_126' title='bbox 386 1505 568 1541; x_wconf 80' lang='lat' dir='ltr'><strong>micantia.</strong></span> <span class='ocrx_word' id='word_1_127' title='bbox 594 1503 654 1541; x_wconf 88' lang='lat' dir='ltr'><strong>sed</strong></span> <span class='ocrx_word' id='word_1_128' title='bbox 676 1501 766 1540; x_wconf 88' lang='lat' dir='ltr'><strong>nihil</strong></span> <span class='ocrx_word' id='word_1_129' title='bbox 789 1507 909 1538; x_wconf 88' lang='lat' dir='ltr'><strong>muto.</strong></span> <span class='ocrx_word' id='word_1_130' title='bbox 946 1499 993 1536; x_wconf 89' lang='lat' dir='ltr'><strong>fic</strong></span> <span class='ocrx_word' id='word_1_131' title='bbox 1015 1499 1113 1536; x_wconf 87' lang='lat' dir='ltr'><strong>Am-</strong></span> 
     </span>
     <span class='ocr_line' id='line_1_22' title="bbox 71 1549 1113 1603; baseline -0.005 -9"><span class='ocrx_word' id='word_1_132' title='bbox 71 1557 183 1594; x_wconf 82' lang='lat' dir='ltr'><strong>mian.</strong></span> <span class='ocrx_word' id='word_1_133' title='bbox 204 1555 356 1593; x_wconf 85' lang='lat' dir='ltr'><strong>Marcel.</strong></span> <span class='ocrx_word' id='word_1_134' title='bbox 387 1554 446 1592; x_wconf 89' lang='lat' dir='ltr'><strong>lib.</strong></span> <span class='ocrx_word' id='word_1_135' title='bbox 469 1567 528 1592; x_wconf 79' lang='lat' dir='ltr'><strong>xx.</strong></span> <span class='ocrx_word' id='word_1_136' title='bbox 560 1565 637 1603; x_wconf 86' lang='lat' dir='ltr'><strong>cap.</strong></span> <span class='ocrx_word' id='word_1_137' title='bbox 671 1566 717 1590; x_wconf 90' lang='lat'><strong>11.</strong></span> <span class='ocrx_word' id='word_1_138' title='bbox 749 1552 903 1603; x_wconf 67' lang='lat' dir='ltr'><strong>conifipie</strong></span> <span class='ocrx_word' id='word_1_139' title='bbox 929 1549 1113 1601; x_wconf 81' lang='lat' dir='ltr'><strong>galearum</strong></span> 
     </span>
     <span class='ocr_line' id='line_1_23' title="bbox 69 1605 771 1653; baseline -0.004 -9"><span class='ocrx_word' id='word_1_140' title='bbox 69 1607 241 1644; x_wconf 79' lang='lat' dir='ltr'><strong>minacius</strong></span> <span class='ocrx_word' id='word_1_141' title='bbox 262 1617 403 1643; x_wconf 81' lang='lat' dir='ltr'><strong>nutans.</strong></span> <span class='ocrx_word' id='word_1_142' title='bbox 432 1605 534 1642; x_wconf 81' lang='lat' dir='ltr'><strong>Silius</strong></span> <span class='ocrx_word' id='word_1_143' title='bbox 553 1605 613 1642; x_wconf 88' lang='lat' dir='ltr'><strong>lib.</strong></span> <span class='ocrx_word' id='word_1_144' title='bbox 636 1617 663 1642; x_wconf 90' lang='lat'><strong>1.</strong></span> <span class='ocrx_word' id='word_1_145' title='bbox 687 1616 771 1653; x_wconf 75' lang='lat'><strong>501.</strong></span> 
     </span>
    </p>

    <p class='ocr_par' dir='ltr' id='par_1_10' title="bbox 68 1654 822 1758">
     <span class='ocr_line' id='line_1_24' title="bbox 122 1654 822 1703; baseline -0.001 -10"><span class='ocrx_word' id='word_1_146' title='bbox 122 1663 326 1695; x_wconf 75' lang='lat' dir='ltr'><strong>Innumerae</strong></span> <span class='ocrx_word' id='word_1_147' title='bbox 347 1666 479 1694; x_wconf 81' lang='lat' dir='ltr'><strong>nutant</strong></span> <span class='ocrx_word' id='word_1_148' title='bbox 497 1657 535 1693; x_wconf 87' lang='lat' dir='ltr'><strong>in</strong></span> <span class='ocrx_word' id='word_1_149' title='bbox 556 1654 673 1703; x_wconf 76' lang='lat' dir='ltr'><strong>casside</strong></span> <span class='ocrx_word' id='word_1_150' title='bbox 693 1654 822 1701; x_wconf 80' lang='lat' dir='ltr'><strong>cristae.</strong></span> 
     </span>
     <span class='ocr_line' id='line_1_25' title="bbox 68 1703 298 1758; baseline 0 -13"><span class='ocrx_word' id='word_1_151' title='bbox 68 1703 118 1745; x_wconf 88' lang='lat' dir='ltr'><strong>Et</strong></span> <span class='ocrx_word' id='word_1_152' title='bbox 138 1719 190 1745; x_wconf 78' lang='lat' dir='ltr'><strong>xv.</strong></span> <span class='ocrx_word' id='word_1_153' title='bbox 215 1719 298 1758; x_wconf 80' lang='lat'><strong>355.</strong></span> 
     </span>
    </p>

    <p class='ocr_par' dir='ltr' id='par_1_11' title="bbox 385 1755 834 1805">
     <span class='ocr_line' id='line_1_26' title="bbox 385 1755 834 1805; baseline -0.007 -10"><span class='ocrx_word' id='word_1_154' title='bbox 385 1764 563 1795; x_wconf 81' lang='lat' dir='ltr'><strong>Nutantes</strong></span> <span class='ocrx_word' id='word_1_155' title='bbox 584 1755 699 1805; x_wconf 74' lang='lat' dir='ltr'><strong>casside</strong></span> <span class='ocrx_word' id='word_1_156' title='bbox 717 1755 834 1803; x_wconf 79' lang='lat' dir='ltr'><strong>cristae</strong></span> 
     </span>
    </p>

    <p class='ocr_par' dir='ltr' id='par_1_12' title="bbox 64 1807 1109 2007">
     <span class='ocr_line' id='line_1_27' title="bbox 117 1807 985 1858; baseline 0 -13"><span class='ocrx_word' id='word_1_157' title='bbox 117 1807 279 1856; x_wconf 83' lang='lat' dir='ltr'><strong>Hostilem</strong></span> <span class='ocrx_word' id='word_1_158' title='bbox 299 1808 445 1847; x_wconf 83' lang='lat' dir='ltr'><strong>tremulo</strong></span> <span class='ocrx_word' id='word_1_159' title='bbox 458 1808 603 1858; x_wconf 77' lang='lat' dir='ltr'><strong>pulsant</strong></span> <span class='ocrx_word' id='word_1_160' title='bbox 625 1807 801 1845; x_wconf 83' lang='lat' dir='ltr'><strong>conamine</strong></span> <span class='ocrx_word' id='word_1_161' title='bbox 813 1807 985 1853; x_wconf 56' lang='lat' dir='ltr'><strong>frontemss</strong></span> 
     </span>
     <span class='ocr_line' id='line_1_28' title="bbox 64 1856 1109 1909; baseline -0.003 -12"><span class='ocrx_word' id='word_1_162' title='bbox 64 1857 177 1908; x_wconf 75' lang='lat' dir='ltr'><strong>&#39;Apud</strong></span> <span class='ocrx_word' id='word_1_163' title='bbox 200 1872 312 1909; x_wconf 89' lang='lat' dir='ltr'><strong>quem</strong></span> <span class='ocrx_word' id='word_1_164' title='bbox 333 1860 392 1898; x_wconf 91' lang='lat' dir='ltr'><strong>lib.</strong></span> <span class='ocrx_word' id='word_1_165' title='bbox 415 1871 468 1897; x_wconf 76' lang='lat' dir='ltr'><strong>xv.</strong></span> <span class='ocrx_word' id='word_1_166' title='bbox 490 1860 575 1907; x_wconf 87' lang='lat'><strong>460.</strong></span> <span class='ocrx_word' id='word_1_167' title='bbox 606 1858 704 1898; x_wconf 62' lang='lat' dir='ltr'><strong>reete</strong></span> <span class='ocrx_word' id='word_1_168' title='bbox 734 1857 886 1895; x_wconf 88' lang='lat' dir='ltr'><strong>Modius</strong></span> <span class='ocrx_word' id='word_1_169' title='bbox 918 1858 957 1894; x_wconf 70' lang='grc' dir='ltr'><strong>ὅ(</strong></span> <span class='ocrx_word' id='word_1_170' title='bbox 988 1856 1109 1894; x_wconf 90' lang='lat' dir='ltr'><strong>Hein-</strong></span> 
     </span>
     <span class='ocr_line' id='line_1_29' title="bbox 68 1907 1109 1959; baseline -0.003 -12"><span class='ocrx_word' id='word_1_171' title='bbox 68 1909 138 1948; x_wconf 88' lang='lat' dir='ltr'><strong>fius</strong></span> <span class='ocrx_word' id='word_1_172' title='bbox 158 1913 387 1959; x_wconf 74' lang='lat' dir='ltr'><strong>repomerat,</strong></span> <span class='ocrx_word' id='word_1_173' title='bbox 415 1920 546 1948; x_wconf 82' lang='lat' dir='ltr'><strong>nutant</strong></span> <span class='ocrx_word' id='word_1_174' title='bbox 566 1921 632 1959; x_wconf 89' lang='lat' dir='ltr'><strong>pro</strong></span> <span class='ocrx_word' id='word_1_175' title='bbox 655 1910 789 1946; x_wconf 84' lang='lat' dir='ltr'><strong>micant</strong></span> <span class='ocrx_word' id='word_1_176' title='bbox 820 1909 859 1945; x_wconf 66' lang='grc' dir='ltr'><strong>ὃς</strong></span> <span class='ocrx_word' id='word_1_177' title='bbox 893 1907 1038 1957; x_wconf 84' lang='lat' dir='ltr'><strong>egregie</strong></span> <span class='ocrx_word' id='word_1_178' title='bbox 1066 1907 1109 1945; x_wconf 89' lang='lat' dir='ltr'><strong>il·</strong></span> 
     </span>
     <span class='ocr_line' id='line_1_30' title="bbox 64 1959 1108 2007; baseline -0.003 -8"><span class='ocrx_word' id='word_1_179' title='bbox 64 1959 263 2001; x_wconf 80' lang='lat' dir='ltr'><strong>lustrarunt.</strong></span> <span class='ocrx_word' id='word_1_180' title='bbox 290 1962 457 1999; x_wconf 83' lang='lat' dir='ltr'><strong>nutantia</strong></span> <span class='ocrx_word' id='word_1_181' title='bbox 477 1961 557 1998; x_wconf 86' lang='lat' dir='ltr'><strong>collo</strong></span> <span class='ocrx_word' id='word_1_182' title='bbox 578 1959 790 1998; x_wconf 86' lang='lat' dir='ltr'><strong>Bersmanni</strong></span> <span class='ocrx_word' id='word_1_183' title='bbox 808 1969 949 2007; x_wconf 84' lang='lat' dir='ltr'><strong>margo.</strong></span> <span class='ocrx_word' id='word_1_184' title='bbox 978 1960 1058 1996; x_wconf 74' lang='lat' dir='ltr'><strong>BuR</strong></span> <span class='ocrx_word' id='word_1_185' title='bbox 1067 1971 1108 1996; x_wconf 84' lang='lat' dir='ltr'><strong>M.</strong></span> 
     </span>
    </p>

    <p class='ocr_par' dir='ltr' id='par_1_13' title="bbox 124 2009 1108 2062">
     <span class='ocr_line' id='line_1_31' title="bbox 124 2009 1108 2062; baseline -0.003 -12"><span class='ocrx_word' id='word_1_186' title='bbox 124 2024 204 2050; x_wconf 87' lang='lat'><strong>110.</strong></span> <span class='ocrx_word' id='word_1_187' title='bbox 232 2012 434 2062; x_wconf 51' lang='lat' dir='ltr'><strong>Existunt]</strong></span> <span class='ocrx_word' id='word_1_188' title='bbox 462 2013 570 2050; x_wconf 87' lang='lat' dir='ltr'><strong>Unus</strong></span> <span class='ocrx_word' id='word_1_189' title='bbox 591 2011 785 2048; x_wconf 89' lang='lat' dir='ltr'><strong>Mediceus</strong></span> <span class='ocrx_word' id='word_1_190' title='bbox 815 2010 967 2046; x_wconf 70' lang='lat' dir='ltr'><strong>exitunt.</strong></span> <span class='ocrx_word' id='word_1_191' title='bbox 1004 2009 1108 2057; x_wconf 85' lang='lat' dir='ltr'><strong>quod</strong></span> 
     </span>
    </p>
   </div>
   <div class='ocr_carea' id='block_1_5' title="bbox 71 2059 1109 2111">
    <p class='ocr_par' dir='ltr' id='par_1_14' title="bbox 71 2059 1109 2111">
     <span class='ocr_line' id='line_1_32' title="bbox 71 2059 1109 2111; baseline -0.002 -13"><span class='ocrx_word' id='word_1_192' title='bbox 71 2071 139 2109; x_wconf 90' lang='lat' dir='ltr'><strong>pro</strong></span> <span class='ocrx_word' id='word_1_193' title='bbox 169 2062 318 2099; x_wconf 82' lang='lat' dir='ltr'><strong>exiliunt</strong></span> <span class='ocrx_word' id='word_1_194' title='bbox 345 2063 517 2111; x_wconf 81' lang='lat' dir='ltr'><strong>scrlptum</strong></span> <span class='ocrx_word' id='word_1_195' title='bbox 548 2062 644 2100; x_wconf 85' lang='lat' dir='ltr'><strong>forte</strong></span> <span class='ocrx_word' id='word_1_196' title='bbox 677 2061 737 2098; x_wconf 79' lang='lat' dir='ltr'><strong>est.</strong></span> <span class='ocrx_word' id='word_1_197' title='bbox 774 2059 835 2098; x_wconf 87' lang='lat' dir='ltr'><strong>sed</strong></span> <span class='ocrx_word' id='word_1_198' title='bbox 869 2059 955 2097; x_wconf 85' lang='lat' dir='ltr'><strong>vide</strong></span> <span class='ocrx_word' id='word_1_199' title='bbox 987 2060 1034 2097; x_wconf 86' lang='lat' dir='ltr'><strong>ad</strong></span> <span class='ocrx_word' id='word_1_200' title='bbox 1050 2059 1109 2097; x_wconf 91' lang='lat' dir='ltr'><strong>lib.</strong></span> 
     </span>
    </p>
   </div>
   <div class='ocr_carea' id='block_1_6' title="bbox 62 2112 1110 3272">
    <p class='ocr_par' dir='ltr' id='par_1_15' title="bbox 70 2112 398 2158">
     <span class='ocr_line' id='line_1_33' title="bbox 70 2112 398 2158; baseline 0.009 -10"><span class='ocrx_word' id='word_1_201' title='bbox 70 2120 118 2148; x_wconf 81' lang='lat'><strong>11.</strong></span> <span class='ocrx_word' id='word_1_202' title='bbox 139 2112 222 2158; x_wconf 74' lang='lat'><strong>264.</strong></span> <span class='ocrx_word' id='word_1_203' title='bbox 252 2114 398 2151; x_wconf 63' lang='lat' dir='ltr'><strong>Hems.</strong></span> 
     </span>
    </p>

    <p class='ocr_par' dir='ltr' id='par_1_16' title="bbox 65 2159 1110 2361">
     <span class='ocr_line' id='line_1_34' title="bbox 126 2159 1106 2214; baseline -0.001 -16"><span class='ocrx_word' id='word_1_204' title='bbox 126 2172 207 2199; x_wconf 89' lang='lat'><strong>110.</strong></span> <span class='ocrx_word' id='word_1_205' title='bbox 234 2163 425 2214; x_wconf 77' lang='lat' dir='ltr'><strong>crescitque</strong></span> <span class='ocrx_word' id='word_1_206' title='bbox 438 2164 527 2213; x_wconf 84' lang='lat' dir='ltr'><strong>seges</strong></span> <span class='ocrx_word' id='word_1_207' title='bbox 547 2162 699 2212; x_wconf 67' lang='lat' dir='ltr'><strong>clypeata</strong></span> <span class='ocrx_word' id='word_1_208' title='bbox 720 2159 920 2209; x_wconf 72' lang='lat' dir='ltr'><strong>virorum]</strong></span> <span class='ocrx_word' id='word_1_209' title='bbox 959 2159 1061 2198; x_wconf 84' lang='lat' dir='ltr'><strong>Libri</strong></span> <span class='ocrx_word' id='word_1_210' title='bbox 1081 2160 1106 2197; x_wconf 87' lang='lat' dir='ltr'><strong>s.</strong></span> 
     </span>
     <span class='ocr_line' id='line_1_35' title="bbox 71 2210 1109 2261; baseline 0.001 -15"><span class='ocrx_word' id='word_1_211' title='bbox 71 2219 111 2246; x_wconf 89' lang='lat' dir='ltr'><strong>o.</strong></span> <span class='ocrx_word' id='word_1_212' title='bbox 133 2211 302 2260; x_wconf 82' lang='lat' dir='ltr'><strong>clipeata,</strong></span> <span class='ocrx_word' id='word_1_213' title='bbox 323 2215 418 2261; x_wconf 84' lang='lat' dir='ltr'><strong>peri</strong></span> <span class='ocrx_word' id='word_1_214' title='bbox 445 2214 622 2251; x_wconf 87' lang='lat' dir='ltr'><strong>nostrum.</strong></span> <span class='ocrx_word' id='word_1_215' title='bbox 659 2212 791 2261; x_wconf 86' lang='lat' dir='ltr'><strong>Sicque</strong></span> <span class='ocrx_word' id='word_1_216' title='bbox 815 2211 937 2247; x_wconf 79' lang='lat' dir='ltr'><strong>Ocius.-</strong></span> <span class='ocrx_word' id='word_1_217' title='bbox 964 2210 1023 2247; x_wconf 90' lang='lat' dir='ltr'><strong>sed</strong></span> <span class='ocrx_word' id='word_1_218' title='bbox 1034 2211 1109 2247; x_wconf 89' lang='lat' dir='ltr'><strong>hoc</strong></span> 
     </span>
     <span class='ocr_line' id='line_1_36' title="bbox 70 2256 1110 2314; baseline 0.002 -18"><span class='ocrx_word' id='word_1_219' title='bbox 70 2256 93 2296; x_wconf 74' lang='grc' dir='ltr'><strong>ἓ</strong></span> <span class='ocrx_word' id='word_1_220' title='bbox 116 2259 288 2299; x_wconf 89' lang='lat' dir='ltr'><strong>Romana</strong></span> <span class='ocrx_word' id='word_1_221' title='bbox 308 2263 579 2302; x_wconf 87' lang='lat' dir='ltr'><strong>consuetudine.</strong></span> <span class='ocrx_word' id='word_1_222' title='bbox 605 2262 710 2314; x_wconf 92' lang='lat' dir='ltr'><strong>quod</strong></span> <span class='ocrx_word' id='word_1_223' title='bbox 731 2261 824 2299; x_wconf 83' lang='lat' dir='ltr'><strong>mihi</strong></span> <span class='ocrx_word' id='word_1_224' title='bbox 847 2289 858 2306; x_wconf 92' lang='lat'>,</span> <span class='ocrx_word' id='word_1_225' title='bbox 885 2260 1037 2299; x_wconf 84' lang='lat' dir='ltr'><strong>Gifanio</strong></span> <span class='ocrx_word' id='word_1_226' title='bbox 1059 2260 1110 2298; x_wconf 84' lang='lat' dir='ltr'><strong>as-</strong></span> 
     </span>
     <span class='ocr_line' id='line_1_37' title="bbox 65 2308 751 2361; baseline 0.009 -15"><span class='ocrx_word' id='word_1_227' title='bbox 65 2308 268 2357; x_wconf 73' lang='lat' dir='ltr'><strong>sentiente,</strong></span> <span class='ocrx_word' id='word_1_228' title='bbox 295 2313 408 2361; x_wconf 79' lang='lat' dir='ltr'><strong>magis</strong></span> <span class='ocrx_word' id='word_1_229' title='bbox 427 2315 555 2360; x_wconf 85' lang='lat' dir='ltr'><strong>placet.</strong></span> <span class='ocrx_word' id='word_1_230' title='bbox 582 2315 751 2352; x_wconf 79' lang='lat' dir='ltr'><strong>C10FAN.</strong></span> 
     </span>
    </p>

    <p class='ocr_par' dir='ltr' id='par_1_17' title="bbox 65 2361 1105 2463">
     <span class='ocr_line' id='line_1_38' title="bbox 122 2361 1105 2413; baseline 0.002 -15"><span class='ocrx_word' id='word_1_231' title='bbox 122 2373 203 2398; x_wconf 77' lang='lat'><strong>111.</strong></span> <span class='ocrx_word' id='word_1_232' title='bbox 230 2362 282 2398; x_wconf 80' lang='lat' dir='ltr'><strong>sic</strong></span> <span class='ocrx_word' id='word_1_233' title='bbox 301 2362 360 2399; x_wconf 80' lang='lat' dir='ltr'><strong>ubi</strong></span> <span class='ocrx_word' id='word_1_234' title='bbox 391 2363 601 2411; x_wconf 55' lang='lat' dir='ltr'><strong>tonantum]</strong></span> <span class='ocrx_word' id='word_1_235' title='bbox 649 2364 817 2413; x_wconf 84' lang='lat' dir='ltr'><strong>Explicat</strong></span> <span class='ocrx_word' id='word_1_236' title='bbox 845 2362 945 2400; x_wconf 88' lang='lat' dir='ltr'><strong>hunc</strong></span> <span class='ocrx_word' id='word_1_237' title='bbox 975 2361 1105 2400; x_wconf 89' lang='lat' dir='ltr'><strong>locum</strong></span> 
     </span>
     <span class='ocr_line' id='line_1_39' title="bbox 65 2407 1061 2463; baseline 0.001 -13"><span class='ocrx_word' id='word_1_238' title='bbox 65 2407 244 2450; x_wconf 85' lang='lat' dir='ltr'><strong>Nicolaus</strong></span> <span class='ocrx_word' id='word_1_239' title='bbox 267 2411 423 2450; x_wconf 80' lang='lat' dir='ltr'><strong>Loe&#39;nfis</strong></span> <span class='ocrx_word' id='word_1_240' title='bbox 442 2413 580 2450; x_wconf 86' lang='lat' dir='ltr'><strong>Miscel.</strong></span> <span class='ocrx_word' id='word_1_241' title='bbox 602 2414 734 2463; x_wconf 80' lang='lat' dir='ltr'><strong>Epiph.</strong></span> <span class='ocrx_word' id='word_1_242' title='bbox 751 2414 812 2450; x_wconf 90' lang='lat' dir='ltr'><strong>lib.</strong></span> <span class='ocrx_word' id='word_1_243' title='bbox 835 2425 882 2450; x_wconf 86' lang='lat'><strong>11.</strong></span> <span class='ocrx_word' id='word_1_244' title='bbox 899 2424 976 2461; x_wconf 83' lang='lat' dir='ltr'><strong>cap.</strong></span> <span class='ocrx_word' id='word_1_245' title='bbox 999 2425 1061 2451; x_wconf 83' lang='lat'><strong>21.</strong></span> 
     </span>
    </p>

    <p class='ocr_par' dir='ltr' id='par_1_18' title="bbox 62 2462 1105 2550">
     <span class='ocr_line' id='line_1_40' title="bbox 125 2462 1105 2512; baseline 0.003 -14"><span class='ocrx_word' id='word_1_246' title='bbox 125 2474 204 2499; x_wconf 84' lang='lat'><strong>112.</strong></span> <span class='ocrx_word' id='word_1_247' title='bbox 242 2463 419 2508; x_wconf 73' lang='lat' dir='ltr'><strong>ostendere</strong></span> <span class='ocrx_word' id='word_1_248' title='bbox 447 2462 609 2512; x_wconf 81' lang='lat' dir='ltr'><strong>vultus.]</strong></span> <span class='ocrx_word' id='word_1_249' title='bbox 640 2464 783 2501; x_wconf 88' lang='lat' dir='ltr'><strong>Vultum</strong></span> <span class='ocrx_word' id='word_1_250' title='bbox 805 2462 1071 2511; x_wconf 84' lang='lat' dir='ltr'><strong>Neapolitanus</strong></span> <span class='ocrx_word' id='word_1_251' title='bbox 1093 2491 1105 2508; x_wconf 95' lang='lat'>‚</span> 
     </span>
     <span class='ocr_line' id='line_1_41' title="bbox 62 2509 695 2550; baseline -0.002 -2"><span class='ocrx_word' id='word_1_252' title='bbox 62 2509 108 2549; x_wconf 84' lang='lat'>&amp;</span> <span class='ocrx_word' id='word_1_253' title='bbox 127 2511 302 2549; x_wconf 85' lang='lat' dir='ltr'><strong>secundus</strong></span> <span class='ocrx_word' id='word_1_254' title='bbox 324 2513 527 2550; x_wconf 85' lang='lat' dir='ltr'><strong>Mediceus.</strong></span> <span class='ocrx_word' id='word_1_255' title='bbox 555 2513 695 2549; x_wconf 67' lang='lat' dir='ltr'><strong>Hunis.</strong></span> 
     </span>
    </p>

    <p class='ocr_par' dir='ltr' id='par_1_19' title="bbox 66 2560 1107 2752">
     <span class='ocr_line' id='line_1_42' title="bbox 123 2560 1107 2613; baseline 0.004 -14"><span class='ocrx_word' id='word_1_256' title='bbox 123 2574 203 2610; x_wconf 74' lang='lat'><strong>113.</strong></span> <span class='ocrx_word' id='word_1_257' title='bbox 230 2564 435 2612; x_wconf 77' lang='lat' dir='ltr'><strong>Placidoque</strong></span> <span class='ocrx_word' id='word_1_258' title='bbox 457 2564 620 2611; x_wconf 58' lang='lat' dir='ltr'><strong>edacia]</strong></span> <span class='ocrx_word' id='word_1_259' title='bbox 659 2560 799 2599; x_wconf 82' lang='lat' dir='ltr'><strong>Placido</strong></span> <span class='ocrx_word' id='word_1_260' title='bbox 829 2564 975 2600; x_wconf 71' lang='lat' dir='ltr'><strong>deducta</strong></span> <span class='ocrx_word' id='word_1_261' title='bbox 1008 2566 1107 2613; x_wconf 79' lang='lat' dir='ltr'><strong>priOl‘</strong></span> 
     </span>
     <span class='ocr_line' id='line_1_43' title="bbox 69 2609 986 2663; baseline 0.002 -15"><span class='ocrx_word' id='word_1_262' title='bbox 69 2609 218 2651; x_wconf 78' lang='lat' dir='ltr'><strong>Moreti.</strong></span> <span class='ocrx_word' id='word_1_263' title='bbox 234 2613 434 2663; x_wconf 77' lang='lat' dir='ltr'><strong>placidoque</strong></span> <span class='ocrx_word' id='word_1_264' title='bbox 454 2613 608 2648; x_wconf 69' lang='lat' dir='ltr'><strong>adduc‘la</strong></span> <span class='ocrx_word' id='word_1_265' title='bbox 631 2613 802 2650; x_wconf 84' lang='lat' dir='ltr'><strong>Gronov.</strong></span> <span class='ocrx_word' id='word_1_266' title='bbox 974 2620 986 2628; x_wconf 45' lang='lat'><em>³</em></span> 
     </span>
     <span class='ocr_line' id='line_1_44' title="bbox 70 2663 1107 2748; baseline 0.003 -48"><span class='ocrx_word' id='word_1_267' title='bbox 70 2714 88 2747; x_wconf 49' lang='lat' dir='ltr'><strong>t</strong></span> <span class='ocrx_word' id='word_1_268' title='bbox 105 2675 202 2748; x_wconf 61' lang='lat' dir='ltr'><strong>b135.</strong></span> <span class='ocrx_word' id='word_1_269' title='bbox 234 2669 358 2714; x_wconf 86' lang='lat' dir='ltr'><strong>Capere</strong></span> <span class='ocrx_word' id='word_1_270' title='bbox 378 2677 492 2701; x_wconf 85' lang='lat' dir='ltr'><strong>arma.</strong></span> <span class='ocrx_word' id='word_1_271' title='bbox 510 2663 526 2713; x_wconf 90' lang='lat'>]</span> <span class='ocrx_word' id='word_1_272' title='bbox 557 2668 691 2700; x_wconf 82' lang='lat' dir='ltr'><strong>Contra</strong></span> <span class='ocrx_word' id='word_1_273' title='bbox 713 2676 816 2701; x_wconf 88' lang='lat' dir='ltr'><strong>arma</strong></span> <span class='ocrx_word' id='word_1_274' title='bbox 831 2663 987 2714; x_wconf 80' lang='lat' dir='ltr'><strong>parabat</strong></span> <span class='ocrx_word' id='word_1_275' title='bbox 1008 2665 1107 2703; x_wconf 84' lang='lat' dir='ltr'><strong>Can-</strong></span> 
     </span>
     <span class='ocr_line' id='line_1_45' title="bbox 66 2720 190 2752; baseline 0.04 -5"><span class='ocrx_word' id='word_1_276' title='bbox 66 2729 68 2731; x_wconf 96' lang='lat'>·</span> <span class='ocrx_word' id='word_1_277' title='bbox 88 2720 107 2747; x_wconf 85' lang='lat' dir='ltr'><strong>a</strong></span> <span class='ocrx_word' id='word_1_278' title='bbox 129 2724 155 2750; x_wconf 83' lang='lat' dir='ltr'><strong>tl</strong></span> <span class='ocrx_word' id='word_1_279' title='bbox 182 2743 190 2752; x_wconf 93' lang='lat'><strong>.</strong></span> 
     </span>
    </p>

    <p class='ocr_par' dir='ltr' id='par_1_20' title="bbox 76 2725 1108 2854">
     <span class='ocr_line' id='line_1_46' title="bbox 76 2725 1108 2817; baseline 0.006 -18"><span class='ocrx_word' id='word_1_280' title='bbox 76 2809 79 2811; x_wconf 66' lang='lat'>‚</span> <span class='ocrx_word' id='word_1_281' title='bbox 119 2775 140 2817; x_wconf 38' lang='grc' dir='ltr'><strong>,ι</strong></span> <span class='ocrx_word' id='word_1_282' title='bbox 151 2725 202 2812; x_wconf 81' lang='lat' dir='ltr'><strong>1g9.</strong></span> <span class='ocrx_word' id='word_1_283' title='bbox 229 2766 358 2812; x_wconf 77' lang='lat' dir='ltr'><strong>Jaculo</strong></span> <span class='ocrx_word' id='word_1_284' title='bbox 380 2766 475 2803; x_wconf 89' lang='lat' dir='ltr'><strong>cadit</strong></span> <span class='ocrx_word' id='word_1_285' title='bbox 495 2765 628 2803; x_wconf 87' lang='lat' dir='ltr'><strong>eminus</strong></span> <span class='ocrx_word' id='word_1_286' title='bbox 648 2763 752 2816; x_wconf 47' lang='lat' dir='ltr'><strong>ipse]</strong></span> <span class='ocrx_word' id='word_1_287' title='bbox 780 2762 891 2803; x_wconf 87' lang='lat' dir='ltr'><strong>Unus</strong></span> <span class='ocrx_word' id='word_1_288' title='bbox 911 2764 1037 2805; x_wconf 80' lang='lat' dir='ltr'><strong>Vatic.</strong></span> <span class='ocrx_word' id='word_1_289' title='bbox 1056 2769 1108 2804; x_wconf 86' lang='lat' dir='ltr'><strong>E-</strong></span> 
     </span>
     <span class='ocr_line' id='line_1_47' title="bbox 81 2816 467 2854; baseline 0.018 -7"><span class='ocrx_word' id='word_1_290' title='bbox 81 2822 187 2852; x_wconf 72' lang='lat' dir='ltr'><strong>minus</strong></span> <span class='ocrx_word' id='word_1_291' title='bbox 205 2816 271 2853; x_wconf 87' lang='lat' dir='ltr'><strong>ille.</strong></span> <span class='ocrx_word' id='word_1_292' title='bbox 300 2818 467 2854; x_wconf 45' lang='lat' dir='ltr'><strong>Cromna</strong></span> 
     </span>
    </p>

    <p class='ocr_par' dir='ltr' id='par_1_21' title="bbox 75 2865 1107 3007">
     <span class='ocr_line' id='line_1_48' title="bbox 129 2865 1107 2919; baseline 0.004 -18"><span class='ocrx_word' id='word_1_293' title='bbox 129 2874 205 2904; x_wconf 67' lang='lat'><strong>122.</strong></span> <span class='ocrx_word' id='word_1_294' title='bbox 232 2868 455 2918; x_wconf 70' lang='lat' dir='ltr'><strong>Exemploque</strong></span> <span class='ocrx_word' id='word_1_295' title='bbox 470 2866 551 2916; x_wconf 84' lang='lat' dir='ltr'><strong>pari</strong></span> <span class='ocrx_word' id='word_1_296' title='bbox 580 2865 703 2916; x_wconf 56' lang='lat' dir='ltr'><strong>furit]</strong></span> <span class='ocrx_word' id='word_1_297' title='bbox 744 2867 989 2919; x_wconf 73' lang='lat' dir='ltr'><strong>Extemploque</strong></span> <span class='ocrx_word' id='word_1_298' title='bbox 1015 2868 1107 2918; x_wconf 82' lang='lat' dir='ltr'><strong>perit</strong></span> 
     </span>
     <span class='ocr_line' id='line_1_49' title="bbox 75 2916 1107 2970; baseline 0.006 -20"><span class='ocrx_word' id='word_1_299' title='bbox 75 2919 166 2970; x_wconf 67' lang='lat' dir='ltr'><strong>unus</strong></span> <span class='ocrx_word' id='word_1_300' title='bbox 184 2916 385 2955; x_wconf 86' lang='lat' dir='ltr'><strong>Mediceus.</strong></span> <span class='ocrx_word' id='word_1_301' title='bbox 407 2917 505 2955; x_wconf 87' lang='lat' dir='ltr'><strong>unde</strong></span> <span class='ocrx_word' id='word_1_302' title='bbox 527 2916 654 2955; x_wconf 87' lang='lat' dir='ltr'><strong>Heins.</strong></span> <span class='ocrx_word' id='word_1_303' title='bbox 684 2918 896 2969; x_wconf 80' lang='lat' dir='ltr'><strong>exemploque</strong></span> <span class='ocrx_word' id='word_1_304' title='bbox 908 2918 991 2969; x_wconf 86' lang='lat' dir='ltr'><strong>pari</strong></span> <span class='ocrx_word' id='word_1_305' title='bbox 1014 2919 1107 2968; x_wconf 85' lang='lat' dir='ltr'><strong>perit</strong></span> 
     </span>
     <span class='ocr_line' id='line_1_50' title="bbox 75 2967 315 3007; baseline 0.038 -11"><span class='ocrx_word' id='word_1_306' title='bbox 75 2970 182 3007; x_wconf 64' lang='lat' dir='ltr'><strong>omnis</strong></span> <span class='ocrx_word' id='word_1_307' title='bbox 203 2967 315 3005; x_wconf 87' lang='lat' dir='ltr'><strong>turba.</strong></span> 
     </span>
    </p>

    <p class='ocr_par' dir='ltr' id='par_1_22' title="bbox 78 3019 1104 3120">
     <span class='ocr_line' id='line_1_51' title="bbox 133 3019 1104 3070; baseline 0.008 -20"><span class='ocrx_word' id='word_1_308' title='bbox 133 3022 195 3062; x_wconf 86' lang='lat'><strong>123</strong></span> <span class='ocrx_word' id='word_1_309' title='bbox 235 3022 359 3069; x_wconf 78' lang='lat' dir='ltr'><strong>Suoque</strong></span> <span class='ocrx_word' id='word_1_310' title='bbox 380 3024 501 3055; x_wconf 85' lang='lat' dir='ltr'><strong>Marte</strong></span> <span class='ocrx_word' id='word_1_311' title='bbox 521 3019 652 3056; x_wconf 84' lang='lat' dir='ltr'><strong>cadunt</strong></span> <span class='ocrx_word' id='word_1_312' title='bbox 664 3019 776 3069; x_wconf 84' lang='lat' dir='ltr'><strong>subiti</strong></span> <span class='ocrx_word' id='word_1_313' title='bbox 790 3029 852 3070; x_wconf 91' lang='lat' dir='ltr'><strong>per</strong></span> <span class='ocrx_word' id='word_1_314' title='bbox 873 3029 1000 3059; x_wconf 82' lang='lat' dir='ltr'><strong>mutua</strong></span> <span class='ocrx_word' id='word_1_315' title='bbox 1021 3019 1104 3058; x_wconf 86' lang='lat' dir='ltr'><strong>vul-</strong></span> 
     </span>
     <span class='ocr_line' id='line_1_52' title="bbox 78 3066 925 3120; baseline 0.015 -25"><span class='ocrx_word' id='word_1_316' title='bbox 78 3071 161 3097; x_wconf 71' lang='lat' dir='ltr'><strong>nera</strong></span> <span class='ocrx_word' id='word_1_317' title='bbox 174 3066 340 3120; x_wconf 78' lang='lat' dir='ltr'><strong>fratres.]</strong></span> <span class='ocrx_word' id='word_1_318' title='bbox 369 3069 517 3106; x_wconf 81' lang='lat' dir='ltr'><strong>Eodem</strong></span> <span class='ocrx_word' id='word_1_319' title='bbox 537 3068 652 3118; x_wconf 77' lang='lat' dir='ltr'><strong>prope</strong></span> <span class='ocrx_word' id='word_1_320' title='bbox 675 3071 795 3108; x_wconf 91' lang='lat' dir='ltr'><strong>modo</strong></span> <span class='ocrx_word' id='word_1_321' title='bbox 817 3071 925 3108; x_wconf 85' lang='lat' dir='ltr'><strong>infra:</strong></span> 
     </span>
    </p>

    <p class='ocr_par' dir='ltr' id='par_1_23' title="bbox 129 3117 1041 3170">
     <span class='ocr_line' id='line_1_53' title="bbox 129 3117 1041 3170; baseline 0.009 -17"><span class='ocrx_word' id='word_1_322' title='bbox 129 3117 321 3170; x_wconf 59' lang='lat' dir='ltr'><strong>Terrfgenae</strong></span> <span class='ocrx_word' id='word_1_323' title='bbox 333 3129 475 3168; x_wconf 84' lang='lat' dir='ltr'><strong>pereunt</strong></span> <span class='ocrx_word' id='word_1_324' title='bbox 490 3129 551 3170; x_wconf 83' lang='lat' dir='ltr'><strong>per</strong></span> <span class='ocrx_word' id='word_1_325' title='bbox 572 3131 698 3159; x_wconf 85' lang='lat' dir='ltr'><strong>mutua</strong></span> <span class='ocrx_word' id='word_1_326' title='bbox 717 3122 868 3160; x_wconf 83' lang='lat' dir='ltr'><strong>vulnera</strong></span> <span class='ocrx_word' id='word_1_327' title='bbox 881 3124 1041 3170; x_wconf 84' lang='lat' dir='ltr'><strong>fratres,</strong></span> 
     </span>
    </p>

    <p class='ocr_par' dir='ltr' id='par_1_24' title="bbox 128 3164 691 3214">
     <span class='ocr_line' id='line_1_54' title="bbox 128 3164 691 3214; baseline 0.018 -15"><span class='ocrx_word' id='word_1_328' title='bbox 128 3164 304 3214; x_wconf 77' lang='lat' dir='ltr'><strong>civilique</strong></span> <span class='ocrx_word' id='word_1_329' title='bbox 324 3171 451 3208; x_wconf 76' lang='lat' dir='ltr'><strong>cadunt</strong></span> <span class='ocrx_word' id='word_1_330' title='bbox 470 3171 550 3208; x_wconf 85' lang='lat' dir='ltr'><strong>acie.</strong></span> <span class='ocrx_word' id='word_1_331' title='bbox 578 3171 691 3209; x_wconf 68' lang='lat' dir='ltr'><strong>Cxof.</strong></span> 
     </span>
    </p>

    <p class='ocr_par' dir='ltr' id='par_1_25' title="bbox 130 3217 1106 3272">
     <span class='ocr_line' id='line_1_55' title="bbox 130 3217 1106 3272; baseline 0.014 -22"><span class='ocrx_word' id='word_1_332' title='bbox 130 3224 213 3262; x_wconf 78' lang='grc' dir='ltr'><strong>ης.</strong></span> <span class='ocrx_word' id='word_1_333' title='bbox 243 3217 398 3268; x_wconf 66' lang='lat' dir='ltr'><strong>Tepida]</strong></span> <span class='ocrx_word' id='word_1_334' title='bbox 427 3222 565 3272; x_wconf 81' lang='lat' dir='ltr'><strong>Trepido</strong></span> <span class='ocrx_word' id='word_1_335' title='bbox 579 3225 707 3271; x_wconf 65' lang='lat' dir='ltr'><strong>pectore</strong></span> <span class='ocrx_word' id='word_1_336' title='bbox 727 3222 885 3262; x_wconf 87' lang='lat' dir='ltr'><strong>Urbinas</strong></span> <span class='ocrx_word' id='word_1_337' title='bbox 915 3223 954 3262; x_wconf 88' lang='lat'>&amp;</span> <span class='ocrx_word' id='word_1_338' title='bbox 975 3222 1106 3263; x_wconf 82' lang='lat' dir='ltr'><strong>decem</strong></span> 
     </span>
    </p>
   </div>
   <div class='ocr_carea' id='block_1_7' title="bbox 64 3261 1108 3328">
    <p class='ocr_par' dir='ltr' id='par_1_26' title="bbox 64 3261 1108 3328">
     <span class='ocr_line' id='line_1_56' title="bbox 64 3261 1108 3328; baseline 0.011 -23"><span class='ocrx_word' id='word_1_339' title='bbox 64 3261 147 3319; x_wconf 49' lang='lat' dir='ltr'><strong>alti.</strong></span> <span class='ocrx_word' id='word_1_340' title='bbox 169 3264 246 3306; x_wconf 84' lang='lat' dir='ltr'><strong>hoc</strong></span> <span class='ocrx_word' id='word_1_341' title='bbox 266 3267 316 3307; x_wconf 85' lang='lat' dir='ltr'><strong>est</strong></span> <span class='ocrx_word' id='word_1_342' title='bbox 335 3269 535 3318; x_wconf 69' lang='lat' dir='ltr'><strong>trepidanti.</strong></span> <span class='ocrx_word' id='word_1_343' title='bbox 573 3271 675 3322; x_wconf 75' lang='lat' dir='ltr'><strong>quod</strong></span> <span class='ocrx_word' id='word_1_344' title='bbox 696 3275 756 3325; x_wconf 73' lang='grc' dir='ltr'><strong>Τῷ</strong></span> <span class='ocrx_word' id='word_1_345' title='bbox 781 3274 994 3328; x_wconf 65' lang='lat' dir='ltr'><strong>plangebant</strong></span> <span class='ocrx_word' id='word_1_346' title='bbox 1014 3287 1108 3326; x_wconf 70' lang='lat' dir='ltr'><strong>con-⁴</strong></span> 
     </span>
    </p>
   </div>
   <div class='ocr_carea' id='block_1_8' title="bbox 1152 1346 2213 3371">
    <p class='ocr_par' dir='ltr' id='par_1_27' title="bbox 1169 1346 1689 1386">
     <span class='ocr_line' id='line_1_57' title="bbox 1169 1346 1689 1386; baseline 0.006 -3"><span class='ocrx_word' id='word_1_347' title='bbox 1169 1346 1389 1385; x_wconf 78' lang='lat' dir='ltr'><strong>venientius.</strong></span> <span class='ocrx_word' id='word_1_348' title='bbox 1405 1346 1465 1385; x_wconf 89' lang='lat' dir='ltr'><strong>lib.</strong></span> <span class='ocrx_word' id='word_1_349' title='bbox 1487 1358 1578 1386; x_wconf 84' lang='lat' dir='ltr'><strong>vm.</strong></span> <span class='ocrx_word' id='word_1_350' title='bbox 1602 1347 1689 1386; x_wconf 77' lang='lat'><strong>605.</strong></span> 
     </span>
    </p>

    <p class='ocr_par' dir='ltr' id='par_1_28' title="bbox 1218 1396 2029 1449">
     <span class='ocr_line' id='line_1_58' title="bbox 1218 1396 2029 1449; baseline 0.005 -16"><span class='ocrx_word' id='word_1_351' title='bbox 1218 1400 1360 1435; x_wconf 63' lang='lat' dir='ltr'><strong>Pectora</strong></span> <span class='ocrx_word' id='word_1_352' title='bbox 1381 1399 1566 1448; x_wconf 78' lang='lat' dir='ltr'><strong>tangebam</strong></span> <span class='ocrx_word' id='word_1_353' title='bbox 1588 1409 1639 1436; x_wconf 87' lang='lat' dir='ltr'><strong>tre</strong></span> <span class='ocrx_word' id='word_1_354' title='bbox 1661 1398 1716 1436; x_wconf 83' lang='lat' dir='ltr'><strong>ido</strong></span> <span class='ocrx_word' id='word_1_355' title='bbox 1730 1396 1898 1449; x_wconf 76' lang='lat' dir='ltr'><strong>salientia</strong></span> <span class='ocrx_word' id='word_1_356' title='bbox 1920 1407 2029 1437; x_wconf 82' lang='lat' dir='ltr'><strong>motu.</strong></span> 
     </span>
    </p>

    <p class='ocr_par' dir='ltr' id='par_1_29' title="bbox 1167 1409 2135 1587">
     <span class='ocr_line' id='line_1_59' title="bbox 1168 1409 1900 1499; baseline 0.004 -15"><span class='ocrx_word' id='word_1_357' title='bbox 1168 1444 1250 1485; x_wconf 89' lang='lat' dir='ltr'><strong>Lib.</strong></span> <span class='ocrx_word' id='word_1_358' title='bbox 1270 1461 1322 1486; x_wconf 85' lang='lat' dir='ltr'><strong>x1.</strong></span> <span class='ocrx_word' id='word_1_359' title='bbox 1348 1460 1405 1499; x_wconf 79' lang='lat'><strong>75.</strong></span> <span class='ocrx_word' id='word_1_360' title='bbox 1427 1458 1468 1487; x_wconf 91' lang='lat' dir='ltr'><strong>ut</strong></span> <span class='ocrx_word' id='word_1_361' title='bbox 1488 1409 1718 1488; x_wconf 62' lang='lat' dir='ltr'><strong>scribentium</strong></span> <span class='ocrx_word' id='word_1_362' title='bbox 1742 1449 1874 1488; x_wconf 89' lang='lat' dir='ltr'><strong>censeo</strong></span> <span class='ocrx_word' id='word_1_363' title='bbox 1888 1478 1900 1494; x_wconf 83' lang='lat'><strong>,</strong></span> 
     </span>
     <span class='ocr_line' id='line_1_60' title="bbox 1167 1498 2135 1587; baseline 0.006 -52"><span class='ocrx_word' id='word_1_364' title='bbox 1167 1499 1405 1587; x_wconf 24' lang='lat' dir='ltr'><strong>L‘glangt&#39;tur</strong></span> <span class='ocrx_word' id='word_1_365' title='bbox 1425 1513 1469 1542; x_wconf 70' lang='lat' dir='ltr'><strong>ey</strong></span> <span class='ocrx_word' id='word_1_366' title='bbox 1491 1501 1619 1551; x_wconf 84' lang='lat' dir='ltr'><strong>trepido</strong></span> <span class='ocrx_word' id='word_1_367' title='bbox 1640 1501 1836 1551; x_wconf 84' lang='lat' dir='ltr'><strong>constringit</strong></span> <span class='ocrx_word' id='word_1_368' title='bbox 1857 1498 2003 1538; x_wconf 84' lang='lat' dir='ltr'><strong>vincula</strong></span> <span class='ocrx_word' id='word_1_369' title='bbox 2025 1503 2135 1541; x_wconf 70' lang='lat' dir='ltr'><strong>metm·</strong></span> 
     </span>
    </p>

    <p class='ocr_par' dir='ltr' id='par_1_30' title="bbox 1204 1561 1440 1590">
     <span class='ocr_line' id='line_1_61' title="bbox 1204 1561 1440 1590; baseline 0.013 -3"><span class='ocrx_word' id='word_1_370' title='bbox 1204 1561 1216 1587; x_wconf 93' lang='lat'>1</span> <span class='ocrx_word' id='word_1_371' title='bbox 1244 1563 1327 1588; x_wconf 90' lang='lat' dir='ltr'><strong>.1v.</strong></span> <span class='ocrx_word' id='word_1_372' title='bbox 1358 1565 1372 1590; x_wconf 90' lang='lat'>1</span> <span class='ocrx_word' id='word_1_373' title='bbox 1431 1581 1440 1590; x_wconf 87' lang='lat'><strong>.</strong></span> 
     </span>
    </p>

    <p class='ocr_par' dir='ltr' id='par_1_31' title="bbox 1349 1563 2059 1654">
     <span class='ocr_line' id='line_1_62' title="bbox 1349 1563 2059 1654; baseline 0 -14"><span class='ocrx_word' id='word_1_374' title='bbox 1349 1563 1587 1641; x_wconf 70' lang='lat' dir='ltr'><strong>Tr3e3mebunda</strong></span> <span class='ocrx_word' id='word_1_375' title='bbox 1608 1603 1706 1642; x_wconf 85' lang='lat' dir='ltr'><strong>videt</strong></span> <span class='ocrx_word' id='word_1_376' title='bbox 1719 1602 1857 1654; x_wconf 88' lang='lat' dir='ltr'><strong>pulsare</strong></span> <span class='ocrx_word' id='word_1_377' title='bbox 1878 1612 2059 1640; x_wconf 82' lang='lat' dir='ltr'><strong>cruentum</strong></span> 
     </span>
    </p>

    <p class='ocr_par' dir='ltr' id='par_1_32' title="bbox 1219 1653 1525 1704">
     <span class='ocr_line' id='line_1_63' title="bbox 1219 1653 1525 1704; baseline 0 -14"><span class='ocrx_word' id='word_1_378' title='bbox 1219 1653 1383 1691; x_wconf 83' lang='lat' dir='ltr'><strong>Membra</strong></span> <span class='ocrx_word' id='word_1_379' title='bbox 1395 1654 1525 1704; x_wconf 64' lang='lat' dir='ltr'><strong>stilum.</strong></span> 
     </span>
    </p>

    <p class='ocr_par' dir='ltr' id='par_1_33' title="bbox 1166 1702 1452 1755">
     <span class='ocr_line' id='line_1_64' title="bbox 1166 1702 1452 1755; baseline 0.007 -14"><span class='ocrx_word' id='word_1_380' title='bbox 1166 1702 1217 1742; x_wconf 84' lang='lat' dir='ltr'><strong>Et</strong></span> <span class='ocrx_word' id='word_1_381' title='bbox 1236 1704 1293 1742; x_wconf 91' lang='lat' dir='ltr'><strong>lib.</strong></span> <span class='ocrx_word' id='word_1_382' title='bbox 1318 1718 1345 1742; x_wconf 89' lang='lat'><strong>1.</strong></span> <span class='ocrx_word' id='word_1_383' title='bbox 1371 1718 1452 1755; x_wconf 78' lang='lat'><strong>554.</strong></span> 
     </span>
    </p>

    <p class='ocr_par' dir='ltr' id='par_1_34' title="bbox 1164 1753 2213 1957">
     <span class='ocr_line' id='line_1_65' title="bbox 1218 1753 2134 1807; baseline 0.001 -16"><span class='ocrx_word' id='word_1_384' title='bbox 1218 1756 1331 1792; x_wconf 81' lang='lat' dir='ltr'><strong>Sentit</strong></span> <span class='ocrx_word' id='word_1_385' title='bbox 1351 1756 1467 1793; x_wconf 79' lang='lat' dir='ltr'><strong>adhuc</strong></span> <span class='ocrx_word' id='word_1_386' title='bbox 1488 1757 1658 1807; x_wconf 81' lang='lat' dir='ltr'><strong>trepidare</strong></span> <span class='ocrx_word' id='word_1_387' title='bbox 1679 1770 1767 1794; x_wconf 84' lang='lat' dir='ltr'><strong>novo</strong></span> <span class='ocrx_word' id='word_1_388' title='bbox 1780 1754 1848 1805; x_wconf 83' lang='lat' dir='ltr'><strong>sub</strong></span> <span class='ocrx_word' id='word_1_389' title='bbox 1870 1755 1989 1793; x_wconf 85' lang='lat' dir='ltr'><strong>cortice</strong></span> <span class='ocrx_word' id='word_1_390' title='bbox 2004 1753 2134 1805; x_wconf 58' lang='lat' dir='ltr'><strong>polius.</strong></span> 
     </span>
     <span class='ocr_line' id='line_1_66' title="bbox 1166 1804 2207 1856; baseline 0 -13"><span class='ocrx_word' id='word_1_391' title='bbox 1166 1804 1225 1843; x_wconf 89' lang='lat' dir='ltr'><strong>Sic</strong></span> <span class='ocrx_word' id='word_1_392' title='bbox 1255 1807 1405 1856; x_wconf 83' lang='lat' dir='ltr'><strong>trepidae</strong></span> <span class='ocrx_word' id='word_1_393' title='bbox 1437 1821 1546 1844; x_wconf 80' lang='lat' dir='ltr'><strong>venae</strong></span> <span class='ocrx_word' id='word_1_394' title='bbox 1567 1808 1659 1845; x_wconf 90' lang='lat' dir='ltr'><strong>libro</strong></span> <span class='ocrx_word' id='word_1_395' title='bbox 1690 1820 1763 1845; x_wconf 83' lang='lat' dir='ltr'><strong>vn.</strong></span> <span class='ocrx_word' id='word_1_396' title='bbox 1797 1807 1842 1845; x_wconf 90' lang='lat' dir='ltr'><strong>de</strong></span> <span class='ocrx_word' id='word_1_397' title='bbox 1865 1806 1994 1856; x_wconf 88' lang='lat' dir='ltr'><strong>quibus</strong></span> <span class='ocrx_word' id='word_1_398' title='bbox 2025 1804 2207 1844; x_wconf 81' lang='lat' dir='ltr'><strong>videndae</strong></span> 
     </span>
     <span class='ocr_line' id='line_1_67' title="bbox 1164 1857 2213 1907; baseline 0.003 -14"><span class='ocrx_word' id='word_1_399' title='bbox 1164 1864 1277 1894; x_wconf 86' lang='lat' dir='ltr'><strong>notae</strong></span> <span class='ocrx_word' id='word_1_400' title='bbox 1299 1857 1442 1896; x_wconf 84' lang='lat' dir='ltr'><strong>nostrae</strong></span> <span class='ocrx_word' id='word_1_401' title='bbox 1464 1857 1511 1896; x_wconf 87' lang='lat' dir='ltr'><strong>ad</strong></span> <span class='ocrx_word' id='word_1_402' title='bbox 1531 1857 1586 1902; x_wconf 67' lang='lat' dir='ltr'><strong>ybs.</strong></span> <span class='ocrx_word' id='word_1_403' title='bbox 1610 1869 1694 1907; x_wconf 82' lang='lat'><strong>557.</strong></span> <span class='ocrx_word' id='word_1_404' title='bbox 1721 1857 1819 1907; x_wconf 78' lang='lat' dir='ltr'><strong>apud</strong></span> <span class='ocrx_word' id='word_1_405' title='bbox 1847 1858 2051 1895; x_wconf 86' lang='lat' dir='ltr'><strong>Maronem</strong></span> <span class='ocrx_word' id='word_1_406' title='bbox 2073 1857 2213 1896; x_wconf 78' lang='lat' dir='ltr'><strong>Aneid.</strong></span> 
     </span>
     <span class='ocr_line' id='line_1_68' title="bbox 1165 1908 1821 1957; baseline 0.003 -13"><span class='ocrx_word' id='word_1_407' title='bbox 1165 1918 1232 1945; x_wconf 89' lang='lat'><strong>111.</strong></span> <span class='ocrx_word' id='word_1_408' title='bbox 1256 1908 1341 1955; x_wconf 84' lang='lat'><strong>617.</strong></span> <span class='ocrx_word' id='word_1_409' title='bbox 1370 1909 1536 1957; x_wconf 84' lang='lat' dir='ltr'><strong>optimae</strong></span> <span class='ocrx_word' id='word_1_410' title='bbox 1558 1909 1821 1947; x_wconf 77' lang='lat' dir='ltr'><strong>membranae:</strong></span> 
     </span>
    </p>

    <p class='ocr_par' dir='ltr' id='par_1_35' title="bbox 1345 1957 2065 2008">
     <span class='ocr_line' id='line_1_69' title="bbox 1345 1957 2065 2008; baseline -0.001 -12"><span class='ocrx_word' id='word_1_411' title='bbox 1345 1960 1424 1997; x_wconf 84' lang='lat' dir='ltr'><strong>Vidi</strong></span> <span class='ocrx_word' id='word_1_412' title='bbox 1444 1970 1521 1997; x_wconf 82' lang='lat' dir='ltr'><strong>atro</strong></span> <span class='ocrx_word' id='word_1_413' title='bbox 1541 1973 1619 1997; x_wconf 88' lang='lat' dir='ltr'><strong>cum</strong></span> <span class='ocrx_word' id='word_1_414' title='bbox 1642 1960 1798 1997; x_wconf 78' lang='lat' dir='ltr'><strong>membra</strong></span> <span class='ocrx_word' id='word_1_415' title='bbox 1811 1958 1965 2008; x_wconf 83' lang='lat' dir='ltr'><strong>fluentia</strong></span> <span class='ocrx_word' id='word_1_416' title='bbox 1985 1957 2065 1996; x_wconf 83' lang='lat' dir='ltr'><strong>tabo</strong></span> 
     </span>
    </p>

    <p class='ocr_par' dir='ltr' id='par_1_36' title="bbox 1165 2009 2213 2110">
     <span class='ocr_line' id='line_1_70' title="bbox 1219 2009 2213 2060; baseline 0.004 -14"><span class='ocrx_word' id='word_1_417' title='bbox 1219 2010 1487 2054; x_wconf 69' lang='lat' dir='ltr'><strong>Mander·et‚e9⁴</strong></span> <span class='ocrx_word' id='word_1_418' title='bbox 1508 2011 1631 2060; x_wconf 82' lang='lat' dir='ltr'><strong>trepidi</strong></span> <span class='ocrx_word' id='word_1_419' title='bbox 1652 2021 1837 2049; x_wconf 85' lang='lat' dir='ltr'><strong>tremerent</strong></span> <span class='ocrx_word' id='word_1_420' title='bbox 1849 2009 1917 2059; x_wconf 84' lang='lat' dir='ltr'><strong>sub</strong></span> <span class='ocrx_word' id='word_1_421' title='bbox 1929 2009 2087 2047; x_wconf 82' lang='lat' dir='ltr'><strong>dentibus</strong></span> <span class='ocrx_word' id='word_1_422' title='bbox 2098 2012 2213 2050; x_wconf 60' lang='lat' dir='ltr'><strong>artus-¹</strong></span> 
     </span>
     <span class='ocr_line' id='line_1_71' title="bbox 1165 2060 1805 2110; baseline 0 -13"><span class='ocrx_word' id='word_1_423' title='bbox 1165 2060 1308 2098; x_wconf 61' lang='lat' dir='ltr'><strong>Hiatus.</strong></span> <span class='ocrx_word' id='word_1_424' title='bbox 1335 2060 1433 2099; x_wconf 91' lang='lat' dir='ltr'><strong>Vide</strong></span> <span class='ocrx_word' id='word_1_425' title='bbox 1453 2061 1500 2099; x_wconf 82' lang='lat' dir='ltr'><strong>ad</strong></span> <span class='ocrx_word' id='word_1_426' title='bbox 1521 2061 1630 2110; x_wconf 86' lang='lat' dir='ltr'><strong>Epist.</strong></span> <span class='ocrx_word' id='word_1_427' title='bbox 1653 2074 1687 2100; x_wconf 85' lang='lat' dir='ltr'><strong>x.</strong></span> <span class='ocrx_word' id='word_1_428' title='bbox 1722 2061 1805 2100; x_wconf 87' lang='lat'><strong>106.</strong></span> 
     </span>
    </p>

    <p class='ocr_par' dir='ltr' id='par_1_37' title="bbox 1164 2110 2212 2262">
     <span class='ocr_line' id='line_1_72' title="bbox 1221 2110 2210 2162; baseline 0.002 -14"><span class='ocrx_word' id='word_1_429' title='bbox 1221 2124 1303 2160; x_wconf 78' lang='lat'><strong>125.</strong></span> <span class='ocrx_word' id='word_1_430' title='bbox 1341 2112 1460 2161; x_wconf 86' lang='lat' dir='ltr'><strong>Tepido</strong></span> <span class='ocrx_word' id='word_1_431' title='bbox 1486 2111 1696 2161; x_wconf 80' lang='lat' dir='ltr'><strong>plangebant</strong></span> <span class='ocrx_word' id='word_1_432' title='bbox 1722 2114 1850 2162; x_wconf 58' lang='lat' dir='ltr'><strong>pectore</strong></span> <span class='ocrx_word' id='word_1_433' title='bbox 1882 2110 2055 2160; x_wconf 71' lang='lat' dir='ltr'><strong>terram]</strong></span> <span class='ocrx_word' id='word_1_434' title='bbox 2094 2110 2210 2159; x_wconf 77' lang='lat' dir='ltr'><strong>Apud</strong></span> 
     </span>
     <span class='ocr_line' id='line_1_73' title="bbox 1164 2161 2210 2211; baseline 0.001 -13"><span class='ocrx_word' id='word_1_435' title='bbox 1164 2162 1265 2199; x_wconf 91' lang='lat' dir='ltr'><strong>hunc</strong></span> <span class='ocrx_word' id='word_1_436' title='bbox 1278 2163 1435 2200; x_wconf 77' lang='lat' dir='ltr'><strong>Poetam</strong></span> <span class='ocrx_word' id='word_1_437' title='bbox 1452 2163 1611 2211; x_wconf 81' lang='lat' dir='ltr'><strong>plangere</strong></span> <span class='ocrx_word' id='word_1_438' title='bbox 1632 2173 1699 2211; x_wconf 88' lang='lat' dir='ltr'><strong>pro</strong></span> <span class='ocrx_word' id='word_1_439' title='bbox 1722 2171 1911 2210; x_wconf 88' lang='lat' dir='ltr'><strong>percutere</strong></span> <span class='ocrx_word' id='word_1_440' title='bbox 1943 2162 2113 2210; x_wconf 88' lang='lat' dir='ltr'><strong>frequens</strong></span> <span class='ocrx_word' id='word_1_441' title='bbox 2135 2161 2210 2208; x_wconf 77' lang='lat' dir='ltr'><strong>est,</strong></span> 
     </span>
     <span class='ocr_line' id='line_1_74' title="bbox 1165 2211 2212 2262; baseline 0.002 -14"><span class='ocrx_word' id='word_1_442' title='bbox 1165 2220 1205 2249; x_wconf 81' lang='lat' dir='ltr'><strong>ut</strong></span> <span class='ocrx_word' id='word_1_443' title='bbox 1228 2213 1324 2261; x_wconf 84' lang='lat' dir='ltr'><strong>apud</strong></span> <span class='ocrx_word' id='word_1_444' title='bbox 1336 2212 1539 2256; x_wconf 85' lang='lat' dir='ltr'><strong>Lucilium,</strong></span> <span class='ocrx_word' id='word_1_445' title='bbox 1544 2213 1721 2262; x_wconf 86' lang='lat' dir='ltr'><strong>plangunt</strong></span> <span class='ocrx_word' id='word_1_446' title='bbox 1731 2213 1834 2249; x_wconf 85' lang='lat' dir='ltr'><strong>litora</strong></span> <span class='ocrx_word' id='word_1_447' title='bbox 1841 2211 1980 2262; x_wconf 66' lang='lat' dir='ltr'><strong>flquus.</strong></span> <span class='ocrx_word' id='word_1_448' title='bbox 1994 2213 2212 2250; x_wconf 77' lang='lat' dir='ltr'><strong>GLAREAN.·</strong></span> 
     </span>
    </p>

    <p class='ocr_par' dir='ltr' id='par_1_38' title="bbox 1152 2262 2212 3123">
     <span class='ocr_line' id='line_1_75' title="bbox 1220 2262 2211 2314; baseline 0 -14"><span class='ocrx_word' id='word_1_449' title='bbox 1220 2275 1300 2312; x_wconf 83' lang='lat'><strong>125.</strong></span> <span class='ocrx_word' id='word_1_450' title='bbox 1330 2263 1518 2314; x_wconf 69' lang='lat' dir='ltr'><strong>Matrem]</strong></span> <span class='ocrx_word' id='word_1_451' title='bbox 1548 2264 1606 2300; x_wconf 83' lang='lat' dir='ltr'><strong>Sic</strong></span> <span class='ocrx_word' id='word_1_452' title='bbox 1619 2264 1753 2313; x_wconf 85' lang='lat' dir='ltr'><strong>optimi</strong></span> <span class='ocrx_word' id='word_1_453' title='bbox 1764 2265 1901 2313; x_wconf 89' lang='lat' dir='ltr'><strong>quique</strong></span> <span class='ocrx_word' id='word_1_454' title='bbox 1911 2262 1990 2299; x_wconf 88' lang='lat' dir='ltr'><strong>libri</strong></span> <span class='ocrx_word' id='word_1_455' title='bbox 2001 2262 2129 2310; x_wconf 78' lang='lat' dir='ltr'><strong>scripti.</strong></span> <span class='ocrx_word' id='word_1_456' title='bbox 2152 2262 2211 2300; x_wconf 82' lang='lat' dir='ltr'><strong>A·</strong></span> 
     </span>
     <span class='ocr_line' id='line_1_76' title="bbox 1161 2312 2212 2363; baseline 0.001 -12"><span class='ocrx_word' id='word_1_457' title='bbox 1161 2313 1201 2351; x_wconf 85' lang='lat' dir='ltr'><strong>lii</strong></span> <span class='ocrx_word' id='word_1_458' title='bbox 1222 2313 1373 2363; x_wconf 88' lang='lat' dir='ltr'><strong>quidam</strong></span> <span class='ocrx_word' id='word_1_459' title='bbox 1398 2312 1492 2351; x_wconf 73' lang='lat' dir='ltr'><strong>male</strong></span> <span class='ocrx_word' id='word_1_460' title='bbox 1510 2313 1647 2352; x_wconf 86' lang='lat' dir='ltr'><strong>habent</strong></span> <span class='ocrx_word' id='word_1_461' title='bbox 1670 2343 1681 2359; x_wconf 96' lang='lat'>,</span> <span class='ocrx_word' id='word_1_462' title='bbox 1708 2316 1840 2351; x_wconf 67' lang='lat' dir='ltr'><strong>Pectore</strong></span> <span class='ocrx_word' id='word_1_463' title='bbox 1869 2324 2008 2350; x_wconf 70' lang='lat' dir='ltr'><strong>terram⁴</strong></span> <span class='ocrx_word' id='word_1_464' title='bbox 2049 2312 2212 2352; x_wconf 77' lang='lat' dir='ltr'><strong>Ovidius</strong></span> 
     </span>
     <span class='ocr_line' id='line_1_77' title="bbox 1164 2363 2209 2414; baseline 0 -13"><span class='ocrx_word' id='word_1_465' title='bbox 1164 2364 1266 2401; x_wconf 90' lang='lat' dir='ltr'><strong>enim</strong></span> <span class='ocrx_word' id='word_1_466' title='bbox 1300 2366 1339 2402; x_wconf 66' lang='grc' dir='ltr'><strong>ὃς</strong></span> <span class='ocrx_word' id='word_1_467' title='bbox 1371 2365 1409 2403; x_wconf 90' lang='lat' dir='ltr'><strong>in</strong></span> <span class='ocrx_word' id='word_1_468' title='bbox 1431 2366 1553 2414; x_wconf 87' lang='lat' dir='ltr'><strong>primo</strong></span> <span class='ocrx_word' id='word_1_469' title='bbox 1582 2366 1620 2402; x_wconf 69' lang='grc' dir='ltr'><strong>δε</strong></span> <span class='ocrx_word' id='word_1_470' title='bbox 1642 2364 1803 2402; x_wconf 89' lang='lat' dir='ltr'><strong>secundo</strong></span> <span class='ocrx_word' id='word_1_471' title='bbox 1826 2363 1918 2401; x_wconf 89' lang='lat' dir='ltr'><strong>libro</strong></span> <span class='ocrx_word' id='word_1_472' title='bbox 1952 2368 2096 2400; x_wconf 87' lang='lat' dir='ltr'><strong>Terram</strong></span> <span class='ocrx_word' id='word_1_473' title='bbox 2128 2376 2209 2401; x_wconf 76' lang='lat' dir='ltr'><strong>ma-</strong></span> 
     </span>
     <span class='ocr_line' id='line_1_78' title="bbox 1163 2412 2211 2460; baseline 0.001 -9"><span class='ocrx_word' id='word_1_474' title='bbox 1163 2425 1252 2452; x_wconf 85' lang='lat' dir='ltr'><strong>trem</strong></span> <span class='ocrx_word' id='word_1_475' title='bbox 1281 2416 1442 2453; x_wconf 88' lang='lat' dir='ltr'><strong>vocavit.</strong></span> <span class='ocrx_word' id='word_1_476' title='bbox 1486 2421 1629 2453; x_wconf 86' lang='lat' dir='ltr'><strong>Terram</strong></span> <span class='ocrx_word' id='word_1_477' title='bbox 1653 2443 1663 2460; x_wconf 94' lang='lat'><strong>,</strong></span> <span class='ocrx_word' id='word_1_478' title='bbox 1700 2414 1775 2452; x_wconf 89' lang='lat' dir='ltr'><strong>fine</strong></span> <span class='ocrx_word' id='word_1_479' title='bbox 1796 2414 1867 2451; x_wconf 88' lang='lat' dir='ltr'><strong>ulla</strong></span> <span class='ocrx_word' id='word_1_480' title='bbox 1899 2412 2127 2451; x_wconf 87' lang='lat' dir='ltr'><strong>dubitatione</strong></span> <span class='ocrx_word' id='word_1_481' title='bbox 2158 2414 2211 2452; x_wconf 81' lang='lat' dir='ltr'><strong>est</strong></span> 
     </span>
     <span class='ocr_line' id='line_1_79' title="bbox 1162 2463 2211 2515; baseline 0 -12"><span class='ocrx_word' id='word_1_482' title='bbox 1162 2463 1339 2513; x_wconf 74' lang='lat' dir='ltr'><strong>glossema</strong></span> <span class='ocrx_word' id='word_1_483' title='bbox 1360 2466 1532 2515; x_wconf 83' lang='lat' dir='ltr'><strong>alicujus,</strong></span> <span class='ocrx_word' id='word_1_484' title='bbox 1559 2466 1623 2514; x_wconf 91' lang='lat' dir='ltr'><strong>qui</strong></span> <span class='ocrx_word' id='word_1_485' title='bbox 1649 2465 1803 2503; x_wconf 86' lang='lat' dir='ltr'><strong>verbum</strong></span> <span class='ocrx_word' id='word_1_486' title='bbox 1828 2472 1984 2502; x_wconf 88' lang='lat' dir='ltr'><strong>Matrem</strong></span> <span class='ocrx_word' id='word_1_487' title='bbox 2007 2464 2125 2502; x_wconf 90' lang='lat' dir='ltr'><strong>voluit</strong></span> <span class='ocrx_word' id='word_1_488' title='bbox 2150 2465 2211 2503; x_wconf 90' lang='lat' dir='ltr'><strong>in·</strong></span> 
     </span>
     <span class='ocr_line' id='line_1_80' title="bbox 1162 2513 2209 2565; baseline 0.003 -14"><span class='ocrx_word' id='word_1_489' title='bbox 1162 2516 1368 2562; x_wconf 87' lang='lat' dir='ltr'><strong>terpretari:</strong></span> <span class='ocrx_word' id='word_1_490' title='bbox 1398 2517 1596 2565; x_wconf 80' lang='lat' dir='ltr'><strong>posteaque</strong></span> <span class='ocrx_word' id='word_1_491' title='bbox 1617 2515 1661 2553; x_wconf 85' lang='lat' dir='ltr'><strong>ab</strong></span> <span class='ocrx_word' id='word_1_492' title='bbox 1693 2516 1868 2564; x_wconf 86' lang='lat' dir='ltr'><strong>imperitis</strong></span> <span class='ocrx_word' id='word_1_493' title='bbox 1882 2543 1892 2559; x_wconf 86' lang='lat'>,</span> <span class='ocrx_word' id='word_1_494' title='bbox 1918 2515 2006 2565; x_wconf 88' lang='lat' dir='ltr'><strong>qui,</strong></span> <span class='ocrx_word' id='word_1_495' title='bbox 2034 2513 2123 2564; x_wconf 89' lang='lat' dir='ltr'><strong>quid</strong></span> <span class='ocrx_word' id='word_1_496' title='bbox 2143 2513 2209 2554; x_wconf 89' lang='lat' dir='ltr'><strong>fibi</strong></span> 
     </span>
     <span class='ocr_line' id='line_1_81' title="bbox 1161 2565 2210 2615; baseline 0.006 -15"><span class='ocrx_word' id='word_1_497' title='bbox 1161 2575 1313 2602; x_wconf 87' lang='lat' dir='ltr'><strong>matrem</strong></span> <span class='ocrx_word' id='word_1_498' title='bbox 1334 2565 1445 2603; x_wconf 87' lang='lat' dir='ltr'><strong>vellet</strong></span> <span class='ocrx_word' id='word_1_499' title='bbox 1469 2594 1481 2611; x_wconf 96' lang='lat'>‚</span> <span class='ocrx_word' id='word_1_500' title='bbox 1505 2578 1582 2604; x_wconf 91' lang='lat' dir='ltr'><strong>non</strong></span> <span class='ocrx_word' id='word_1_501' title='bbox 1614 2567 1861 2615; x_wconf 82' lang='lat' dir='ltr'><strong>intelligebant</strong></span> <span class='ocrx_word' id='word_1_502' title='bbox 1884 2594 1894 2610; x_wconf 95' lang='lat'>,</span> <span class='ocrx_word' id='word_1_503' title='bbox 1931 2573 2121 2614; x_wconf 89' lang='lat' dir='ltr'><strong>receptum</strong></span> <span class='ocrx_word' id='word_1_504' title='bbox 2144 2566 2210 2606; x_wconf 84' lang='lat' dir='ltr'><strong>est.</strong></span> 
     </span>
     <span class='ocr_line' id='line_1_82' title="bbox 1163 2614 2207 2666; baseline 0.002 -14"><span class='ocrx_word' id='word_1_505' title='bbox 1163 2614 1215 2652; x_wconf 89' lang='lat' dir='ltr'><strong>T.</strong></span> <span class='ocrx_word' id='word_1_506' title='bbox 1237 2615 1366 2653; x_wconf 84' lang='lat' dir='ltr'><strong>Livius</strong></span> <span class='ocrx_word' id='word_1_507' title='bbox 1386 2615 1446 2653; x_wconf 88' lang='lat' dir='ltr'><strong>lib.</strong></span> <span class='ocrx_word' id='word_1_508' title='bbox 1469 2629 1497 2654; x_wconf 90' lang='lat'><strong>1.</strong></span> <span class='ocrx_word' id='word_1_509' title='bbox 1524 2627 1603 2665; x_wconf 82' lang='lat' dir='ltr'><strong>cap.</strong></span> <span class='ocrx_word' id='word_1_510' title='bbox 1626 2616 1685 2665; x_wconf 81' lang='lat'><strong>56.</strong></span> <span class='ocrx_word' id='word_1_511' title='bbox 1713 2618 1898 2666; x_wconf 78' lang='lat' dir='ltr'><strong>Imperium</strong></span> <span class='ocrx_word' id='word_1_512' title='bbox 1920 2616 2106 2665; x_wconf 84' lang='lat' dir='ltr'><strong>summum</strong></span> <span class='ocrx_word' id='word_1_513' title='bbox 2138 2623 2207 2654; x_wconf 86' lang='lat' dir='ltr'><strong>Ro-</strong></span> 
     </span>
     <span class='ocr_line' id='line_1_83' title="bbox 1162 2666 2206 2718; baseline 0.002 -15"><span class='ocrx_word' id='word_1_514' title='bbox 1162 2679 1240 2703; x_wconf 82' lang='lat' dir='ltr'><strong>mae</strong></span> <span class='ocrx_word' id='word_1_515' title='bbox 1251 2666 1402 2711; x_wconf 79' lang='lat' dir='ltr'><strong>habebit,</strong></span> <span class='ocrx_word' id='word_1_516' title='bbox 1415 2667 1475 2718; x_wconf 80' lang='lat' dir='ltr'><strong>qui</strong></span> <span class='ocrx_word' id='word_1_517' title='bbox 1495 2667 1647 2714; x_wconf 83' lang='lat' dir='ltr'><strong>vestrum</strong></span> <span class='ocrx_word' id='word_1_518' title='bbox 1662 2667 1814 2717; x_wconf 84' lang='lat' dir='ltr'><strong>primus,</strong></span> <span class='ocrx_word' id='word_1_519' title='bbox 1832 2667 2020 2713; x_wconf 57' lang='lat' dir='ltr'><strong>&amp;Juvenes</strong></span> <span class='ocrx_word' id='word_1_520' title='bbox 2033 2695 2043 2712; x_wconf 81' lang='lat'><em>‚</em></span> <span class='ocrx_word' id='word_1_521' title='bbox 2054 2667 2206 2716; x_wconf 85' lang='lat' dir='ltr'><strong>osculum</strong></span> 
     </span>
     <span class='ocr_line' id='line_1_84' title="bbox 1161 2717 2205 2768; baseline 0.001 -14"><span class='ocrx_word' id='word_1_522' title='bbox 1161 2718 1271 2754; x_wconf 88' lang='lat' dir='ltr'><strong>matri</strong></span> <span class='ocrx_word' id='word_1_523' title='bbox 1292 2717 1424 2756; x_wconf 87' lang='lat' dir='ltr'><strong>tulerit.</strong></span> <span class='ocrx_word' id='word_1_524' title='bbox 1452 2717 1660 2768; x_wconf 76' lang='lat' dir='ltr'><strong>Tarquinii,</strong></span> <span class='ocrx_word' id='word_1_525' title='bbox 1686 2728 1728 2755; x_wconf 88' lang='lat' dir='ltr'><strong>ut</strong></span> <span class='ocrx_word' id='word_1_526' title='bbox 1748 2724 1870 2755; x_wconf 83' lang='lat' dir='ltr'><strong>Sextus</strong></span> <span class='ocrx_word' id='word_1_527' title='bbox 1883 2746 1892 2761; x_wconf 90' lang='lat'>,</span> <span class='ocrx_word' id='word_1_528' title='bbox 1921 2718 1981 2768; x_wconf 81' lang='lat' dir='ltr'><strong>qui</strong></span> <span class='ocrx_word' id='word_1_529' title='bbox 2004 2725 2129 2755; x_wconf 84' lang='lat' dir='ltr'><strong>Romae</strong></span> <span class='ocrx_word' id='word_1_530' title='bbox 2150 2732 2205 2755; x_wconf 83' lang='lat' dir='ltr'><strong>re·</strong></span> 
     </span>
     <span class='ocr_line' id='line_1_85' title="bbox 1159 2767 2206 2819; baseline 0.002 -15"><span class='ocrx_word' id='word_1_531' title='bbox 1159 2767 1417 2815; x_wconf 63' lang='lat' dir='ltr'><strong>liffusfuerat,</strong></span> <span class='ocrx_word' id='word_1_532' title='bbox 1443 2769 1584 2817; x_wconf 83' lang='lat' dir='ltr'><strong>ignarus</strong></span> <span class='ocrx_word' id='word_1_533' title='bbox 1607 2767 1768 2819; x_wconf 78' lang='lat' dir='ltr'><strong>responsi,</strong></span> <span class='ocrx_word' id='word_1_534' title='bbox 1795 2768 1971 2819; x_wconf 80' lang='lat' dir='ltr'><strong>expersque</strong></span> <span class='ocrx_word' id='word_1_535' title='bbox 2001 2768 2137 2819; x_wconf 81' lang='lat' dir='ltr'><strong>imperii</strong></span> <span class='ocrx_word' id='word_1_536' title='bbox 2156 2768 2206 2818; x_wconf 69' lang='lat' dir='ltr'><strong>est</strong></span> 
     </span>
     <span class='ocr_line' id='line_1_86' title="bbox 1152 2818 2204 2870; baseline 0 -15"><span class='ocrx_word' id='word_1_537' title='bbox 1152 2818 1230 2868; x_wconf 85' lang='lat' dir='ltr'><strong>set,</strong></span> <span class='ocrx_word' id='word_1_538' title='bbox 1257 2832 1330 2855; x_wconf 88' lang='lat' dir='ltr'><strong>rem</strong></span> <span class='ocrx_word' id='word_1_539' title='bbox 1342 2819 1488 2868; x_wconf 83' lang='lat' dir='ltr'><strong>summa</strong></span> <span class='ocrx_word' id='word_1_540' title='bbox 1509 2828 1563 2869; x_wconf 83' lang='lat' dir='ltr'><strong>ope</strong></span> <span class='ocrx_word' id='word_1_541' title='bbox 1583 2821 1689 2857; x_wconf 80' lang='lat' dir='ltr'><strong>taceri</strong></span> <span class='ocrx_word' id='word_1_542' title='bbox 1705 2819 1840 2870; x_wconf 82' lang='lat' dir='ltr'><strong>jubent.</strong></span> <span class='ocrx_word' id='word_1_543' title='bbox 1865 2819 1929 2869; x_wconf 83' lang='lat' dir='ltr'><strong>Ipsi</strong></span> <span class='ocrx_word' id='word_1_544' title='bbox 1947 2819 2039 2856; x_wconf 86' lang='lat' dir='ltr'><strong>inter</strong></span> <span class='ocrx_word' id='word_1_545' title='bbox 2053 2820 2091 2868; x_wconf 86' lang='lat' dir='ltr'><strong>se</strong></span> <span class='ocrx_word' id='word_1_546' title='bbox 2105 2830 2204 2863; x_wconf 80' lang='lat' dir='ltr'><strong>,uter</strong></span> 
     </span>
     <span class='ocr_line' id='line_1_87' title="bbox 1154 2869 2202 2921; baseline -0.002 -15"><span class='ocrx_word' id='word_1_547' title='bbox 1154 2870 1250 2919; x_wconf 86' lang='lat' dir='ltr'><strong>prior</strong></span> <span class='ocrx_word' id='word_1_548' title='bbox 1263 2897 1274 2914; x_wconf 91' lang='lat'>‚</span> <span class='ocrx_word' id='word_1_549' title='bbox 1301 2882 1380 2906; x_wconf 86' lang='lat' dir='ltr'><strong>cum</strong></span> <span class='ocrx_word' id='word_1_550' title='bbox 1411 2875 1559 2907; x_wconf 87' lang='lat' dir='ltr'><strong>Romam</strong></span> <span class='ocrx_word' id='word_1_551' title='bbox 1579 2870 1725 2921; x_wconf 83' lang='lat' dir='ltr'><strong>rediiffet</strong></span> <span class='ocrx_word' id='word_1_552' title='bbox 1738 2899 1749 2915; x_wconf 90' lang='lat'>‚</span> <span class='ocrx_word' id='word_1_553' title='bbox 1776 2872 1886 2907; x_wconf 81' lang='lat' dir='ltr'><strong>matri</strong></span> <span class='ocrx_word' id='word_1_554' title='bbox 1907 2869 2057 2919; x_wconf 84' lang='lat' dir='ltr'><strong>osculum</strong></span> <span class='ocrx_word' id='word_1_555' title='bbox 2079 2870 2202 2913; x_wconf 73' lang='lat' dir='ltr'><strong>daret„</strong></span> 
     </span>
     <span class='ocr_line' id='line_1_88' title="bbox 1153 2918 2204 2970; baseline -0.002 -14"><span class='ocrx_word' id='word_1_556' title='bbox 1153 2921 1244 2970; x_wconf 76' lang='lat' dir='ltr'><strong>fhrti</strong></span> <span class='ocrx_word' id='word_1_557' title='bbox 1259 2921 1483 2970; x_wconf 83' lang='lat' dir='ltr'><strong>permittunt.</strong></span> <span class='ocrx_word' id='word_1_558' title='bbox 1526 2926 1657 2959; x_wconf 86' lang='lat' dir='ltr'><strong>Brutus</strong></span> <span class='ocrx_word' id='word_1_559' title='bbox 1678 2921 1745 2958; x_wconf 84' lang='lat' dir='ltr'><strong>alio</strong></span> <span class='ocrx_word' id='word_1_560' title='bbox 1777 2932 1876 2958; x_wconf 84' lang='lat' dir='ltr'><strong>ratus</strong></span> <span class='ocrx_word' id='word_1_561' title='bbox 1899 2922 2048 2970; x_wconf 61' lang='lat' dir='ltr'><strong>spectare</strong></span> <span class='ocrx_word' id='word_1_562' title='bbox 2077 2918 2204 2967; x_wconf 68' lang='lat' dir='ltr'><strong>Pythi-</strong></span> 
     </span>
     <span class='ocr_line' id='line_1_89' title="bbox 1160 2969 2202 3023; baseline -0.004 -15"><span class='ocrx_word' id='word_1_563' title='bbox 1160 2983 1238 3008; x_wconf 89' lang='lat' dir='ltr'><strong>cam</strong></span> <span class='ocrx_word' id='word_1_564' title='bbox 1269 2984 1385 3009; x_wconf 86' lang='lat' dir='ltr'><strong>vocem</strong></span> <span class='ocrx_word' id='word_1_565' title='bbox 1406 3000 1418 3018; x_wconf 95' lang='lat'>,</span> <span class='ocrx_word' id='word_1_566' title='bbox 1456 2972 1556 3009; x_wconf 83' lang='lat' dir='ltr'><strong>velut</strong></span> <span class='ocrx_word' id='word_1_567' title='bbox 1578 2970 1614 3022; x_wconf 81' lang='lat' dir='ltr'><em>fi</em></span> <span class='ocrx_word' id='word_1_568' title='bbox 1636 2973 1811 3023; x_wconf 86' lang='lat' dir='ltr'><strong>prolapsus</strong></span> <span class='ocrx_word' id='word_1_569' title='bbox 1851 2969 2007 3019; x_wconf 84' lang='lat' dir='ltr'><strong>cecidiffet</strong></span> <span class='ocrx_word' id='word_1_570' title='bbox 2031 2997 2042 3013; x_wconf 86' lang='lat'>‚</span> <span class='ocrx_word' id='word_1_571' title='bbox 2068 2979 2202 3005; x_wconf 90' lang='lat' dir='ltr'><strong>terram</strong></span> 
     </span>
     <span class='ocr_line' id='line_1_90' title="bbox 1159 3021 2202 3074; baseline -0.006 -15"><span class='ocrx_word' id='word_1_572' title='bbox 1159 3021 1265 3071; x_wconf 85' lang='lat' dir='ltr'><strong>osculo</strong></span> <span class='ocrx_word' id='word_1_573' title='bbox 1283 3022 1426 3072; x_wconf 83' lang='lat' dir='ltr'><strong>contigit</strong></span> <span class='ocrx_word' id='word_1_574' title='bbox 1448 3040 1458 3060; x_wconf 91' lang='grc'><strong>.·</strong></span> <span class='ocrx_word' id='word_1_575' title='bbox 1479 3022 1610 3072; x_wconf 86' lang='lat' dir='ltr'><strong>scilicet</strong></span> <span class='ocrx_word' id='word_1_576' title='bbox 1631 3024 1722 3074; x_wconf 84' lang='lat' dir='ltr'><strong>quod</strong></span> <span class='ocrx_word' id='word_1_577' title='bbox 1753 3036 1792 3059; x_wconf 85' lang='lat' dir='ltr'><strong>ea</strong></span> <span class='ocrx_word' id='word_1_578' title='bbox 1812 3021 2001 3059; x_wconf 86' lang='lat' dir='ltr'><strong>communis</strong></span> <span class='ocrx_word' id='word_1_579' title='bbox 2022 3030 2134 3055; x_wconf 84' lang='lat' dir='ltr'><strong>mater</strong></span> <span class='ocrx_word' id='word_1_580' title='bbox 2165 3031 2202 3054; x_wconf 89' lang='lat' dir='ltr'><strong>o·</strong></span> 
     </span>
     <span class='ocr_line' id='line_1_91' title="bbox 1158 3069 2201 3123; baseline -0.006 -13"><span class='ocrx_word' id='word_1_581' title='bbox 1158 3074 1296 3110; x_wconf 82' lang='lat' dir='ltr'><strong>mnium</strong></span> <span class='ocrx_word' id='word_1_582' title='bbox 1318 3074 1522 3112; x_wconf 82' lang='lat' dir='ltr'><strong>mortalium</strong></span> <span class='ocrx_word' id='word_1_583' title='bbox 1541 3073 1624 3123; x_wconf 78' lang='lat' dir='ltr'><strong>esset.</strong></span> <span class='ocrx_word' id='word_1_584' title='bbox 1652 3075 1700 3112; x_wconf 87' lang='lat' dir='ltr'><strong>Et</strong></span> <span class='ocrx_word' id='word_1_585' title='bbox 1720 3073 1793 3122; x_wconf 82' lang='lat' dir='ltr'><strong>ipse</strong></span> <span class='ocrx_word' id='word_1_586' title='bbox 1811 3071 1869 3109; x_wconf 88' lang='lat' dir='ltr'><strong>lib.</strong></span> <span class='ocrx_word' id='word_1_587' title='bbox 1892 3083 1925 3107; x_wconf 92' lang='lat'><strong>11</strong></span> <span class='ocrx_word' id='word_1_588' title='bbox 1962 3069 2092 3106; x_wconf 81' lang='lat' dir='ltr'><strong>Fastor.</strong></span> <span class='ocrx_word' id='word_1_589' title='bbox 2116 3079 2201 3117; x_wconf 77' lang='lat'><strong>713.</strong></span> 
     </span>
    </p>

    <p class='ocr_par' dir='ltr' id='par_1_39' title="bbox 1214 3120 2176 3174">
     <span class='ocr_line' id='line_1_92' title="bbox 1214 3120 2176 3174; baseline -0.003 -13"><span class='ocrx_word' id='word_1_590' title='bbox 1214 3124 1415 3173; x_wconf 77' lang='lat' dir='ltr'><strong>consulitur</strong></span> <span class='ocrx_word' id='word_1_591' title='bbox 1436 3124 1587 3163; x_wconf 82' lang='lat' dir='ltr'><strong>Phoebus</strong></span> <span class='ocrx_word' id='word_1_592' title='bbox 1601 3154 1611 3170; x_wconf 92' lang='lat'>‚</span> <span class='ocrx_word' id='word_1_593' title='bbox 1630 3124 1705 3174; x_wconf 75' lang='lat' dir='ltr'><strong>sors</strong></span> <span class='ocrx_word' id='word_1_594' title='bbox 1726 3123 1770 3171; x_wconf 86' lang='lat' dir='ltr'><strong>est</strong></span> <span class='ocrx_word' id='word_1_595' title='bbox 1791 3123 1841 3159; x_wconf 87' lang='lat' dir='ltr'><strong>ita</strong></span> <span class='ocrx_word' id='word_1_596' title='bbox 1864 3121 2001 3158; x_wconf 85' lang='lat' dir='ltr'><strong>reddita</strong></span> <span class='ocrx_word' id='word_1_597' title='bbox 2014 3136 2026 3156; x_wconf 90' lang='lat'><strong>.·</strong></span> <span class='ocrx_word' id='word_1_598' title='bbox 2055 3120 2176 3158; x_wconf 68' lang='lat' dir='ltr'><strong>Matre*</strong></span> 
     </span>
    </p>

    <p class='ocr_par' dir='ltr' id='par_1_40' title="bbox 1265 3170 2165 3226">
     <span class='ocr_line' id='line_1_93' title="bbox 1265 3170 2165 3226; baseline -0.007 -12"><span class='ocrx_word' id='word_1_599' title='bbox 1265 3177 1340 3225; x_wconf 77' lang='lat' dir='ltr'><strong>Qi</strong></span> <span class='ocrx_word' id='word_1_600' title='bbox 1361 3177 1491 3214; x_wconf 85' lang='lat' dir='ltr'><strong>dederit</strong></span> <span class='ocrx_word' id='word_1_601' title='bbox 1505 3177 1642 3226; x_wconf 88' lang='lat' dir='ltr'><strong>primus</strong></span> <span class='ocrx_word' id='word_1_602' title='bbox 1663 3175 1772 3225; x_wconf 80' lang='lat' dir='ltr'><strong>oscula</strong></span> <span class='ocrx_word' id='word_1_603' title='bbox 1786 3201 1797 3218; x_wconf 93' lang='lat'><strong><em>‚</em></strong></span> <span class='ocrx_word' id='word_1_604' title='bbox 1824 3172 1935 3208; x_wconf 66' lang='lat' dir='ltr'><strong>vietor</strong></span> <span class='ocrx_word' id='word_1_605' title='bbox 1945 3171 2021 3207; x_wconf 85' lang='lat' dir='ltr'><strong>erit.</strong></span> <span class='ocrx_word' id='word_1_606' title='bbox 2049 3170 2165 3208; x_wconf 79' lang='lat' dir='ltr'><strong>C10F.</strong></span> 
     </span>
    </p>

    <p class='ocr_par' dir='ltr' id='par_1_41' title="bbox 1217 3221 2203 3278">
     <span class='ocr_line' id='line_1_94' title="bbox 1217 3221 2203 3278; baseline -0.008 -14"><span class='ocrx_word' id='word_1_607' title='bbox 1217 3227 1300 3265; x_wconf 88' lang='lat'><strong>126.</strong></span> <span class='ocrx_word' id='word_1_608' title='bbox 1339 3228 1503 3278; x_wconf 68' lang='lat' dir='ltr'><strong>(Qiinque</strong></span> <span class='ocrx_word' id='word_1_609' title='bbox 1515 3225 1763 3277; x_wconf 79' lang='lat' dir='ltr'><strong>superstitibus,</strong></span> <span class='ocrx_word' id='word_1_610' title='bbox 1783 3235 1928 3273; x_wconf 81' lang='lat' dir='ltr'><strong>quorum</strong></span> <span class='ocrx_word' id='word_1_611' title='bbox 1941 3221 2019 3269; x_wconf 86' lang='lat' dir='ltr'><strong>fuit</strong></span> <span class='ocrx_word' id='word_1_612' title='bbox 2039 3233 2129 3257; x_wconf 83' lang='lat' dir='ltr'><strong>unus</strong></span> <span class='ocrx_word' id='word_1_613' title='bbox 2150 3224 2203 3258; x_wconf 84' lang='grc' dir='ltr'><strong>Ε-”</strong></span> 
     </span>
    </p>

    <p class='ocr_par' dir='ltr' id='par_1_42' title="bbox 1161 3270 2204 3371">
     <span class='ocr_line' id='line_1_95' title="bbox 1161 3270 2203 3366; baseline -0.01 -48"><span class='ocrx_word' id='word_1_614' title='bbox 1161 3277 1301 3332; x_wconf 58' lang='lat' dir='ltr'><strong>chion]</strong></span> <span class='ocrx_word' id='word_1_615' title='bbox 1340 3279 1497 3366; x_wconf 48' lang='lat' dir='ltr'><strong>Herm}</strong></span> <span class='ocrx_word' id='word_1_616' title='bbox 1524 3277 1697 3317; x_wconf 84' lang='lat' dir='ltr'><strong>omnium</strong></span> <span class='ocrx_word' id='word_1_617' title='bbox 1717 3273 1873 3317; x_wconf 80' lang='lat' dir='ltr'><strong>nomina</strong></span> <span class='ocrx_word' id='word_1_618' title='bbox 1901 3283 1948 3314; x_wconf 82' lang='lat' dir='ltr'><strong>ex</strong></span> <span class='ocrx_word' id='word_1_619' title='bbox 1970 3270 2203 3363; x_wconf 49' lang='lat' dir='ltr'>Lyfimachss</span> 
     </span>
     <span class='ocr_line' id='line_1_96' title="bbox 1522 3339 2204 3371; baseline 0.006 -4"><span class='ocrx_word' id='word_1_620' title='bbox 1522 3339 1544 3367; x_wconf 71' lang='lat'><em>2</em></span> <span class='ocrx_word' id='word_1_621' title='bbox 2160 3366 2171 3370; x_wconf 60' lang='lat'>‚</span> <span class='ocrx_word' id='word_1_622' title='bbox 2190 3364 2204 3371; x_wconf 50' lang='lat' dir='ltr'><em>A</em></span> 
     </span>
    </p>
   </div>
   <div class='ocr_carea' id='block_1_9' title="bbox 1218 1613 1318 1624">
    <p class='ocr_par' dir='ltr' id='par_1_43' title="bbox 1218 1613 1318 1624">
     <span class='ocr_line' id='line_1_97' title="bbox 1218 1613 1318 1624; baseline 0 0"><span class='ocrx_word' id='word_1_623' title='bbox 1218 1613 1318 1624; x_wconf 95' lang='lat' dir='ltr'><strong> </strong></span> 
     </span>
    </p>
   </div>
   <div class='ocr_carea' id='block_1_10' title="bbox 1214 1976 1316 1986">
    <p class='ocr_par' dir='ltr' id='par_1_44' title="bbox 1214 1976 1316 1986">
     <span class='ocr_line' id='line_1_98' title="bbox 1214 1976 1316 1986; baseline 0 1630"><span class='ocrx_word' id='word_1_624' title='bbox 1214 1976 1316 1986; x_wconf 95' lang='lat' dir='ltr'><strong> </strong></span> 
     </span>
    </p>
   </div>
  </div>
 </body>
</html>
