2483 3616
751 183 812 242 P.
888 184 1305 243 OVIDII

263 187 358 242 186

1359 182 1912 242 NASONIS

406 292 502 346 175
540 273 646 332 Per
668 292 857 333 nemus
884 278 1135 349 ignotum
1156 295 1267 332 non
1293 278 1454 333 certis
1476 277 1704 350 paffibus
1730 298 1937 346 erranS,

547 349 800 406 Pervenit
824 351 879 405 in
902 351 1113 406 lucum:
1152 350 1220 405 fic
1244 350 1393 406 illum
1418 350 1524 405 fata
1550 349 1811 407 ferebant.

548 423 662 497 Qui
687 424 838 479 fimul
861 424 1078 480 intravit
1102 424 1336 479 rorantia
1358 423 1598 479 fontibus
1623 436 1803 488 antra3

549 497 700 552 Sicut
724 512 904 563 erant,
947 498 1059 552 viso
1082 498 1259 554 nudae
1285 498 1376 552 sua
1400 497 1618 570 pe&ora
1639 498 1923 572 Nymphae

546 570 858 627 Percuffere
884 573 1030 627 viro:
1071 571 1361 643 subitisque
1385 570 1668 624 ululatibus
1694 590 1857 627 omne

407 642 506 697 180
543 643 838 717 Implevere
862 663 1076 701 nemus:
1118 643 1576 717 circumfusaeque
1602 642 1836 701 Dianam

547 716 884 789 Corporibus
910 736 1095 773 texere
1121 719 1236 772 suis.
1284 730 1464 771 tamen
1490 717 1646 771 altior
1676 718 1773 773 illis

548 789 657 860 Ipsa
682 790 799 843 Dea
826 792 927 854 est,
967 791 1219 862 colloque
1244 803 1398 844 tenus
1426 789 1786 863 supereminet
1812 809 2013 847 omnes,

548 862 662 933 Qui
686 863 837 916 color
861 861 1068 917 infestis
1088 863 1292 918 adversi
1316 862 1452 917 Solis
1475 863 1540 918 ab
1564 862 1673 917 ieu

549 934 795 990 Nubibus
820 935 923 990 effe
947 936 1109 1000 solet,
1147 949 1236 990 aut
1260 954 1559 1009 purpureae
1587 937 1866 1001 Aurorae3

405 1007 464 1059 18
474 1026 502 1075 ς
541 1007 586 1063 Is
611 1008 713 1063 fuit
741 1009 796 1063 in
823 1010 975 1065 vultu
1000 1010 1138 1065 visae
1164 1009 1271 1065 fine
1293 1010 1438 1065 veste
1463 1011 1684 1066 Dianae.

548 1082 706 1155 Quae
729 1100 1056 1156 quamquam
1080 1084 1344 1138 comitum
1369 1085 1526 1139 turba
1553 1084 1736 1157 stipata
1762 1085 2005 1148 suarum3

549 1155 609 1210 In
634 1157 765 1211 latus
784 1156 1071 1230 ‘obliquum
1096 1169 1276 1211 tamen
1302 1157 1527 1212 adstitit:
1569 1176 1770 1231 oraque
1793 1173 1941 1213 retro

547 1228 752 1285 Flexit:
796 1230 850 1284 δε
876 1244 936 1285 ut
962 1230 1123 1285 vellet
1147 1244 1422 1304 promptas
1447 1231 1681 1287 habuisse
1704 1232 1944 1305 sagittas,

2259 1304 2411 1378 Quas

256 1375 330 1413 Sat.
352 1386 409 1413 VI.
445 1387 532 1425 491.
566 1376 630 1415 ubi
652 1376 774 1416 Schol.
797 1376 972 1424 ψεκάζειν
1005 1382 1130 1414 Graece
1159 1378 1281 1415 dicunt
1295 1406 1306 1423 ‚
1354 1378 1439 1428 pede
1460 1393 1575 1417 errare
1597 1379 1689 1418 dixit
1710 1379 1821 1430 Epist.
1845 1392 1897 1418 21.
1910 1378 1971 1429 96.
1985 1379 2024 1417 &
2045 1377 2230 1429 eleganter
2253 1379 2299 1418 de
2318 1380 2412 1418 For-

254 1427 396 1478 quando
418 1428 602 1466 minutum
616 1426 696 1479 five
727 1443 851 1466 rarum
875 1428 982 1479 pluit.
1020 1430 1221 1466 Ornatrices
1242 1429 1307 1478 igi·
1361 1438 1453 1467 tuna
1476 1442 1511 1468 v.
1534 1431 1644 1469 Trist.
1666 1444 1757 1469 vm.
1785 1445 1842 1480 15.

253 1488 316 1514 tur
338 1488 569 1528 componentes
603 1480 710 1529 (lege
743 1481 872 1518 crinem
894 1480 1150 1531 componentes)
1179 1494 1303 1517 rarum

251 1542 294 1566 ac
309 1538 469 1578 parvum
490 1545 602 1582 aquae
614 1531 727 1580 solent
746 1532 884 1569 mittere
897 1561 907 1577 ,
935 1546 975 1569 ac
997 1531 1096 1568 velut
1118 1530 1304 1578 ψεκάζειν.

252 1579 355 1628 Ergo
390 1582 554 1620 nominis
585 1583 869 1633 Etymologiam
903 1583 948 1620 ab
979 1591 1055 1621 arte
1086 1581 1222 1621 sumfit.
1263 1583 1303 1620 &

253 1630 354 1680 apud
375 1632 523 1670 Reines.
544 1645 570 1669 1.
595 1634 701 1671 Inscr.
716 1634 775 1682 89.

361 1682 541 1721 CASSIA
580 1685 615 1721 L
637 1685 683 1722 L.
721 1686 964 1724 PSECHAS.

255 1732 376 1781 Quod
397 1745 444 1772 an
463 1734 596 1773 servitii
618 1736 802 1775 muliebris
815 1749 882 1783 ‚an
902 1748 1118 1786 cognomen
1140 1734 1182 1773 fit
1203 1735 1308 1775 dubi-

253 1790 307 1820 tat
332 1784 522 1823 Reinefius
555 1798 600 1824 ex
631 1787 695 1825 illo
718 1788 901 1833 Juvenalis
932 1788 1033 1826 loco.
1069 1787 1132 1825 sed
1163 1798 1306 1836 cogno-

253 1844 346 1871 men
366 1835 437 1873 effe
460 1836 617 1875 ostendit
639 1849 683 1875 ex
705 1838 782 1887 ipso
803 1838 922 1888 lapide
945 1839 1133 1876 Fabrettus
1166 1849 1246 1887 cap.
1268 1851 1304 1876 x.

251 1895 335 1933 pag.
361 1886 446 1934 358.
474 1899 563 1925 nam
586 1889 625 1926 &
647 1889 715 1925 viri
737 1901 880 1927 nomen
904 1887 974 1927 effe
998 1889 1085 1928 dicit
1107 1918 1117 1934 ‚
1144 1889 1307 1928 ARCE-

252 1935 397 1974 LAUS
421 1937 605 1976 PSECAS
636 1939 709 1977 DE
729 1940 989 1979 PORTICU.
1016 1941 1147 1979 Euam.

314 1998 397 2035 175.
423 1995 489 2026 Per
511 2003 631 2027 nemus
642 1991 796 2040 ignotum
811 2006 879 2029 non
891 1992 990 2030 certis
998 1991 1142 2042 passibus
1153 1991 1306 2042 errans.]

253 2036 300 2076 In
322 2050 400 2076 uno
422 2051 536 2078 meo:
566 2047 648 2079 Non
667 2043 785 2094 aequis
798 2041 956 2093 paffibus.
989 2044 1044 2081 Ita
1061 2044 1166 2094 Virg.
1188 2043 1250 2081 lib.
1263 2055 1309 2082 11.

252 2088 415 2129 Aeneid.
439 2103 523 2138 724.

437 2143 664 2195 Sequiturque
678 2154 818 2195 patrem
839 2159 908 2182 non
924 2144 1074 2195 passibus
1095 2147 1223 2197 aequis.

254 2192 429 2232 CIOFAN.
466 2194 541 2232 Hic
562 2194 683 2232 versus
702 2196 740 2233 in
767 2196 982 2235 Florentino
1005 2198 1146 2246 primae
1169 2205 1282 2236 notae
1296 2225 1308 2243 ‚

254 2243 534 2293 Neapolitano,
562 2258 604 2284 ac
626 2247 805 2284 Mediceo
835 2247 998 2286 secundo
1031 2260 1147 2285 manu
1180 2260 1310 2286 recen-

253 2294 341 2331 tiori
363 2297 520 2345 margini
542 2304 619 2335 erat
640 2297 845 2347 adscriptus.
872 2299 937 2348 qui
956 2299 1111 2348 proinde
1131 2299 1309 2349 suspetstus

255 2345 305 2382 est
324 2346 526 2385 habendus.
563 2349 768 2387 HHNans.
810 2349 893 2399 Ego
916 2350 1006 2388 nihil
1031 2351 1070 2388 in
1100 2350 1175 2388 hoc
1205 2350 1310 2388 versu

257 2397 401 2443 reperio
416 2427 427 2443 ‚
455 2410 519 2436 cur
541 2410 725 2437 mereatur
747 2400 854 2449 ejici,
868 2412 955 2438 cum
977 2400 1020 2439 sit
1043 2401 1308 2447 Lafiniffimus,

256 2458 328 2484 nec
349 2447 490 2487 sensum
512 2450 589 2488 ullo
623 2451 742 2489 modo
765 2451 907 2490 turbet:
935 2463 1059 2502 neque
1093 2453 1194 2490 enim
1224 2464 1310 2490 mo-

259 2508 347 2552 vere
370 2499 502 2545 debet,
531 2501 635 2551 quod
664 2514 729 2551 per
751 2516 870 2540 nemus
893 2514 1012 2541 errans
1033 2505 1072 2541 in
1093 2503 1211 2541 lucum
1242 2515 1308 2541 ve-

260 2556 377 2586 nent:
405 2550 537 2589 Poetas
560 2553 661 2590 enim
694 2553 833 2591 diversa
865 2555 987 2592 facere
1020 2568 1164 2600 nemas,
1191 2554 1308 2592 lucum

261 2597 301 2635 δε
315 2597 449 2647 stlvam
466 2603 545 2651 jam
580 2603 683 2653 supra
703 2604 864 2643 vidimus
885 2605 931 2643 acl
952 2605 1013 2643 lib.
1027 2606 1174 2655 11.478.
1200 2607 1238 2644 ὃς
1260 2606 1311 2644 ita

260 2648 406 2688 Lucan.
428 2665 456 2689 1.
477 2665 562 2704 453.

710 2713 864 2744 Nemora
886 2707 965 2745 alta
987 2708 1126 2746 remotis

314 2752 466 2789 Incolitis
486 2752 580 2792 lacis.

260 2801 317 2840 Ut
338 2802 432 2840 lucus
453 2802 493 2840 fit
515 2816 593 2853 pars
614 2806 770 2845 sanffior
792 2810 969 2846 nemoris.
996 2811 1101 2860 Virg.
1124 2810 1302 2849 111.Aen.

264 2853 350 2909 681.
412 2854 512 2892 Silva
534 2856 611 2892 alta
634 2858 742 2903 Jovis
757 2887 766 2903 ,
794 2858 934 2908 lucusve
954 2861 1107 2898 Dianae.

261 2905 299 2943 Si
320 2905 400 2954 quis
423 2915 549 2943 autem
577 2907 788 2946 offendatur
806 2921 903 2947 voce
925 2910 1019 2948 lucus
1033 2940 1042 2955 ‚
1066 2912 1127 2949 ille
1153 2924 1197 2949 ex
1217 2911 1307 2948 alte·-

261 2967 304 2994 ro
328 2957 448 3006 Regio
472 2957 603 2995 codice
623 2961 758 3006 poterit
778 2960 900 3008 legere
924 2989 934 3005 ‚
966 2963 1130 3011 pervenit
1161 2963 1209 2999 ad
1221 2964 1305 3009 son-

259 3018 342 3044 tem.
369 3016 555 3057 praeterea
578 3009 758 3047 Ciofanus
776 3022 966 3059 perperam
1000 3014 1180 3061 praeferre
1204 3013 1307 3050 vide-

261 3066 319 3095 tur
333 3087 342 3102 ‚
356 3072 424 3095 non
436 3058 702 3110 aequispaffibus
716 3089 726 3105 ‚
748 3061 851 3110 quod
877 3063 989 3099 etiam
1007 3063 1053 3100 est
1076 3064 1113 3100 in
1126 3075 1202 3101 uno
1216 3064 1304 3101 Lei-

260 3108 362 3146 denfi
384 3122 451 3158 pro
473 3111 572 3148 varia
602 3111 787 3155 iecorione,
813 3111 872 3149 sed
905 3112 979 3151 sine
1011 3114 1122 3151 dubio
1154 3127 1173 3151 a
1201 3114 1307 3152 libra-

262 3160 316 3197 rio
340 3173 384 3197 ex
403 3161 466 3198 illo
489 3161 633 3210 Virgilii
648 3163 735 3199 loco
758 3163 968 3211 repetitum.
1007 3164 1067 3202 sed
1103 3164 1199 3213 apud
1222 3166 1308 3202 Ma-

263 3221 393 3264 ronem
416 3213 533 3261 agitur
554 3213 600 3250 de
622 3213 763 3251 duobus
787 3242 797 3259 ‚
826 3215 889 3264 qui
911 3228 989 3252 non
1011 3216 1134 3265 aequis
1157 3215 1308 3265 paffibus

262 3261 507 3313 incedebant,
531 3264 592 3301 hic
625 3265 672 3302 de
704 3277 782 3302 uno
806 3294 816 3309 ,
853 3267 916 3315 qui
948 3265 1023 3303 fine
1056 3276 1158 3305 certo
1191 3266 1310 3304 consi—

262 3314 312 3347 iio
348 3316 385 3349 ὃς
417 3314 605 3362 proposito
640 3316 780 3355 errabat
807 3317 880 3356 huc
903 3317 942 3355 ἃ
963 3318 1061 3356 illuc.
1097 3317 1200 3368 quod
1224 3332 1312 3367 vago

1412 1480 1564 1530 Paffibus
1584 1482 1755 1532 ambiguis
1766 1484 1918 1530 fortuna
1940 1481 2102 1519 volubilis
2122 1491 2218 1519 errat
2231 1510 2242 1527 ‚

1464 1538 1512 1570 Et
1532 1544 1652 1571 manet
1672 1535 1711 1571 in
1732 1534 1827 1571 nullo
1848 1544 1939 1571 certa
1959 1544 2132 1584 tenaxque
2151 1533 2230 1570 loco.

1361 1582 1420 1620 Sic
1441 1596 1520 1622 non
1543 1596 1653 1622 certae
1682 1599 1809 1623 manus
1837 1584 2108 1623 dormientium
2131 1612 2142 1629 ,
2164 1583 2357 1632 Propertio
2381 1595 2411 1621 1.

1366 1646 1447 1673 111.
1469 1635 1504 1674 8.
1531 1635 1661 1674 BuRM.

1419 1687 1501 1733 176.
1530 1686 1737 1736 Ferebant.]
1781 1686 1982 1724 Trahebant
2011 1685 2071 1723 sex
2102 1684 2180 1723 libri
2204 1713 2214 1731 ,
2240 1684 2411 1723 sollemni

1362 1739 1650 1786 permutatione.
1672 1738 1746 1776 vid.
1769 1750 1841 1776 v11.
1863 1738 1948 1785 817.
1971 1739 2009 1775 &
2031 1738 2167 1785 Ep.v1.
2193 1748 2411 1785 51.X11.35.

1417 1801 1497 1835 177.
1524 1791 1600 1838 Qi
1616 1788 1727 1840 fimul
1744 1789 1942 1838 intravit.]
1986 1788 2026 1827 ld
2059 1787 2106 1824 est
2128 1787 2322 1837 postquam
2353 1787 2411 1824 in-

1362 1838 1496 1889 greffus
1518 1841 1567 1878 est
1594 1870 1604 1885 ,
1632 1841 1787 1890 exponit
1808 1840 1987 1889 Raphae'l.
2013 1838 2195 1876 efficacius
2226 1836 2313 1875 effet
2337 1865 2348 1882 ,
2385 1837 2412 1875 fi

1361 1889 1465 1939 fimul
1487 1891 1727 1941 exposuisset,
1746 1892 1872 1940 statim
1892 1901 1933 1928 ut
1946 1920 1955 1936 ,
1969 1888 2293 1940 quemadmodum
2315 1888 2412 1936 apud

1362 1943 1565 1980 Horatium
1585 1943 1785 1992 saepissime
1809 1944 1847 1980 &
1870 1942 2036 1979 Livium.
2074 1938 2177 1990 quod
2211 1939 2324 1977 semel
2347 1940 2413 1976 ad-

1366 1993 1550 2032 monuisse
1571 1993 1650 2032 satis
1670 2003 1763 2043 puto
1784 2023 1795 2039 ‚
1833 1992 1973 2032 etiamsi
1994 2004 2074 2030 non
2103 1990 2216 2028 semel
2245 1989 2412 2039 Raphael

1365 2044 1416 2082 ita
1437 2053 1611 2094 exponat.
1633 2047 1844 2083 GLAREAN.

1420 2096 1502 2143 178.
1530 2099 1672 2134 Peeffora
1695 2096 1889 2146 Nymphae.
1907 2094 1924 2144 ]
1955 2094 1999 2132 In
2021 2092 2207 2132 nonnullis
2229 2101 2303 2130 vet.
2325 2098 2412 2130 Cor-

1357 2156 1446 2196 pora
1469 2147 1663 2197 Nymphae.
1691 2149 1903 2185 CIOFANUS.

1420 2209 1501 2248 179.
1529 2198 1753 2250 Percuffere]
1782 2198 1999 2249 Deplanxere
2021 2193 2409 2233 Lovanienfis.lib.IV..

1366 2261 1436 2299 544
1870 2296 2067 2336 Cadmeida
2081 2295 2212 2347 palmis

1416 2351 1635 2401 Deplanxere
1655 2352 1810 2388 domum.
2385 2397 2392 2403 .

1419 2413 1501 2450 179.
1528 2409 1640 2439 Omne
1661 2403 1843 2452 implevere
1864 2398 2014 2449 nemus]
2044 2399 2177 2435 Altum
2191 2411 2311 2435 nemus
2324 2397 2411 2433 Lel..

1365 2452 1492 2491 denfis.
1515 2466 1594 2491 non
1617 2454 1725 2491 male.
1744 2453 1803 2490 lib.
1826 2465 1854 2489 1.
1878 2463 1962 2500 591.
1993 2450 2137 2488 umbras
2168 2449 2319 2486 altorum
2354 2460 2411 2483 nc-

1365 2517 1502 2541 morum
1530 2503 1638 2553 Epist.
1665 2515 1716 2541 ιν.
1741 2515 1823 2549 170.

1417 2555 1584 2606 Silvaque
1597 2556 1789 2606 perdendas
1802 2553 1966 2606 praebeat
1984 2552 2061 2589 alta
2073 2552 2183 2599 feras.

1367 2606 1511 2644 Lucan*
1535 2619 1562 2645 1.
1583 2618 1670 2656 453⁸
1830 2662 1984 2693 Nemora
2001 2654 2079 2690 alta
2100 2650 2239 2690 remotis

1421 2708 1572 2744 Incolitis
1593 2707 1688 2744 lucis.

1362 2758 1492 2807 Virgil.
1511 2770 1574 2795 111.
1596 2758 1694 2795 Aen.
1716 2757 1803 2796 681.

1413 2809 1514 2845 Silva
1536 2809 1611 2845 alta
1635 2809 1743 2855 Jovis
1765 2808 1919 2857 Lucusve
1942 2807 2093 2844 Dianae.

1362 2859 1412 2896 Et
1434 2860 1571 2908 paffim.
1600 2860 1659 2897 sed
1693 2861 1777 2909 quia
1799 2860 1959 2908 sequitur
1990 2859 2095 2896 altior
2126 2855 2216 2896 nihil
2248 2858 2411 2896 mutavi-

1364 2922 1458 2948 mus.
1482 2910 1556 2948 vid.
1578 2911 1640 2948 lib.
1661 2923 1706 2948 11.
1731 2923 1815 2961 371.
1842 2911 1975 2948 BURM.

1417 2962 1497 2999 181.
1526 2962 1729 3011 Corporibus
1749 2973 1860 2999 texere
1872 2959 1990 3011 suis.]
2029 2960 2264 3007 Metaphora.
2301 2960 2405 2999 Idem

1361 3024 1537 3050 numerus
1558 3012 1655 3062 apud
1677 3013 1875 3051 Lucanum
1896 3012 1955 3050 lib.
1976 3011 2077 3061 supra
2100 3012 2232 3050 citato:

1604 3064 1805 3102 Vulneribus
1822 3076 1934 3102 texere
1945 3064 2031 3112 suis.
2068 3063 2281 3101 CIOFANUS.

1418 3114 1498 3165 183.
1527 3114 1684 3165 Adverfi
1701 3116 1823 3167 solis.]
1872 3113 2085 3163 Periphrafis
2117 3114 2165 3152 est
2200 3115 2298 3153 Iridis
2323 3143 2333 3159 ‚
2368 3121 2407 3150 ut

1362 3174 1454 3214 puto
1490 3195 1500 3211 ‚
1553 3179 1781 3216 quamquam
1829 3166 2038 3215 simpliciter
2083 3165 2235 3215 intelligi
2281 3164 2408 3215 potest.

1364 3217 1575 3255 GLAREAN.
1621 3219 1783 3268 Adverso
1824 3216 2023 3255 Leidenfis.
2064 3216 2115 3254 ita
2153 3218 2296 3255 Lucan.
2337 3225 2408 3253 vu.

1365 3280 1449 3313 2¹4-

1420 3319 1522 3358 Miles
1543 3331 1584 3358 ut
1606 3320 1751 3370 aclverfh
1772 3320 1897 3360 Phoebi
1920 3319 2085 3358 radiatur
2105 3319 2152 3357 ab
2175 3319 2257 3356 iiia,
2330 3365 2395 3404 βξ
