2483 3616
339 131 1551 203 METAMORPHOSEON
1622 133 1764 190 Lm.

1837 136 1909 194 V.

322 240 702 299 Conciderant
727 236 875 311 lapfi:
917 236 1248 308 surgentibus
1271 232 1472 288 obstitit
1498 232 1653 299 ensis,

338 313 575 370 Alterius
601 310 787 374 costiS,
818 309 1005 381 jugulo
1031 307 1348 364 Phorbantis
1373 303 1603 360 adacius

106 394 141 401 *⁶
335 387 413 441 At
438 401 549 439 non
572 383 874 439 Actoriden
899 381 1159 445 Erithon,
1198 379 1285 435 cui
1313 380 1415 433 lata
1439 377 1682 450 bipennis

219 459 296 513 180
331 457 534 512 Telum
558 470 704 520 erat,
744 456 958 511 hamato
983 454 1204 509 Perseus
1229 452 1365 525 petit
1391 450 1540 506 ense:
1579 451 1669 505 sed
1697 451 1812 505 altis

330 528 642 585 Exstantem
669 528 822 602 signis
836 565 852 591 ,
891 527 1196 600 multaeque
1217 525 1273 579 in
1294 522 1537 596 pondere
1559 522 1779 587 massae,

329 601 615 673 Ingentem
639 601 879 657 manibus
906 600 1046 655 tollit
1070 612 1272 654 cratera
1297 595 1530 661 duabus3

328 674 659 748 Infregitque
685 675 820 730 viro.
857 673 1078 728 rutilum
1100 671 1271 726 vomit
1294 670 1381 725 ille
1405 685 1682 724 cruorem:

325 746 404 801 vEt
434 746 707 820 resupinus
730 747 953 802 humum
981 742 1306 799 moribundo
1333 742 1535 797 vertice
1558 741 1741 814 pulsat.

221 819 286 889 85
323 819 454 875 Inde
480 818 796 875 Semiramio
823 817 1225 889 Polydaemona
1249 815 1500 885 sanguine
1531 827 1769 876 cretum,

329 891 752 966 Caucasiumque
776 891 976 945 Abarin
991 927 1007 952 ,
1045 886 1578 959 Sperchionidenque
1602 886 1902 958 Lycetum,

329 964 713 1038 Intonsumque
735 979 914 1018 comas
939 960 1147 1032 Elyeen
1168 999 1183 1022 ,
1221 959 1629 1030 Phlegiamque,
1671 958 1998 1030 Clytumque

332 1037 532 1093 Sternit
557 1057 568 1091 :
612 1041 665 1092 &
693 1033 981 1090 adstruecos
1006 1031 1334 1086 morientum
1358 1031 1521 1084 calcat
1548 1048 1786 1086 acervos

322 1111 445 1165 ‘Nec
470 1109 700 1164 Phineus
729 1107 877 1161 ausus
899 1121 1224 1160 concurrere
1253 1103 1497 1157 cominus
1524 1103 1687 1165 hosti,

219 1201 288 1252 90
325 1182 604 1253 Intorquet
625 1180 885 1251 jaculum:
925 1177 1077 1251 quod
1100 1176 1293 1231 detulit
1320 1193 1471 1230 error
1497 1174 1553 1228 in
1580 1174 1738 1237 Idan,

327 1253 622 1325 Expertem
648 1251 832 1306 frustra
856 1251 1008 1314 belli,
1049 1249 1104 1304 &
1133 1260 1323 1302 neutra
1350 1265 1493 1302 arma
1515 1246 1773 1302 secutum.

320 1325 413 1379 ¹Ille
442 1338 594 1379 tuens
618 1325 785 1379 oculis
809 1324 1075 1378 immitem
1098 1321 1296 1376 Phinea
1320 1320 1512 1383 torviS,

38 1493 275 1534 celebrantur.
319 1493 489 1531 Remus.
540 1491 697 1529 Nomen
738 1489 938 1528 credndum
972 1495 1079 1538 puta-

39 1557 145 1590 mus,
165 1544 449 1594 haudquaquam
482 1553 503 1580 a
541 1542 660 1579 suenio
683 1541 906 1589 Aethiopiae
938 1539 1078 1588 oppido

39 1595 238 1634 secundum
256 1595 493 1643 interpretem
507 1621 517 1637 ‚
549 1592 609 1630 sed
631 1604 651 1629 a
671 1598 787 1641 Syene.
825 1590 928 1640 quod
951 1590 1081 1638 estop-

32 1646 168 1694 ,pidum
200 1645 301 1694 supra
330 1643 595 1683 Alexandriam
630 1644 794 1692 quinque
828 1640 984 1678 millibus
1013 1640 1080 1678 sta—

38 1694 183 1733 diorum
198 1724 210 1741 ,
236 1695 281 1733 de
301 1708 377 1746 quo
396 1695 530 1733 Plinius
551 1693 757 1732 &Servius.
785 1692 981 1730 Lucanus:
1006 1695 1081 1728 At-

39 1759 103 1797 que
144 1747 285 1784 umbras
319 1748 490 1797 nufiquam
522 1743 673 1793 fleffente
704 1750 818 1792 Syene.
858 1749 1082 1792 quapropter

40 1797 187 1845 Syenites
209 1797 319 1835 etiam
342 1798 413 1846 legi
444 1794 546 1845 poffe
570 1795 751 1833 credimus
765 1823 776 1839 ,
803 1805 873 1832 nec
897 1804 976 1830 non
997 1799 1079 1829 Sue-

38 1848 125 1885 nites
147 1849 369 1897 cognatione
402 1847 601 1885 litterarum
618 1875 628 1891 ‚
657 1859 677 1895 y
706 1846 744 1883 δε
770 1858 805 1882 u.
857 1844 1032 1890 Jeconus
1057 1857 1080 1881 A

39 1898 192 1937 CRUCE.
220 1898 326 1943 Alii,
373 1897 521 1947 syenites
544 1926 555 1942 ,
591 1908 612 1934 a
644 1902 770 1945 Syene,
799 1906 895 1944 quae
922 1894 1079 1932 Aethio·

36 1948 118 1997 piae
142 1949 266 1986 civitas
287 1948 335 1986 est
356 1949 403 1985 ad
423 1948 551 1986 Nilum
574 1946 660 1992 fita,
688 1954 727 1984 ut
749 1946 871 1994 steph.
893 1945 952 1982 ait.
1006 1945 1077 1983 Sed

36 1999 76 2036 ἃ
95 2000 163 2036 hac
186 1999 409 2037 formatione
428 1999 578 2035 Suenites
588 1997 659 2046 legi
682 1995 800 2046 potest
814 2009 857 2044 ,y
880 1996 917 2034 in
939 2008 961 2031 u
985 2007 1077 2033 con-

37 2049 160 2090 versa,
199 2048 518 2098 quemadmodum
549 2059 617 2097 pro
650 2046 746 2096 Sylla
772 2075 782 2091 ,
817 2045 914 2082 Sulla
936 2045 1078 2083 dicitur.

40 2099 217 2136 M1cui.
271 2099 419 2136 Omnes
449 2098 529 2136 libri
550 2098 691 2146 scripti,
713 2102 796 2133 Ecce
815 2096 987 2141 suauitas,
1014 2108 1080 2145 per

37 2148 389 2198 quintamvocalem
407 2149 445 2186 in
456 2149 573 2197 prima
582 2148 722 2197 syllaba.
744 2147 862 2196 Quod
879 2146 984 2184 valde
996 2158 1081 2195 pro-

37 2199 101 2236 bo.
122 2199 231 2237 Ratio
244 2199 288 2236 ab
306 2199 380 2236 aliis
401 2200 438 2237 in
450 2198 615 2237 medium
627 2199 730 2236 allata
743 2198 804 2235 est.
816 2199 932 2235 C1or.
957 2197 1078 2242 Malo,

39 2249 199 2298 Syenites.
223 2249 300 2286 libri
310 2257 465 2293 veteres,
477 2249 641 2294 Suenites‚
652 2248 835 2290 Συηνῑτῆς.
854 2247 911 2285 Sic
922 2248 959 2284 in
969 2248 1079 2285 chro-

37 2300 125 2337 nico
153 2298 357 2336 Eusebiano
392 2299 617 2347 Hieronymi
637 2299 835 2337 veterrima
856 2297 1078 2346 exemplaria

36 2349 196 2399 Olymp.
244 2360 365 2386 xcvn.
406 2349 663 2398 AEegyptiorum
711 2348 871 2397 dynastia
914 2348 1076 2385 Suenita-

27 2413 196 2450 rumque,
219 2399 278 2436 vel
289 2398 543 2435 Sevenitarum.
571 2404 675 2436 Suene
698 2400 808 2436 etiam
821 2399 860 2435 in
872 2398 1076 2436 veterrimis

37 2449 199 2487 Vitruvii
221 2449 496 2498 exemplaribus.
521 2449 663 2486 HEms.

89 2511 148 2549 79.
176 2499 358 2550 Eritum.]
386 2500 510 2537 Eriton
529 2500 665 2548 primus
690 2496 900 2541 Gronovii,
929 2496 1080 2534 Floren'-

23 2551 152 2595 ²tinus,
182 2555 344 2598 Erycum.
397 2550 543 2594 Scribe,
581 2548 742 2585 Erithon.
783 2548 906 2592 Ε’ριθες
937 2558 1079 2584 nomen

29 2601 221 2639 Graecum
244 2600 304 2637 est.
331 2599 378 2637 fic
399 2601 437 2637 &
468 2600 578 2648 paulo
613 2607 697 2636 ante
719 2606 773 2635 ter
796 2606 995 2648 quaterve,
1023 2602 1080 2634 A-

37 2651 107 2689 this
138 2653 176 2690 &
207 2650 326 2688 Athin
359 2662 403 2687 ex
434 2649 505 2687 fide
541 2650 770 2698 optimorum
808 2647 1079 2700 codicumxpro

31 2707 130 2751 ‚Atys
149 2714 192 2742 cy·
212 2707 316 2750 Atyn
337 2700 621 2738 rescribendum.
666 2699 751 2741 A'Btc
771 2709 912 2736 nomen
925 2697 1003 2735 urbi
1014 2698 1082 2747 Sy-

37 2752 110 2789 riae
128 2752 222 2800 apud
247 2751 515 2789 Ptolemaeum.
553 2762 643 2788 mox
659 2778 670 2794 ,
697 2748 864 2793 Abarin,
903 2749 942 2786 ὃς
966 2748 1080 2793 Idan,

28 2802 78 2839 s&
100 2802 274 2851 Phlegyan
302 2802 496 2844 meliores,
529 2802 567 2839 ἃ
595 2829 605 2845 ,
633 2799 939 2851 Spercheiadenque
979 2804 1082 2848 Lyce-

39 2862 138 2896 tum,
174 2864 241 2901 pro
273 2851 602 2901 Sperchionidenque.
632 2853 850 2896 Σπερχεῖσς,
878 2850 1082 2894 Σπερχεΐα-

30 2901 108 2944 ὄφις.
135 2914 345 2951 quanquam
369 2903 407 2939 &
427 2903 615 2951 vulgatum
635 2901 732 2939 bene
753 2901 917 2938 sehabet.
937 2900 1078 2938 Heius.

36 2953 205 2990 Herithon
225 2953 458 2990 Gronovian.

88 3003 147 3041 80.
175 3004 330 3040 Admota
352 3004 488 3052 Perseus
500 3003 588 3053 petit
606 3002 720 3052 ensa]
750 3001 884 3040 Nescio
900 3013 967 3047 ,an
990 3000 1079 3039 alius

29 3053 86 3090 ita
106 3053 250 3090 locutus
282 3052 335 3090 fit.
371 3053 464 3090 mihi
497 3061 594 3090 certe
625 3053 714 3091 illud
745 3054 882 3089 admoto
914 3051 1080 3100 frigidius

37 3100 133 3145 effe,
158 3113 227 3156 nec
259 3104 499 3151 pugnantium
533 3103 644 3140 calori
675 3103 875 3141 convenire
908 3102 1053 3139 videtur
1063 3117 1076 3145 ;

39 3149 279 3188 Lovamenfis
301 3161 400 3190 certe
418 3153 528 3190 habet
550 3164 616 3200 pro
640 3152 777 3190 divers-a
797 3153 960 3190 lectione
974 3181 985 3197 ‚
1011 3151 1077 3188 ha-

40 3210 135 3237 mato
148 3227 159 3245 ,
185 3207 226 3236 ut
244 3199 354 3254 harpe
369 3228 379 3242 ‚
403 3214 497 3250 quae
510 3201 698 3248 &falcata
721 3202 850 3238 dicitur
869 3202 933 3241 lib.
949 3214 979 3239 1.
993 3202 1076 3248 718.

41 3251 81 3289 &
101 3261 155 3289 xv.
177 3250 260 3297 726.
284 3249 511 3300 intelligatur.
553 3252 604 3290 ita
626 3249 794 3289 hamatae
818 3251 970 3300 sagittae
995 3263 1078 3291 111.

2000 1392 2183 1465 Quan-

1134 1486 1243 1525 Trist.
1267 1499 1303 1525 x.
1325 1486 1385 1536 63.
1411 1486 1560 1523 hamata
1582 1485 1719 1523 arundo
1756 1485 1823 1524 inf.
1847 1486 1930 1536 384.
1957 1483 2096 1523 hamati
2117 1500 2185 1532 un·-¹

1131 1552 1209 1587 gues
1229 1550 1314 1575 xit.
1338 1539 1420 1587 563.
1448 1536 1614 1574 hamatae
1627 1537 1753 1586 sentes.
1778 1549 1834 1574 11.
1857 1537 1942 1575 800.
1971 1537 2118 1574 Hnms.

1185 1588 1244 1627 81.
1274 1587 1516 1639 Multaque]
1547 1594 1765 1638 Magnaeque
1796 1587 2014 1628 Thuaneus.
2036 1599 2080 1627 ω’
2094 1591 2184 1637 pon-j

1137 1639 1215 1676 dere
1235 1638 1383 1687 Junian.

1187 1690 1247 1740 83.
1276 1688 1473 1739 Inffigitque
1502 1687 1618 1737 vira]
1649 1687 1813 1737 Quidam
1843 1701 1889 1727 ex
1925 1695 1999 1725 vet.
2026 1686 2086 1725 lib.
2118 1687 2185 1724 ha:

1136 1740 1245 1785 bem,
1278 1739 1413 1788 lnfigit:
1451 1739 1602 1788 quidam
1623 1751 1738 1781 vero,
1767 1738 1928 1788 Immisit.
1966 1739 2183 1776 CxofANus.

1136 1791 1369 1840 Infringitque
1389 1789 1671 1827 Arondelianus.
1698 1790 1924 1827 Graevianus
1938 1788 2182 1838 ‚Infregitque.‚

1135 1841 1238 1891 quod
1269 1840 1412 1878 arridet.
1452 1839 1499 1877 fic
1521 1841 1705 1890 infringere
1734 1841 1838 1878 alicui
1857 1839 2022 1891 colaphos.
2058 1839 2184 1877 valer.

1136 1893 1282 1931 Flaccus
1305 1903 1370 1929 111.
1395 1891 1480 1937 287.

1388 1942 1606 1992 infraffaque
1620 1944 1751 1992 pestere
1783 1941 1886 1980 charo

1184 1994 1264 2030 Tela
1278 2022 1288 2039 ‚
1313 2007 1418 2043 neque
1438 1991 1601 2040 hesternos
1620 1993 1767 2041 agnovit
1788 1993 1825 2029 in
1844 1992 1970 2043 hospite
1991 1992 2131 2032 vultus-2⁴·

1131 2043 1197 2082 nisi
1219 2046 1258 2082 &
1275 2045 1349 2081 hoc
1368 2044 1454 2081 loco
1468 2070 1479 2087 ‚
1505 2042 1656 2092 imparia
1677 2042 1745 2080 tela
1767 2042 1873 2092 legas.
1901 2052 1941 2081 ut
1970 2044 2073 2083 idem
2096 2044 2179 2090 Vafi

1131 2095 1238 2133 lerius
1258 2094 1319 2132 lib.
1342 2106 1403 2132 vr.
1425 2105 1509 2143 243.

1187 2145 1370 2232 Carlnpesus
1388 2145 1539 2194 impaeia
1561 2142 1654 2181 latus
1674 2143 1764 2181 inter
1787 2155 1830 2184 ω’
1849 2143 1911 2181 ilia
1933 2158 2058 2195 quercu

1187 2196 1246 2233 Tol
1263 2197 1348 2233 itur.

1132 2247 1202 2285 Sed
1225 2254 1425 2296 utrumque
1452 2244 1551 2283 mele
1573 2244 1714 2282 dicitur.
1741 2243 1788 2281 fic
1811 2244 1903 2281 infra
1924 2244 1961 2282 in
1982 2255 2059 2282 uno
2083 2245 2181 2283 Vos-

1131 2296 1232 2335 fiano
1247 2325 1257 2342 ‚
1281 2296 1408 2343 Offibus
1439 2295 1580 2344 infregit
1603 2295 1734 2333 mediae
1764 2294 1903 2331 cervicis
1923 2294 2054 2343 legitur
2071 2324 2081 2340 ,
2109 2308 2178 2344 pro

1131 2360 1208 2397 quo
1222 2347 1358 2396 vulgati
1373 2376 1384 2392 ,
1408 2345 1518 2395 illifit,
1568 2345 1723 2394 Scapulos
1744 2344 1864 2381 cubitis
1886 2345 2067 2395 impingere
2080 2346 2179 2394 apud

1133 2397 1337 2446 Apulejum
1359 2397 1419 2435 lib.
1447 2408 1503 2432 11.
1529 2393 1760 2433 Milefiacon.
1797 2394 2071 2444 Confimguineos
2094 2398 2180 2443 fra-

1130 2449 1179 2483 eii
1210 2457 1355 2484 crateres
1393 2446 1430 2482 in
1464 2444 1590 2493 hostes,
1625 2444 1722 2492 apud
1769 2444 1924 2482 Statium
1952 2446 2178 2484 Achilleidos

1131 2495 1198 2534 lib.
1223 2509 1253 2534 1.
1282 2497 1327 2533 de
1358 2495 1570 2543 infringendi
1591 2494 1706 2531 verbo
1738 2494 1839 2542 plura
1858 2494 1917 2531 lib.
1945 2507 2027 2533 111.
2052 2496 2099 2534 vs.
2121 2496 2181 2542 84.

1128 2547 1208 2596 jam
1243 2546 1412 2584 diximus.
1440 2546 1646 2583 H1-21N51us.
1684 2544 1850 2593 Infringit
1871 2556 2022 2594 quoque
2042 2555 2117 2584 erat
2142 2548 2180 2585 in

1135 2595 1428 2634 Francofurtenfi
1468 2596 1615 2645 optimo
1659 2594 1799 2633 codice.
1837 2594 1922 2632 vide
1953 2595 1999 2633 ad
2030 2597 2180 2636 Petron.

1137 2658 1216 2696 cap.
1239 2659 1337 2685 xxu.

1188 2697 1248 2747 83.
1280 2695 1482 2746 Rutilum]
1512 2696 1678 2736 Calidum
1698 2695 1893 2734 Baliolens.
1911 2707 2040 2746 parum
2057 2698 2178 2737 refert.

1138 2749 1255 2785 vomit
1279 2762 1333 2785 ore
1349 2748 1500 2797 Regius.

1189 2799 1248 2848 85.
1275 2797 1570 2847 Polydaemona.]
1606 2797 1855 2847 Polydegmona
1873 2797 2077 2842 Planudes,
2104 2810 2181 2836 non

1138 2849 1404 2898 Polydaemona.
1433 2849 1620 2886 Nauem.
1660 2848 1713 2885 lta
1751 2849 1788 2885 δε
1811 2856 1980 2897 excerpta
2001 2848 2180 2885 Hercula<-

1132 2900 1210 2943 nii,
1233 2901 1270 2937 ὃς
1292 2899 1330 2937 in
1350 2900 1494 2949 reliquis
1504 2898 1725 2955 ‘nominibus
1744 2899 1895 2936 varietas
1908 2899 2044 2943 multa,
2065 2908 2177 2946 quam

1136 2961 1347 2987 memorare
1367 2962 1428 2987 vix
1449 2958 1588 2987 attinet.

1187 3000 1247 3039 88.
1273 2999 1470 3048 Exstruffos
1491 3000 1700 3038 morientum
1723 2999 1836 3037 calca-t
1857 2996 2035 3044 acerv05.]
2065 2994 2177 3032 Multi

1133 3059 1302 3089 veterum
1317 3079 1328 3096 ‚
1352 3052 1540 3098 exstinffeos.
1569 3052 1796 3089 Graevianus
1810 3078 1821 3094 ‚
1848 3057 1999 3086 extentos
2022 3058 2178 3091 acervos·-

1135 3101 1226 3140 Non
1247 3101 1460 3139 diffimiliter
1486 3101 1661 3140 Siliuslib.
1684 3113 1744 3139 xv.

1186 3153 1346 3203 Jamque
1361 3162 1422 3202 per
1443 3162 1595 3189 extentes
1616 3152 1754 3188 alterna
1770 3149 1881 3196 strage
1903 3146 2066 3183 virorum

1188 3208 1338 3251 Corpora
1350 3202 1435 3250 fusa
1446 3203 1565 3250 jacent
1584 3211 1728 3249 campos.

1132 3249 1254 3290 Poffet
1276 3252 1387 3290 etiam
1404 3252 1474 3299 legi
1489 3251 1628 3298 ,sternit
1647 3261 1690 3335 esf
1710 3247 1791 3283 hinc
1804 3246 1944 3301 stratas.
1967 3257 2055 3287 nam
2068 3246 2180 3297 astrass

1693 3308 1707 3334 s
1733 3309 1753 3334 z
2113 3301 2179 3336 etos
