2483 3616
428 164 1979 244 METAMORPHOSEONLmi.

406 280 589 333 Altera
612 292 728 348 pars
752 272 915 333 vivit3
954 270 1100 324 rudis
1125 270 1199 325 est
1222 288 1338 342 pars
1363 272 1524 325 altera
1551 272 1732 337 telluS‚

262 372 363 424 430
402 351 617 421 Quippe
650 347 742 400 ubi
766 344 1082 415 temperiem
1105 343 1331 398 sumsere
1355 343 1658 418 humorque
1683 347 1934 420 calorque
1957 389 1973 413 ‚

398 420 751 491 Concipiunt:
793 417 847 470 δε
871 416 933 470 ab
958 415 1037 470 his
1067 416 1313 470 oriuntur
1337 416 1523 471 cuneia
1547 418 1780 472 duobus:

395 495 644 566 Cumque
672 491 731 545 sit
758 490 890 561 ignis
915 506 1079 561 aquae
1099 505 1341 559 pugnax·,
1382 507 1547 561 vapor
1574 491 1823 545 humidus
1851 510 2034 548 omnes

399 567 510 621 Res
535 577 705 627 creat,
745 563 798 616 δε
826 561 1021 615 discors
1045 560 1337 614 concordia
1360 561 1591 618 foetibus
1616 576 1735 635 apta
1759 564 1846 619 est.

402 638 552 708 Ergo
576 637 666 691 ubi
690 635 890 690 diluvio
914 634 1065 687 tellus
1088 634 1348 687 lutulenta
1374 636 1580 690 recenti

254 732 362 784 435

402 710 608 766 Solibus
633 707 878 763 aetheriis
902 745 917 768 ‚
953 707 1200 778 almoque
1228 707 1507 761 recanduit
1532 708 1706 771 aestu;

400 782 589 839 Edidit
615 783 913 835 innumeras
937 777 1162 849 species3

1203 780 1503 851 partimque
1526 781 1717 851 figuras

397 855 606 911 Retulit
632 855 868 924 antiquas
895 874 909 912 3
962 850 1154 921 partim
1190 867 1327 903 nova
1351 851 1580 905 monstra
1603 856 1818 909 creavit.

397 930 483 983 Illa
508 927 729 1000 quidem
753 925 943 984 nollet,
980 921 1070 975 sed
1096 934 1149 974 te
1173 939 1416 994 quoque,
1452 925 1681 979 maxime
1706 920 1950 999 Python,

394 1002 548 1055 Tum
572 998 783 1070 genuit:
820 994 1129 1066 populisque
1153 994 1335 1057 novi3‚
1376 994 1648 1066 incognita
1673 998 1912 1072 serpenS,

256 1094 360 1146 440
397 1074 605 1128 Terror
630 1088 755 1125 eras.
795 1080 1001 1121 tantum
1029 1065 1180 1138 spatii
1206 1065 1274 1120 de
1299 1079 1484 1121 monte
1512 1068 1745 1125 tenebas

106 1300 183 1338 hoc
205 1297 252 1336 est
267 1326 276 1342 ‚
302 1298 339 1334 in
359 1294 433 1344 ipso
456 1300 561 1330 ortu:
589 1299 697 1341 atque
718 1289 782 1328 illis
802 1302 870 1328 nos
891 1297 1040 1339 quoque
1060 1288 1140 1326 sub-

109 1349 300 1387 scribimus.
336 1347 590 1382 GLAREANUS.
629 1343 697 1380 Sed
730 1342 786 1378 alii
818 1340 863 1378 ad
883 1341 1061 1388 superiora
1083 1352 1139 1376 re-

108 1401 200 1437 ferre
223 1397 385 1440 malunt,
411 1404 451 1432 ut
472 1394 512 1431 fit
532 1393 646 1430 sensus
660 1421 670 1437 ‚
697 1391 876 1442 quaedam
891 1390 1007 1428 modo
1031 1399 1113 1427 nata
1127 1419 1137 1434 ,

108 1449 182 1486 five
202 1457 334 1496 coepta
354 1458 416 1495 pei·
437 1445 550 1494 ipsum
582 1443 750 1481 nascendi
780 1442 932 1490 spatium
948 1469 956 1485 ‚
983 1441 1056 1478 hoc
1089 1441 1138 1478 est

106 1508 186 1537 tum
208 1499 366 1547 primum
382 1525 392 1541 ,
421 1497 459 1533 ὅ(
480 1495 517 1532 in
537 1494 612 1543 ipso
636 1502 730 1530 ortu.
757 1492 858 1542 quod
875 1491 975 1530 haud
995 1490 1068 1528 scio
1093 1503 1138 1528 an

105 1549 242 1598 planius
263 1548 314 1585 fit.
341 1549 557 1584 Micirtus.
586 1545 682 1582 Scire
714 1542 885 1592 equidem
919 1542 1029 1580 velim
1052 1542 1140 1591 quid

104 1599 231 1637 hocsit
245 1628 255 1644 ‚
283 1598 470 1635 Animalia
483 1606 590 1645 coepta
609 1595 784 1644 peripsum
797 1594 955 1643 nascendi
966 1593 1135 1642 spatium3

107 1651 199 1687 mihi
221 1657 316 1686 ceite
337 1648 425 1686 nihil
444 1646 539 1684 aliud
561 1645 630 1683 effe
657 1645 762 1693 poffit
776 1672 786 1688 ,
825 1656 936 1693 quain
969 1644 1137 1680 animalia

108 1708 239 1749 coepta
260 1700 348 1737 dum
370 1698 586 1740 nascuntur,
636 1695 674 1732 id
697 1695 744 1732 est
769 1723 779 1739 ‚
830 1693 895 1731 nili
910 1693 1039 1743 judicii
1070 1694 1136 1730 fal-

106 1751 186 1795 lor,
222 1750 390 1787 animalia
421 1759 514 1797 quae
546 1745 761 1789 nascuntur,
797 1744 886 1782 dum
919 1744 1132 1787 nascuntur;

104 1801 233 1850 Itaque
244 1801 302 1837 vel
322 1799 495 1836 sententia
517 1797 565 1833 est
589 1796 991 1840 παρακεκινδευνομένκ,
1018 1802 1058 1832 ut
1069 1807 1138 1831 vo-

107 1860 191 1888 cant
202 1859 341 1888 veteres
364 1848 489 1886 Critici
503 1876 512 1891 ‚
542 1847 599 1883 vel
621 1846 881 1884 emendatione
904 1857 994 1894 opus
1016 1846 1135 1883 fuerit:

104 1901 445 1951 legendum‘itaque
466 1896 609 1935 fortasse
623 1926 634 1942 ‚
671 1906 779 1947 coepta
794 1906 853 1946 per
873 1897 979 1945 ipsum
1000 1906 1139 1932 verten-

108 1953 144 1988 di
156 1952 310 2001 spatium
324 1968 334 1987 .·
368 1962 455 1987 nam
477 1959 608 1985 vertere
629 1948 767 1985 desumi
788 1947 993 1995 simpliciter
1003 1947 1062 1983 hic
1075 1959 1143 1995 po-

107 2003 172 2040 test
185 2015 258 2050 vpro
281 2013 380 2038 arare
394 2028 404 2045 ,
432 2011 517 2037 cuin
542 1998 643 2035 versu
664 1998 706 2035 ab
728 1998 812 2034 hinc
833 1997 992 2034 secundo
1016 1996 1144 2034 dixerit

110 2051 215 2102 eversis
242 2052 354 2101 glebis.
394 2052 520 2099 Itaque
548 2059 606 2099 per
628 2049 783 2098 spatium
808 2047 979 2085 vvertendi
1008 2048 1140 2093 fuerit,

111 2114 156 2140 eo
178 2103 252 2150 ipso
273 2102 384 2150 spatio
400 2113 496 2150 ,quo
517 2100 642 2147 glebae
664 2106 862 2136 vertuntur.
886 2099 992 2135 Tm.
1009 2097 1140 2137 FARER

109 2153 166 2189 lib.
199 2165 244 2188 11.
276 2153 343 2200 Ep.
376 2152 436 2199 69.
472 2150 538 2187 snb
559 2150 666 2198 ipsam
687 2149 816 2186 refflus
847 2149 1056 2186 Bersmanni
1078 2160 1142 2185 co—

111 2201 181 2238 dex
201 2204 238 2239 &
258 2211 425 2249 excerpta
447 2199 646 2237 Calandrae
666 2199 844 2235 Vaticana
859 2227 868 2242 ‚
904 2210 989 2234 cum
1013 2197 1142 2236 codice

111 2251 330 2289 Leodicensi
362 2253 394 2289 S.
423 2251 573 2299 Jacobi,
601 2251 639 2286 ὃς
660 2249 839 2297 postrema
872 2249 1046 2296 Naugerii
1067 2248 1143 2286 edi-

112 2301 226 2338 tione.
253 2302 453 2339 Hmusrus.
491 2311 576 2337 nata
609 2300 714 2336 multi
745 2298 888 2335 codices
913 2327 922 2343 ,
957 2298 1016 2335 sed
1038 2301 1142 2345 fabia

103 2350 316 2388 'Thuaneus
330 2378 339 2393 ,
366 2351 467 2399 quod
486 2350 512 2386 fi
532 2350 745 2398 recipiatur,
767 2357 1039 2398 componentur
1062 2361 1146 2386 om—

112 2412 176 2438 nes
199 2401 321 2438 aestus,

167 2451 250 2497 428.
279 2457 414 2487 Trunca
435 2450 558 2486 vident
578 2449 756 2499 humeris]
773 2451 935 2487 Numeris
957 2462 1043 2488 vere
1062 2450 1142 2488 libri

114 2502 294 2539 meliores.
316 2501 485 2538 nonduin
509 2500 667 2536 numeris
688 2500 855 2536 omnibus
867 2500 1035 2537 absoluta.
1056 2501 1142 2538 vide

116 2553 217 2589 Non.
238 2551 401 2588 Marcell.
423 2551 459 2587 in
482 2550 631 2586 numeris
648 2577 666 2593 .,
696 2560 785 2585 mox
807 2549 918 2586 iidem
933 2577 943 2593 ‚
972 2551 1084 2586 eodem
1105 2551 1143 2586 in

109 2612 250 2651 corpore.
278 2603 371 2638 Met.
393 2612 464 2638 vii.
491 2598 570 2635 126.

165 2670 273 2715 thue
293 2664 439 2701 hominis
450 2664 580 2710 faciem
601 2661 763 2699 materna*
776 2662 889 2710 sumit
908 2663 946 2698 in
958 2664 1059 2700 *alva

170 2721 298 2765 Perque
310 2716 388 2763 finos
409 2715 503 2750 intus
524 2726 676 2749 numeros
702 2713 910 2762 componitur
931 2713 1059 2756 infans.

114 2777 240 2822 Hinc,
267 2775 432 2826 numerost
459 2776 621 2812 Gerionae
650 2786 748 2814 artus
780 2775 997 2814 Claudianus
1029 2776 1145 2814 Praef.

119 2827 177 2864 lib.
199 2840 244 2864 11.
267 2827 310 2863 de
334 2829 438 2875 Rapt.
464 2837 521 2874 39.
548 2827 756 2864 HEINSIUS.

170 2888 251 2925 430.
277 2876 463 2925 sumsere]
502 2878 630 2925 sensere
660 2877 810 2913 Viviani
842 2876 998 2916 codices.
1022 2877 1144 2916 laudat

120 2925 186 2963 hos
207 2927 323 2963 versus
344 2927 552 2963 Laelantius
573 2926 630 2962 lib.
653 2939 697 2962 11.
720 2926 819 2964 Instit
843 2939 966 2976 cap.9.

169 2987 250 3024 431.
277 2981 323 3012 Et
344 2976 386 3012 ab
410 2976 490 3025 his]
519 2982 563 3011 Ut
582 2975 625 3011 ab
643 2975 699 3012 -his
719 2977 878 3014 oriantur
903 2990 994 3016 unus
1016 2978 1142 3016 Heius.

171 3036 252 3073 433.
279 3031 325 3061 Et
346 3026 467 3074 discors
486 3025 697 3074 concordia]
725 3026 814 3064 Hoc
834 3027 976 3076 proprie
998 3028 1043 3066 de
1074 3029 1147 3066 ele-

124 3075 252 3112 mentis
273 3075 408 3112 dicitur.
437 3076 493 3113 Sic
514 3075 685 3113 Manilius
703 3075 761 3112 lib.
785 3090 815 3114 1.
842 3090 920 3124 141.

175 3135 309 3190 Frigida
331 3152 369 3174 ne
391 3139 509 3175 calidis
530 3138 636 3187 desint
659 3167 669 3184 ,
705 3150 769 3176 aut
789 3140 935 3179 humida
949 3141 1067 3193 siccis,

174 3190 314 3232 Spiritus
334 3199 395 3223 aut
407 3189 525 3237 solidis
539 3188 666 3239 ‚fitque
687 3189 766 3228 haec
789 3191 952 3242 discordia
976 3207 1114 3233 concors.

123 3246 296 3283 Horatius
316 3247 352 3284 in
374 3251 468 3297 epist.
490 3264 518 3289 1.
539 3263 607 3291 xxi.
635 3263 691 3301 19.

170 3300 264 3347 Tem.
287 3303 330 3334 Π,

2076 1145 2239 1203 Hanc

1249 1287 1347 1336 Qid
1369 1288 1455 1325 velit
1470 1318 1479 1334 ,
1507 1298 1551 1328 <7¹
1565 1288 1662 1338 poffit
1682 1305 1797 1328 reram
1821 1293 1995 1329 concordia
2017 1293 2150 1342 discors.

1195 1350 1367 1389 Luc-,mus
1391 1360 1515 1390 autem
1537 1353 1701 1391 transsate
1728 1367 1758 1391 1.
1780 1355 1840 1403 98.

1244 1418 1411 1466 Temporis
1432 1417 1565 1466 angusti
1586 1416 1714 1467 mansit
1734 1419 1912 1454 concordia
1935 1419 2065 1467 discors.

1193 1466 1410 1505 Cromnos.

1242 1529 1325 1567 435.
1350 1519 1502 1569 Altoqne
1522 1519 1706 1556 recanduit
1727 1519 1857 1570 aestu.]
1888 1519 1931 1557 In
1956 1520 2085 1557 codice
2109 1522 2240 1570 Sproiii

1194 1576 1269 1604 erat
1284 1597 1294 1613 ,
1321 1569 1436 1607 almo:
1467 1570 1563 1606 forte
1586 1570 1906 1607 accommodatius
1929 1570 1974 1608 ad
1997 1583 2073 1608 rem
2089 1600 2098 1616 ‚
2129 1584 2241 1621 quam

1192 1618 1309 1656 Poeta
1330 1620 1412 1668 agit.
1451 1619 1587 1656 almum
1611 1620 1711 1657 enim
1735 1619 2001 1670 quodcumque
2034 1622 2095 1658 alit
2119 1623 2156 1659 δε
2179 1635 2243 1659 au-

1191 1677 1262 1716 get.
1301 1670 1349 1706 ita
1383 1670 1481 1706 alma
1513 1670 1616 1706 ubera
1655 1671 1740 1707 Stat.
1776 1683 1819 1708 11.
1856 1671 1988 1708 Achill.
2024 1672 2107 1719 384.
2143 1672 2242 1709 alma

1192 1719 1290 1755 tellas
1305 1748 1314 1764 ‚
1327 1721 1364 1757 ὅ(
1377 1720 1514 1756 similia.
1538 1720 1685 1757 motibus
1706 1720 1870 1757 aethereis
1892 1721 2002 1758 etiam
2022 1721 2239 1760 Basileenfis.

1193 1769 1448 1807 BuRMANNus.

1244 1821 1326 1869 438.
1356 1821 1517 1857 Maxime
1546 1819 1726 1869 Python]
1778 1820 1820 1857 In
1854 1820 1933 1857 trib.
1967 1822 2088 1858 Vatic.
2124 1824 2217 1860 ineis
2229 1828 2245 1868 ,'

1194 1872 1341 1921 aliisque
1364 1871 1517 1920 antiquis
1539 1869 1661 1919 aperte
1685 1869 1732 1906 est
1747 1899 1756 1914 ‚
1784 1882 1861 1908 non
1886 1871 2046 1920 Python,
2074 1871 2133 1909 sed
2146 1873 2241 1922 Phy-

1198 1922 1292 1958 thon.
1321 1934 1414 1971 quae
1443 1922 1610 1970 scriptura
1643 1920 1825 1958 Turnebo
1847 1921 1992 1969 placuit.
2023 1924 2243 1962 CIOFANUS.

1199 1972 1326 2009 phiton
1349 1973 1459 2010 etiam
1480 1970 1647 2010 nonnulli
1659 1970 1803 2009 codices
1816 1971 1970 2011 Heinsii.
2000 1973 2083 2011 vide
2098 1974 2240 2012 Luifin.

1198 2024 1338 2072 Parerg.
1362 2034 1407 2059 11.
1430 2035 1475 2059 11.
1730 2052 1733 2055 .

1245 2086 1329 2122 439.
1368 2073 1536 2122 Incognite
1559 2073 1703 2122 stirpens.
1728 2072 1743 2120 ]
1796 2073 1972 2121 Incognita
2019 2073 2243 2123 Bernegger.‘

1197 2125 1314 2210 Ι-ἶεερ.
1346 2125 1384 2160 &
1417 2124 1505 2161 ocio
1537 2124 1596 2162 vel
1627 2123 1758 2169 decem
1781 2124 1850 2162 alii.
1881 2122 2042 2171 apposite
2066 2124 2238 2162 Lucanus

1194 2175 1218 2211 li
1244 2187 1297 2212 ro.
1320 2186 1373 2211 vx.
1399 2186 1484 2221 407.

1424 2241 1514 2277 Hinc
1535 2240 1693 2277 maxima
1707 2240 1841 2289 stirpem

1247 2292 1427 2340 Descendit
1449 2290 1586 2339 Python
1607 2319 1615 2334 ‚
1645 2291 1889 2342 Cyrrhaeaque
1908 2290 2014 2339 fluxit
2034 2291 2071 2327 in
2093 2301 2213 2328 antra.

1204 2353 1282 2399 Qui
1303 2353 1402 2389 hunc
1425 2351 1577 2389 Nasonis
1596 2351 1722 2388 locuni
1746 2351 1890 2388 videtur
1911 2348 2109 2398 respexisse.
2136 2352 2185 2387 ita
2199 2351 2238 2387 δε

1202 2414 1268 2449 pro
1291 2410 1415 2446 Hunc,
1455 2414 1544 2439 mox
1578 2409 1677 2437 Hanc
1709 2401 1808 2437 idem
1833 2401 2096 2448 Neapolitanus
2119 2401 2158 2437 δε
2185 2400 2238 2436 se-

1202 2453 1340 2490 cundus
1370 2453 1574 2489 Mediceus.
1600 2461 1639 2488 ut
1671 2452 1709 2487 &
1740 2450 1848 2499 paulo
1880 2451 1982 2498 post,
2005 2451 2238 2499 perdomitam

1192 2506 1381 2552 serpentem
1408 2512 1527 2540 vocat.
1549 2501 1639 2538 libro
1674 2513 1718 2537 11.
1752 2500 1836 2549 651.
1869 2500 1987 2537 fabula
2019 2501 2239 2549 Ocyrrlio'e's

1202 2553 1318 2588 diram
1332 2555 1520 2599 serpentem
1543 2552 1642 2588 dixit.
1671 2551 1717 2587 sic
1740 2551 1860 2598 anguis
1883 2551 2066 2588 feminino
2089 2562 2236 2599 genere.

1202 2600 1286 2637 vide
1319 2601 1365 2637 ad
1385 2600 1443 2636 lib.
1467 2613 1519 2636 1v.
1542 2613 1624 2648 495.
1662 2601 1875 2637 HfflNSius.
1903 2601 2018 2638 Rec‘ie
2040 2602 2237 2649 incognita3

1202 2650 1251 2687 ita
1274 2651 1373 2688 enim
1395 2659 1535 2687 veteres
1558 2650 1602 2687 de
1627 2650 1794 2698 Pythone
1808 2680 1818 2695 ,
1846 2651 1909 2700 qui
1932 2652 1970 2688 &
1992 2649 2162 2697 Δελφύνη
2183 2652 2240 2688 fe-

1203 2702 1347 2738 minino
1368 2712 1503 2750 genere
1527 2700 1712 2738 dicebatur
1736 2730 1746 2745 ,
1783 2702 1929 2738 locutos
1961 2710 2102 2739 veteres
2127 2701 2239 2739 docet

1198 2750 1253 2788 lli,
1276 2752 1408 2789 Ezech.
1432 2751 1563 2800 Spanh..
1586 2750 1631 2788 ad
1655 2750 1797 2789 Calli'm.
1820 2753 1939 2800 Hym.
1962 2753 2000 2789 in
2021 2753 2105 2789 Del.
2127 2763 2160 2788 v.
2175 2765 2238 2801 91.

1202 2801 1261 2839 ubi
1283 2803 1383 2851 plura
1406 2801 1450 2838 de
1473 2802 1654 2850 Pythone.
1683 2809 1722 2838 ut
1745 2803 1783 2839 ὅς
1805 2802 1851 2839 ad
1879 2802 2024 2850 Hymn.
2048 2803 2086 2840 in
2108 2802 2234 2850 Apoll.

1199 2864 1234 2889 v.
1273 2865 1352 2891 ioo.
1383 2852 1468 2889 vide
1502 2854 1539 2889 &
1572 2853 1714 2900 Hygin.
1747 2852 1830 2889 Fab.
1864 2864 1948 2889 cxi.
1993 2854 2031 2890 ὃς
2062 2864 2157 2901 quae
2188 2852 2236 2888 ibi

1198 2903 1402 2942 Munkerus
1423 2903 1542 2940 habet.
1570 2912 1734 2940 ceterum
1756 2905 1882 2941 Franc.
1913 2902 2082 2941 Luifinus
2103 2903 2161 2939 lib.
2191 2914 2236 2937 H.

1197 2953 1338 3003 Parerg.
1372 2966 1448 3002 cap.
1471 2967 1522 2991 xi.
1563 2953 1604 2990 In
1626 2955 1680 2992 his
1703 2953 1832 2991 Ovidii
1852 2953 2030 2997 versibus;
2071 2955 2109 2989 ὃ(
2141 2962 2235 2999 quae

1202 3005 1412 3054 sequuntur,
1435 3004 1615 3041 Ovidium
1638 3005 1801 3058 quinque
1821 3013 1938 3053 partes
1952 3033 1962 3048 ‚
1990 3014 2083 3053 quae
2106 3001 2147 3055 ab
2170 3012 2235 3054 an-

1201 3055 1308 3104 tiqui's
1338 3055 1376 3092 in
1410 3054 1524 3091 Ludis
1556 3054 1691 3104 Pythiis
1724 3055 2002 3092 observabantur
2026 3081 2049 3106 ².
2084 3047 2235 3106 attigisse

1203 3104 1368 3142 ostendit.
1396 3113 1559 3143 ceterum
1583 3116 1669 3142 cuin
1703 3105 1875 3143 Heinsius
1894 3105 2206 3156 legam-incognita
2221 3127 2233 3144 ‚

1200 3155 1335 3192 mirum
1359 3156 1407 3193 est
1421 3185 1431 3201 ‚
1459 3168 1550 3193 mox
1571 3163 1698 3193 tamen
1721 3153 1900 3193 retinuisse
1922 3153 1957 3188 in
1971 3150 2133 3187 editione
2145 3150 2204 3186 sua
2219 3179 2230 3195 ‚

1198 3204 1299 3242 hunc.
1336 3206 1396 3243 sed
1427 3206 1516 3243 hanc
1541 3207 1619 3255 jam
1653 3207 1743 3244 olim
1777 3207 1898 3242 Petrus
1932 3201 2046 3237 Faber
2082 3200 2141 3238 lib.
2186 3212 2232 3237 11.

1196 3256 1360 3305 Agonist.
1382 3267 1460 3305 cap.
1481 3269 1539 3304 24.
1562 3257 1760 3307 legendum
1784 3251 1853 3291 effe
1875 3250 2233 3337 conjeceranssuGain

2035 3313 2117 3350 4430
2178 3313 2238 3345 ²⁴⁶³:
