2483 3616
225 159 323 229 79⁶
708 128 782 208 P.
856 151 910 205 o
948 147 1064 204 vi
1099 147 1155 201 D
1192 146 1274 206 11

1334 149 1879 207 NASONIS

526 246 657 304 Vim
682 262 906 321 poterat.
945 247 1154 317 labique
1181 259 1240 299 ut
1263 245 1526 303 Somnum
1551 250 1704 305 sensit
1730 253 1785 306 in
1808 261 1984 309 artusr,

525 318 764 393 Effugit;
809 322 864 374 &
892 331 1094 373 remeat
1119 335 1215 390 per
1238 335 1373 389 quos
1397 321 1566 374 modo
1592 340 1810 380 venerat
1836 337 2004 380 arcus,

526 398 603 449 At
628 408 777 465 pater
802 394 832 446 e
856 393 1057 464 populo
1081 403 1332 444 natorum
1358 391 1500 446 mille
1523 392 1740 450 suorum

531 467 746 521 Excitat
771 465 1032 520 artificem
1047 507 1059 525 ‚
1099 464 1569 534 simulatoremque
1593 465 1821 536 figurae,

385 547 485 609 635
524 538 809 608 Morphea.
849 556 959 592 non
984 539 1075 592 illo
1098 534 1259 607 juffos
1283 535 1543 589 sollertius
1569 537 1700 590 alter

523 610 796 681 Exprimit
819 610 1070 673 inceffUS‚
1106 608 1425 682 vultumque
1449 609 1747 683 sonumque
1772 611 2046 682 loquendi.

523 684 730 753 Adjicit
758 685 812 737 δε
843 683 1009 739 vestes
1027 721 1041 746 ,
1082 682 1137 736 δε
1162 680 1552 737 consuetiffima
1576 683 1773 756 cuique

528 757 728 813 Verba.
769 757 861 811 sed
885 758 972 811 hic
997 757 1134 811 solos
1159 756 1403 810 homines
1429 755 1695 811 imitatur:
1737 770 1788 810 at
1820 759 1953 811 alter

527 831 615 886 Fit
638 831 774 893 fera,
809 830 870 884 fit
895 831 1126 885 volucris
1142 869 1155 893 ,
1193 829 1252 884 fit
1278 830 1443 901 longo
1469 846 1700 901 corpore
1724 829 1953 903 serpenS.

380 909 484 976 640
522 903 693 958 Hunc
720 902 901 958 Icelon
926 903 1145 975 Superi,
1183 905 1409 958 mortale
1434 902 1740 957 Phobetora
1765 905 1954 976 vulgus

522 976 797 1031 Nominat.
838 975 913 1031 est
943 978 1106 1031 etiam
1133 976 1369 1032 diversae
1400 976 1587 1031 tertius
1611 976 1735 1031 artis

520 1048 829 1105 Phantasos.
869 1050 955 1105 ille
979 1050 1035 1105 in
1062 1051 1314 1114 humum,
1351 1048 2381 1125 saxumque,undamque,trabemque.,‘

520 1123 788 1196 Quaeque
816 1136 1007 1178 vacant
1045 1125 1220 1178 anima
1257 1124 1487 1178 feliciter
1526 1125 1705 1178 omnia
1733 1123 1929 1180 transit.

522 1196 765 1268 Regibus
790 1197 874 1260 hi,
912 1197 1248 1269 ducibusque
1274 1197 1396 1251 suos
1423 1195 1705 1251 ostendere
1732 1199 1909 1252 vultus

380 1270 478 1340 645
519 1268 696 1324 Nocte
721 1269 917 1326 solent:
956 1271 1184 1342 populos
1209 1270 1294 1324 alii
1320 1270 1641 1342 plebemque
1664 1283 1956 1342 pererrant.

517 1342 782 1398 Praeterit
807 1343 904 1398 hos
926 1343 1127 1398 senior:
1171 1342 1482 1416 cunctisque
1512 1342 1541 1395 e
1566 1342 1814 1397 fratribus
1843 1360 2012 1398 unum

520 1415 821 1488 Morphea,
860 1417 955 1489 qui
979 1432 1196 1489 peragat
1222 1415 1655 1471 Thaumantidos
1683 1416 1854 1480 edita,
1890 1416 2121 1473 Somnus

510 1487 716 1562 Eligit:
761 1488 816 1542 &
841 1489 1020 1546 rursus
1045 1491 1194 1545 molli
1217 1491 1476 1562 languore
1501 1488 1702 1545 solutus

280 1713 364 1758 627.
393 1713 597 1752 Herculeam
620 1712 795 1750 Trachina
818 1710 939 1762 jube]
996 1709 1163 1748 Herculea
1184 1715 1269 1747 Tra·
1327 1713 1363 1750 se
1384 1712 1557 1751 homines
1587 1711 1855 1761 distinguuntur
1865 1711 2002 1759 ,video
2031 1713 2069 1750 in
2089 1710 2276 1750 similibus.
2298 1711 2384 1751 Val-

229 1762 327 1800 chine
348 1774 433 1800 cum
456 1764 681 1802 melioribus.
710 1765 922 1801 Hfimsxus.
961 1762 1166 1799 Herculeam
1185 1768 1272 1799 Tra-

226 1813 333 1850 china
357 1813 428 1851 dici
451 1815 548 1853 redte
567 1813 668 1864 poffe
687 1815 847 1858 conflat,
875 1813 935 1851 sed
956 1825 1001 1850 an
1023 1815 1059 1850 in
1080 1814 1149 1851 hac
1167 1813 1270 1851 fabu-

219 1863 282 1901 la?
312 1876 396 1902 cum
421 1865 581 1911 Seneca,
610 1873 763 1905 notante
786 1864 942 1902 Heinsio
967 1864 1083 1904 Herc.
1106 1865 1270 1903 Oetaeo.

226 1915 309 1962 196.
327 1915 446 1961 dicat,
468 1923 619 1967 Raptum
639 1916 764 1964 conjux
785 1921 894 1964 Ceyca
913 1915 1031 1964 gemit.
1059 1916 1190 1954 accidit
1212 1928 1268 1954 er-

220 1976 271 2013 go
298 1966 391 2003 haec
410 1967 720 2017 metamorphosis
761 1975 846 2004 ante
881 1966 1109 2012 Herculem,
1131 1966 1152 2005 {t
1187 1979 1265 2017 quo

219 2016 386 2053 Trachin
428 2018 595 2055 Herculea
633 2018 787 2057 demum
829 2017 902 2055 dici
939 2017 1077 2056 debuit.
1123 2018 1184 2056 sed
1223 2018 1266 2056 li-

221 2068 340 2104 centia
363 2067 423 2105 sua
443 2078 596 2107 utuntur
616 2069 775 2114 Poetae,
805 2069 869 2119 qui
889 2069 1048 2117 epitheta
1069 2070 1179 2107 etiam
1192 2069 1264 2107 im-

216 2116 400 2165 ponunta
421 2120 583 2167 personis
615 2120 674 2158 vel
703 2120 807 2158 rebus
839 2119 1046 2168 posterioris
1064 2121 1160 2158 aevi.
1189 2120 1264 2159 vid.

218 2168 264 2206 ad
282 2169 358 2206 libr.
382 2182 444 2207 111.
468 2172 546 2219 169.
574 2171 612 2208 ἃ
635 2172 787 2217 v1.416.
812 2170 941 2210 ΒΗΜΛ.

270 2221 355 2268 630.
389 2220 543 2258 Tolerare
563 2221 684 2271 soporis
705 2222 781 2260 Vim
794 2220 967 2271 poteram]
981 2221 1264 2270 Spirenfis,Flo-

216 2279 307 2308 rent.
331 2271 366 2308 S.
385 2272 503 2310 Marci
526 2302 536 2317 ‚
565 2282 727 2322 vaporem
757 2273 798 2310 vi
820 2282 967 2323 poterat.
997 2273 1130 2318 Forte,
1159 2283 1266 2323 vapo-

217 2334 295 2357 rem
316 2321 407 2362 vim.
447 2332 486 2361 ut
513 2333 661 2373 vaporus
686 2323 791 2361 ardor
824 2324 922 2373 apud
945 2324 1185 2362 Prudentium
1202 2352 1212 2369 ,
1239 2323 1259 2361 a

215 2382 362 2420 vapore,
391 2383 539 2423 vaporus
561 2376 599 2413 &
628 2384 828 2423 vaporatus.
855 2375 1055 2424 quomodo
1077 2374 1098 2412 ὲ
1122 2377 1261 2425 fhporo‚

210 2423 347 2469 soporas
373 2425 409 2461 ἃ
424 2426 614 2474 fhporatus.
642 2427 725 2464 Nec
742 2426 839 2464 male
867 2426 993 2464 tertius
1016 2425 1260 2464 Bononiensis

217 2483 260 2509 ex
286 2476 484 2513 veterrimo
500 2505 509 2521 ‚
536 2477 639 2526 quod
659 2477 782 2525 paffim
805 2476 1022 2526 apparebat,
1052 2476 1184 2514 codice
1197 2477 1263 2514 de-

214 2522 385 2579 scriptus,
425 2528 561 2575 vaporis
588 2529 679 2566 vim.
717 2528 848 2567 Statius
879 2527 1004 2566 Theb.
1036 2539 1073 2566 x.
1096 2527 1154 2572 ybs.
1176 2539 1263 2577 203.

217 2573 278 2610 ubi
302 2575 430 2613 Somni
452 2579 590 2626 regiam
614 2579 801 2617 describit:

718 2666 868 2678 —
897 2651 1025 2692 corpore
1046 2643 1141 2692 pigro

266 2691 387 2773 ,grata
405 2689 538 2736 cale-at,
559 2693 733 2743 supraque
753 2703 868 2730 torum
890 2694 982 2743 niger
1003 2693 1116 2745 adflat
1136 2693 1261 2733 anhelo

301 2751 336 2774 re
363 2748 478 2787 vapor.
1115 2747 1123 2753 ¹

209 2801 266 2840 Ita
286 2802 408 2841 scribe.
434 2814 512 2840 non
534 2831 543 2847 ‚
572 2805 673 2853 efflat.
701 2806 847 2843 Herus,

263 2867 349 2916 631.
376 2866 525 2917 Senfit.]
555 2869 667 2905 Sentit
687 2878 847 2918 quatuor
863 2870 957 2908 libri.

210 2930 349 3017 ''kf-32.
375 2936 440 2968 Per
461 2945 543 2982 quos
559 2933 697 2984 arcus]
738 2940 803 2971 Per
822 2947 908 2984 quas
929 2946 1036 2970 auras
1057 2933 1258 2976 duodecim

210 2993 232 3017 21
261 2992 300 3018 ri.

214 3080 219 3084 p
260 3032 344 3081 636.
373 3032 587 3083 Exprimit.]
619 3035 747 3081 Malo,
776 3034 971 3084 Exprimat.
1000 3046 1091 3072 mox
1110 3036 1258 3075 sec.Pa-

210 3087 270 3119 lat.
293 3085 329 3120 ὃ(
362 3096 455 3123 unus
487 3096 591 3122 meus
614 3114 624 3131 ,
664 3087 872 3136 modumque
895 3085 1076 3133 loquendi,
1106 3098 1183 3124 non
1200 3089 1257 3136 st>-

210 3145 373 3184 :mmqae
403 3136 614 3174 Heinsius.
665 3137 746 3186 Ego
760 3137 1157 3187 fhnumretineo,cum
1170 3140 1257 3187 quia

211 3192 302 3219 mox
321 3186 404 3230 671.
427 3187 537 3231 dicit,
566 3187 689 3237 adjicit
712 3188 766 3225 his
786 3201 917 3231 vocem3
941 3187 1074 3234 &677.
1102 3202 1181 3225 voce
1196 3190 1257 3238 sai

201 3234 472 3291 specieque-viri.
510 3246 589 3276 turn
623 3240 709 3289 quia
737 3239 842 3288 saepe
875 3238 1020 3276 vultum
1051 3240 1089 3276 &
1112 3253 1253 3288 vocem,

201 3293 405 3335 conjungi,
425 3296 464 3325 ut
489 3287 574 3328 duas
605 3291 820 3341 praecipuas
842 3298 947 3330 notas
960 3318 971 3338 ,
1008 3289 1139 3340 quibus
1156 3292 1252 3333 inter

2196 1563 2382 1636 Depo<-
2480 1602 2483 1704 4

1327 1763 1423 1803 Flac.
1445 1775 1515 1801 vn.
1539 1775 1598 1813 32.

1377 1826 1440 1864 Ille
1460 1837 1580 1864 autem
1595 1827 1753 1876 jamjam
1774 1828 1924 1875 vultus,
1951 1840 2140 1878 vocemque
2156 1836 2343 1877 parantem

1376 1884 1480 1914 Ante
1499 1879 1620 1928 aperit.

1323 1944 1371 1982 Et
1390 1942 1449 1986 fis.
1471 1955 1552 1992 155.

1375 2007 1552 2095 Nanjam
1573 2006 1741 2044 mentitae
1762 2006 1908 2045 vultum
1928 2020 2114 2057 vocemque
2136 2009 2282 2059 resumit¹

1374 2063 1404 2095 C
1431 2072 1452 2095 a
1472 2066 1584 2107 crepes.

1321 2121 1409 2162 Stat.
1436 2137 1480 2162 11.
1500 2122 1623 2162 Theb.
1646 2123 1708 2172 96.

1373 2195 1404 2226 T
1401 2187 1517 2278 irieslae
1535 2189 1659 2228 vultus
1681 2201 1867 2240 vocemque
1885 2199 1929 2231 ω’
1948 2189 2081 2229 vellera
2104 2200 2188 2229 nota

1371 2246 1412 2277 In
1440 2251 1550 2279 mtur.

1320 2299 1456 2350 Virgil.
1480 2314 1515 2339 v.
1533 2302 1619 2350 649.

1368 2365 1444 2414 Qi
1461 2365 1610 2410 vultus,
1637 2365 1799 2417 vocisque
1813 2366 1920 2416 fimus
1934 2396 1944 2413 ‚
1972 2366 2030 2404 vel
2047 2365 2170 2416 greffus
2192 2365 2301 2403 eunti.

1317 2429 1446 2467 Heins.
1472 2429 1518 2467 ad
1541 2429 1657 2468 Ovid.
1679 2443 1707 2468 1.
1730 2431 1811 2470 Art.
1839 2432 1922 2478 467.
1951 2432 2035 2469 citat
2051 2429 2193 2478 ‚adjicit
2218 2429 2272 2466 his
2305 2433 2369 2467 ‘vo-¹

1319 2493 1392 2526 ces,
1419 2481 1534 2530 lapsus
1556 2483 1762 2528 memoria,
1790 2484 1828 2520 &
1849 2481 2080 2520 confundens
2100 2481 2193 2518 haec
2212 2492 2297 2519 cum
2310 2481 2370 2525 ybs.

1320 2532 1406 2579 671.
1433 2532 1566 2570 Buam.

1371 2583 1456 2630 638.
1486 2582 1659 2633 Cuique]
1674 2585 1840 2632 Qaeque
1860 2583 2007 2631 plurimi
2027 2582 2158 2632 scripti.
2186 2581 2367 2629 mox,hic

1311 2633 1408 2683 filas
1429 2634 1598 2672 Cantabr.
1617 2634 1747 2672 Oxon.
1767 2635 1806 2671 &
1833 2634 1934 2671 ssafii.

1372 2686 1459 2734 639.
1486 2691 1596 2734 Longo
1619 2684 1787 2734 corpore]
1820 2687 1955 2723 Peez'ore
1972 2696 2078 2722 unus.
2105 2693 2252 2733 tempore
2272 2684 2363 2724 duo-⁴

1317 2736 1492 2775 Heinfius
1510 2736 1689 2781 malebat,
1718 2747 1856 2784 tergore.

1369 2789 1454 2833 640.
1482 2786 1637 2824 Mortale
1660 2787 1849 2824 Phobetora
1869 2784 2034 2833 vulgus]
2064 2784 2232 2822 Phobetor
2250 2794 2362 2826 terre-

1316 2837 1435 2876 farstor
1454 2839 1686 2886 interpretari
1707 2837 1835 2886 potest.
1865 2835 1922 2872 Sic
1941 2844 2065 2873 autem
2082 2837 2130 2874 est
2147 2837 2358 2885 legendum:

1316 2890 1489 2937 quamvis
1513 2888 1684 2936 corrupte
1706 2885 1893 2924 Phebetora
1913 2887 1950 2923 in
1972 2887 2237 2935 exemplaribus
2256 2888 2353 2935 lega-

1315 2945 1385 2975 tur.
1412 2940 1578 2975 Remus.
1605 2937 1827 2975 Admodum
1849 2938 1988 2974 variant
2008 2939 2045 2975 in
2070 2939 2126 2976 his
2143 2937 2353 2975 nominibus

1313 2988 1447 3035 scripti.
1486 2995 1604 3025 Jtacon
1624 3015 1635 3031 ,
1685 2993 1819 3030 Itecon,
1859 2993 2005 3025 Atecon.
2045 2989 2162 3025 Eliton
2183 3015 2195 3032 ,
2233 2986 2355 3025 stelen.

1314 3043 1449 3075 Ycetum
1471 3066 1481 3081 ‚
1511 3044 1657 3082 Ycaton,
1687 3038 1726 3075 δε
1754 3038 1877 3076 nescio
1912 3051 2008 3088 quae
2031 3038 2198 3077 monstra.
2229 3036 2355 3074 Phebe-

1312 3098 1389 3125 tora
1402 3117 1411 3133 ,
1441 3088 1635 3126 Phabetora
1649 3117 1659 3135 ,
1683 3088 1880 3127 Phebetona
1891 3118 1902 3135 ,
1941 3089 2142 3128 phlebotomi
2155 3087 2356 3135 ,Phlebemff

1312 3152 1359 3177 na
1374 3168 1384 3184 ,
1412 3142 1483 3178 &o

1364 3192 1448 3240 643.
1477 3190 1664 3228 Fallaciter
1684 3191 1801 3228 omnia
1819 3191 1990 3241 tranfit.]
2025 3188 2181 3227 feliciter
2199 3191 2294 3230 bene
2311 3196 2356 3231 u-'

1311 3253 1378 3279 nus
1402 3242 1510 3280 Pal-at.
1531 3243 1569 3279 δε
1594 3254 1697 3281 meus
1720 3243 1949 3290 chartaceus,
1987 3252 2073 3280 cum
2100 3253 2178 3281 uno
2198 3243 2356 3283 Moreti.

1309 3293 1520 3337 111.Am0r.
1541 3293 1649 3344 Eleg.
1663 3307 1700 3345 v.

2262 3342 2354 3395 gebi:

2479 1710 2483 1775 l
