2483 3616
362 165 1600 226 METAMORPHOSEON
1674 169 1818 225 Lm.
1866 169 2038 226 XIII.

2150 187 2254 238 907

400 283 514 337 Nos
536 298 753 354 quoque
778 295 928 353 parte
953 285 1130 354 putes)
1156 300 1428 340 armorum
1453 283 1650 339 viribus
1673 284 1818 349 υἷας,

397 351 664 407 Abstrahit
691 353 880 408 invitas
904 357 1111 426 gremio
1136 357 1390 426 genitoris
1415 377 1427 410 ε
1469 358 1714 430 alantque

397 424 623 493 Imperat
651 427 958 497 Argolicam
985 428 1199 482 coelesti
1226 446 1447 482 munere
1473 430 1698 484 classem.

254 499 358 548 660
396 494 675 566 Effugiunt
703 516 816 571 quo
840 517 1083 573 quaeque
1106 499 1294 572 potest.
1336 500 1558 554 Euboea
1584 501 1816 568 duabuS‚

268 573 279 581 ’
391 566 464 622 Et
490 570 720 624 totidem
746 573 878 626 natis
903 572 1121 626 Andros
1146 573 1375 637 fraterna
1401 572 1568 642 petita
1593 574 1683 626 est.

393 638 556 694 Miles
583 642 728 697 adest
757 663 768 697 ε
811 645 895 708 δε,
932 645 987 698 ni
1012 645 1304 706 dedantur,
1340 643 1473 697 bella
1498 644 1746 700 minatur.

391 711 443 767 V
450 712 549 768 icia
573 728 721 770 metu
743 717 907 787 pietas
932 717 1193 771 consortia
1219 715 1433 788 peetora
1460 733 1666 788 poenae

387 784 560 839 Dedit
587 806 598 839 :
641 788 696 840 ὃς
721 803 781 842 ut
807 789 1000 843 timido
1026 788 1185 860 poffis
1212 787 1488 858 ignoscere
1514 789 1693 850 fratri3

247 857 346 925 665
386 858 511 911 Non
536 858 621 913 hie
646 858 875 923 AEneae,
915 878 1053 922 non,
1094 861 1186 932 qui
1215 860 1537 914 defenderet
1564 861 1823 925 Andron,

387 929 600 985 Heffior
627 946 737 985 erat
765 951 775 984 ε
816 950 909 1002 per
935 950 1068 1004 quos
1102 933 1371 986 decimum
1397 933 1617 987 durastis
1643 934 1698 988 in
1722 951 1933 990 annum.

379 1002 610 1075 Jamque
633 1003 948 1074 parabantur
974 1004 1192 1074 captivis
1218 1005 1389 1058 vinela
1416 1006 1639 1060 lacertis,

389 1075 507 1128 illae
532 1076 779 1129 tollentes
806 1076 1096 1131 etiamnum
1122 1075 1283 1129 libera
1309 1077 1465 1130 coelo

388 1147 638 1209 Brachia,
678 1147 888 1201 Bacche
912 1161 1088 1218 pater,
1126 1147 1205 1201 fer
1235 1165 1425 1219 opem,
1463 1148 1687 1204 dixere:
1729 1150 1958 1223 tulitque

245 1221 348 1284 670
389 1217 633 1272 Muneris
659 1219 842 1273 audior
869 1237 1045 1292 opem.
1083 1219 1120 1272 fi
1147 1219 1285 1273 miro
1310 1221 1535 1291 perdere
1562 1239 1713 1277 more

388 1289 551 1344 Ferre
576 1305 798 1346 vocatur
826 1309 1002 1363 opem.
1043 1310 1142 1346 nee
1170 1295 1276 1364 quii
1300 1293 1505 1346 ratione
1530 1294 1753 1364 figuram

387 1362 761 1426 Perdiderint,
799 1365 948 1436 potui
979 1365 1137 1423 scire,
1175 1377 1263 1418 aut
1290 1382 1430 1418 nunc
1463 1365 1643 1420 dicere
1669 1365 1876 1438 poffim.

388 1434 604 1489 Summa
629 1437 749 1490 maii
776 1451 901 1490 nota
928 1437 1015 1491 est.
1053 1454 1250 1509 pennas
1274 1436 1530 1499 sumsere;
1574 1451 1803 1511 tuaeque

389 1507 650 1581 Conjugis
676 1509 732 1564 in
759 1510 1060 1573 volucrem,
1095 1511 1272 1566 niveas
1301 1509 1476 1564 abiere
1501 1511 1787 1566 columbas,

100 1731 191 1759 num
222 1720 371 1761 exstant.
404 1720 525 1760 Poffet
547 1723 585 1761 &
604 1723 697 1772 legi,
726 1723 789 1761 loci
800 1726 879 1774 jam
902 1739 1005 1775 regna
1022 1735 1145 1765 tenen·

102 1780 195 1815 tem,
224 1773 281 1810 vel
291 1773 436 1822 sceptra.
464 1781 504 1810 ut
522 1773 623 1823 supra
642 1775 734 1812 libro
760 1788 811 1813 v1.
830 1779 912 1822 677.

154 1828 289 1871 Sceptra
308 1823 371 1860 loci
390 1837 572 1872 rerumque
591 1827 679 1873 capit
690 1825 908 1864 moderamen
923 1828 1142 1866 Erechtheus.

102 1882 187 1910 nam
217 1872 328 1910 locum
358 1888 422 1922 quo
451 1887 554 1922 regna
584 1877 689 1922 prim.
717 1877 887 1914 GronOV.
909 1877 1084 1929 locumque
1103 1881 1141 1916 in

102 1934 206 1976 regna
232 1923 330 1961 alius.
359 1924 468 1961 locum
498 1936 540 1964 (9¹
564 1939 665 1972 regna
693 1925 781 1964 duo.
807 1928 893 1976 frag.
916 1928 1140 1973 Boxhornii‚

108 1982 169 2017 qut
191 1979 289 2019 parte
316 1973 424 2011 locum
453 1974 514 2022 qui
543 1988 645 2022 regna
673 1986 839 2027 tenetque.
868 1979 947 2022 vel,
973 1989 1030 2026 pro
1043 1989 1142 2028 parte

108 2019 198 2055 locus
217 2033 270 2076 me
288 2035 386 2070 regna
407 2034 548 2062 tenente.
574 2026 700 2071 multi,
722 2036 784 2075 pro
798 2037 908 2076 parte.
937 2030 1143 2068 Florent.S.

107 2068 253 2113 Marcl,
281 2073 369 2119 quod
397 2083 494 2121 parte
519 2073 628 2112 locum
656 2077 745 2126 quod
767 2092 869 2126 regna
891 2090 1030 2117 teneret.
1059 2081 1142 2117 Ber—

106 2129 255 2168 negger.
281 2121 370 2158 locus
391 2136 454 2170 quo
473 2137 573 2172 regna
592 2137 736 2164 tenente.
764 2130 959 2178 quomodo
973 2130 1144 2168 &Aron-

107 2168 179 2206 del.
210 2182 277 2218 pro
312 2171 449 2209 diversa
477 2173 646 2213 lectione.
681 2186 750 2215 tres
772 2207 781 2222 ,
818 2180 959 2218 tenenti.
999 2181 1143 2219 Herus.

105 2224 234 2308 ἰὲειὲιῃ
260 2234 466 2309 νῖςηκνηᾳκε
483 2232 650 2263 tenentem
670 2227 839 2268 Francos.
857 2241 1010 2267 tuentem
1031 2233 1143 2269 etiam

157 2282 175 2307 e
204 2282 248 2308 lc.
282 2284 334 2310 ec.

155 2321 242 2369 651.
269 2322 446 2360 Femineae
455 2323 594 2375 stirpi.]
623 2329 711 2364 Sorti
728 2330 833 2376 prim.
852 2330 1145 2370 Bafil.Ar0ndeI.

108 2370 148 2409 δί
166 2371 242 2409 duo
263 2372 320 2411 alii
340 2386 405 2422 pro
423 2374 561 2414 divers-3
579 2377 750 2415 leffioue.
768 2379 975 2418 bene.libro
988 2394 1040 2419 vr.
1060 2383 1147 2420 680.

157 2423 338 2469 §Quattuor
354 2424 413 2460 ille
425 2425 563 2475 quidem
574 2428 721 2475 juvenes
734 2454 744 2472 ‚
770 2429 978 2478 totidemque
989 2443 1122 2469 crearat

156 2473 334 2510 Femineae
344 2474 461 2522 fhrtis.

106 2521 201 2560 libro
220 2536 272 2561 rx.
297 2524 342 2562 de
366 2525 537 2567 feminis,
566 2528 650 2572 676.

285 2575 446 2624 onerofior
462 2578 575 2614 altera
587 2579 664 2627 sors
683 2578 746 2626 est,

158 2629 206 2661 Et
224 2625 317 2661 vires
340 2632 482 2665 Natura
499 2638 609 2677 negat.
638 2630 782 2667 Huius.
810 2631 882 2668 vid.
899 2631 962 2669 lib.
982 2645 1017 2670 x.
1039 2646 1120 2681 244.

158 2676 244 2725 653.
276 2682 315 2712 In
331 2678 477 2724 segetem
497 2678 737 2727 laticemque.]
769 2687 810 2716 In
825 2682 945 2728 segetes
966 2682 1149 2733 laticesque

109 2725 279 2763 Gronov.
307 2727 346 2763 ὃς
371 2727 508 2776 septem
538 2730 608 2767 alii.
629 2732 772 2777 segetem
794 2731 975 2780 laticesque
993 2733 1149 2780 plurimi.

107 2775 311 2826 laticemque
339 2790 473 2814 merum
501 2780 621 2816 PataV.
644 2783 682 2817 ὅ(
702 2781 854 2819 Moreti.
883 2795 1053 2832 canaeque
1076 2786 1150 2822 Mi-

107 2837 236 2862 nervae
257 2828 417 2865 Morent.
441 2829 476 2868 S.
496 2831 611 2867 Marc.

156 2876 242 2924 658.
270 2875 492 2928 Abstrahit.]
523 2880 682 2926 Abstulit
707 2883 859 2921 Moreti.

157 2927 242 2982 659.
273 2933 418 2963 Munere
441 2931 615 2980 gentem]
659 2932 700 2969 In
728 2945 802 2971 uno
826 2946 913 2972 meo
942 2936 980 2973 &
1003 2935 1146 2976 duobus

105 2976 227 3015 Vatic.
259 2983 404 3013 Munere
436 2978 577 3027 claffem.
617 2983 724 3029 Quae
745 2996 828 3021 vera
849 2985 960 3022 lec‘tio
983 2987 1043 3024 est:
1071 2989 1145 3026 hoc

105 3026 155 3064 est
172 3029 374 3065 exercitum
387 3055 397 3071 ‚
426 3038 465 3065 ut
488 3032 525 3066 ὅε
539 3031 618 3082 jam
632 3033 797 3078 exposuit
810 3036 977 3073 Gifanius
992 3065 1001 3078 ,
1030 3039 1091 3087 qui
1106 3041 1144 3076 in

102 3076 167 3114 suo
199 3077 291 3115 libro
311 3079 424 3114 veteri
445 3079 585 3116 invenit
608 3081 741 3124 etiam,
771 3084 914 3134 classem.
936 3099 1048 3134 quam
1076 3101 1144 3126 vo-

100 3138 182 3164 cem
206 3139 250 3164 ex
275 3129 442 3165 Numaea
461 3128 542 3177 lege
563 3130 713 3166 fortassis
736 3137 875 3179 accepit
903 3140 1028 3183 poeta.
1067 3139 1144 3177 Cu—

93 3176 152 3224 Jus
181 3177 425 3226 fragmentum
456 3179 505 3215 ita
538 3180 667 3227 legitur
689 3180 783 3227 apud
801 3181 956 3221 Festum.
1011 3189 1145 3234 Quoius

96 3227 238 3273 auspicio
271 3228 366 3277 classe
389 3228 561 3277 procinffla
582 3230 709 3278 optima
722 3231 828 3278 spolia
847 3234 1030 3279 capiuntur
1052 3238 1147 3281 Jovi

93 3277 241 3329 ‚Feretrio
260 3279 374 3331 darier
384 3289 529 3330 oporteat
544 3307 556 3327 ,
576 3291 619 3331 Q
637 3279 758 3333 bovem
769 3281 896 3333 caedito
908 3283 985 3332 quei
995 3286 1079 3334 cepit
1089 3299 1148 3337 ae:

2092 1586 2239 1645 FAB.

1197 1725 1245 1762 ris
1268 1725 1415 1763 ducenta
1436 1726 1589 1776 secunda
1602 1724 1712 1776 spolia
1733 1724 1771 1762 in
1790 1724 1922 1762 Martis
1942 1737 2044 1763 aram
2064 1725 2102 1762 in
2124 1735 2239 1775 campo

1198 1776 1414 1813 solitaurilia
1435 1789 1517 1813 utra
1536 1777 1689 1813 volverit
1712 1776 1841 1812 caedito
1853 1776 1956 1812 tertia
1970 1787 2042 1815 σε.
2071 1776 2243 1813 CLOFAN.

1199 1827 1348 1875 Claffem
1370 1827 1553 1866 meliores.
1584 1829 1722 1864 Hnms.
1754 1827 1989 1864 Ita&Gifan.
2003 1825 2244 1864 Ind.Lucret.

1197 1877 1233 1914 in
1255 1877 1371 1925 claffis.
1391 1877 1532 1914 numine
1547 1889 1650 1915 unus.
1677 1876 1798 1913 divino
1815 1890 1954 1912 munere
1969 1875 2057 1914 duo.

1250 1929 1334 1965 660.
1363 1927 1498 1964 Euboea
1530 1927 1703 1974 dicabam]
1744 1926 1940 1964 Priscianus
1969 1927 2006 1963 in
2028 1934 2243 1974 corruptum

1198 1978 1327 2016 incidit
1351 1978 1518 2016 codicem
1535 2006 1545 2022 ,
1572 1979 1635 2027 qui
1653 1977 1799 2016 lib-vu.
1817 1977 1942 2013 deabus
1954 1976 2028 2014 hoc
2045 1977 2244 2026 locolegit-.

1200 2028 1272 2065 Sed
1299 2040 1373 2065 non
1405 2029 1577 2078 improbo
1602 2028 1692 2078 quod
1716 2028 1826 2076 potita
1854 2028 1964 2075 legit,
2004 2039 2080 2064 non
2109 2029 2242 2076 petita,

1200 2080 1368 2126 quamvis
1396 2090 1465 2116 nec
1491 2079 1600 2127 petita
1629 2079 1670 2116 fit
1701 2078 1940 2126 explodenda.
1971 2077 2120 2115 Consr.
2147 2078 2244 2115 FAN.

1200 2129 1344 2165 Duobus
1365 2130 1503 2166 Moreti
1523 2131 1560 2166 ὃ(
1581 2132 1744 2178 quinque
1761 2129 1831 2165 alii.

1251 2180 1335 2217 661.
1362 2184 1408 2215 Et
1428 2179 1570 2216 totidem
1590 2178 1723 2227 natis.]
1754 2179 1807 2215 Ita
1829 2179 1867 2215 &
1884 2178 2015 2225 scripti.
2042 2178 2161 2221 Puto,

1245 2255 1248 2258 -
1265 2229 1495 2279 Natabusque
1515 2229 1658 2265 Andros
1675 2228 1816 2265 totidem
1828 2229 1992 2273 fraterna
2006 2229 2116 2276 petita
2135 2227 2190 2274 est.

1201 2279 1265 2317 etsi
1285 2281 1386 2318 aliter
1399 2281 1604 2318 Priscianus.
1630 2279 1688 2316 sed
1709 2280 1746 2316 &
1764 2279 1824 2316 iile
1835 2278 1960 2314 deabus
1972 2278 2124 2326 &potita
2136 2283 2243 2325 men-j

1203 2329 1287 2367 dose
1312 2332 1407 2368 citat.
1437 2332 1582 2368 Huius.

1253 2381 1336 2418 662.
1364 2380 1587 2430 Dedantur.]
1617 2379 1821 2418 Redduntur
1837 2380 1912 2417 fere
1932 2390 2075 2417 omnes.
2101 2378 2244 2417 minan·-¹

1203 2439 1262 2467 tur
1282 2433 1393 2469 etiam
1414 2433 1561 2478 Junian.

1256 2481 1339 2528 664.
1365 2481 1545 2528 Consortia
1571 2490 1702 2531 corpora
1724 2490 1848 2531 poenae
1880 2480 2024 2517 Dedidit
2050 2490 2094 2519 ω’
2121 2479 2246 2516 timido

1200 2530 1336 2581 peffes.]
1366 2535 1506 2568 Pectora
1527 2544 1570 2569 ex
1589 2532 1810 2569 melioribus.
1838 2531 2132 2571 Deditcfftimido
2145 2532 2244 2567 Nea-

1204 2582 1279 2627 pol.
1300 2583 1338 2619 &
1357 2582 1431 2619 duo
1451 2582 1522 2619 alii.
1550 2582 1690 2625 Scribe,
1719 2582 1827 2617 Dedit
1840 2609 1850 2625 ,
1878 2594 1921 2620 (9·
1940 2591 1979 2617 ut
1997 2581 2118 2617 timido
2135 2580 2243 2629 poffis‚

1205 2641 1290 2668 cum
1321 2632 1435 2670 altero
1459 2633 1593 2670 Erfurt.
1622 2644 1697 2669 uno
1731 2643 1819 2669 meo
1846 2633 1885 2668 &
1907 2632 2130 2668 Graeviano.
2151 2630 2245 2678 poffis

1203 2682 1315 2719 etiam
1359 2682 1463 2720 multi
1501 2690 1651 2720 veteres.
1690 2682 1798 2718 Dedit
1836 2681 1856 2719 a
1890 2681 2013 2719 Dedo.
2060 2681 2241 2729 Apulejus

1205 2731 1300 2769 Met.
1315 2745 1372 2770 v11
1389 2761 1399 2777 ‚
1427 2732 1492 2769 Ad
1504 2735 1595 2780 casas
1605 2732 1745 2768 interim
1759 2733 1842 2779 suas
1854 2733 2015 2768 vinetum
2030 2732 2220 2779 perducunt
2231 2759 2243 2775 ,

1205 2783 1319 2830 quoad
1336 2784 1523 2831 renascenti
1544 2783 1598 2820 die
1608 2783 1767 2832 sequenti
1777 2810 1787 2826 ,
1813 2782 1978 2818 deductus
1996 2782 2043 2817 ad
2063 2781 2243 2829 magistra-

1205 2842 1282 2869 tum
1313 2845 1370 2881 gut
1393 2832 1548 2879 ajebant)
1562 2843 1685 2882 poenae
1703 2833 1891 2870 dederetur.
1918 2843 2104 2879 perperam
2127 2831 2243 2866 redde-

1204 2892 1300 2919 retur
1320 2896 1418 2921 nunc
1438 2884 1568 2932 legitur
1587 2884 1661 2921 hoc
1682 2895 1834 2932 quoque
1855 2882 2149 2920 Nasonislocoin
2160 2881 2242 2927 plu-

1202 2934 1302 2971 rimis
1323 2934 1552 2972 membranis.
1579 2933 1628 2970 fic
1646 2934 1793 2970 Deditus
1805 2946 1912 2969 noxae
1925 2960 1935 2975 ‚
1964 2933 2008 2967 de
2022 2943 2096 2977 quo
2112 2931 2198 2966 Fast.
2211 2942 2240 2967 1..

1204 2994 1286 3031 359.
1314 2986 1352 3022 &
1365 3013 1375 3029 ,
1403 2985 1494 3021 Dedi
1506 2984 1691 3033 suppliciis.
1714 2985 1843 3031 dequo
1858 2983 1900 3017 ad
1914 2980 2101 3017 Claudiam.
2114 2981 2150 3015 in
2163 2980 2240 3016 Eu-

1199 3042 1294 3082 trop.
1315 3036 1406 3073 libro
1427 3047 1453 3072 1.
1481 3047 1540 3080 45.
1570 3035 1712 3070 Hfims.
1742 3031 1904 3067 Tradidit
1924 3030 2052 3076 viginti
2072 3030 2109 3065 ὃς
2133 3040 2238 3067 unus.
2316 3066 2318 3069 ,

1198 3085 1349 3122 reddidit
1363 3085 1588 3123 orstodecim.
1607 3084 1715 3119 edidit
1737 3083 1837 3119 ssnfil.
2132 3128 2137 3134 ¹

1250 3136 1333 3173 666.
1357 3142 1426 3172 'Per
1455 3134 1573 3183 quem]
1603 3140 1665 3170 Per
1686 3146 1785 3181 quem
1799 3133 1935 3179 septem
1956 3128 2045 3167 libri.
2066 3128 2238 3166 decimum

1199 3194 1260 3234 per
1282 3199 1363 3235 quos
1380 3184 1479 3221 Bafil.
1505 3184 1612 3220 Palat.
1636 3184 1673 3219 δε
1695 3182 1770 3219 duo
1795 3182 1865 3218 aiii.

1257 3235 1341 3280 671.
1372 3232 1554 3280 Vocatium]
1585 3238 1725 3267 Vocetur
1748 3232 1876 3268 Oxon.

1255 3284 1340 3333 672.
1367 3284 1487 3324 Dicere
1506 3281 1666 3329 roffam]
1697 3280 1816 3331 Poffim
1832 3293 1924 3323 unus
1946 3278 2062 3318 Voffii
2083 3278 2121 3315 δε
2142 3278 2244 3318 51)(ὶῇ

1332 3333 1339 3334 7
1475 3332 1648 3383 nyyy
1677 3342 1696 3380 3
1789 3330 1804 3335 ’
2095 3329 2241 3377 ΗΕιΝε9
