2483 3616
218 150 326 212 660
737 134 1286 204 P.OVIDII

1356 135 1895 197 NASONIS

522 261 719 321 Solvit:
759 261 846 323 δε,
885 258 968 322 O,
1002 252 1168 311 nostri
1191 251 1230 307 fi
1252 268 1359 334 qua
1383 252 1458 334 est
1481 255 1812 318 reverentiam
1856 254 2022 319 dixit,

530 338 662 411 Quo
686 335 869 392 ruitis?
912 343 1192 386 tantumne
1218 323 1310 379 fibi
1334 340 1453 397 quls
1477 326 1623 395 poffe
1649 328 1896 393 videtur,

525 409 658 465 Fata
683 425 903 483 quoque
927 415 988 459 ut
1010 399 1252 473 superet?
1292 396 1412 452 fatis
1434 396 1603 453 Idlaus
1629 399 1685 454 in
1710 419 1876 458 annos
1892 445 1906 466 ,

381 503 485 557 430
524 483 680 556 Quos
703 494 843 553 egit,
879 476 1066 534 rediit:
1108 472 1229 528 fatis
1252 469 1580 551 revirescere
1605 470 1809 528 debent

530 555 802 611 Callirhoe
827 551 1026 626 geniti3
1066 563 1179 602 non
1203 542 1524 624 ambitione,
1561 560 1665 597 nec
1692 547 1865 602 armis.

527 629 646 685 Vos
670 629 829 683 etiam
847 666 861 691 ‚
899 638 1119 699 quoque
1145 619 1251 673 hoc
1279 632 1460 670 ammo
1487 615 1714 672 meliore
1742 618 1952 686 feratis·‚

531 703 633 758 Me
658 717 908 776 quoque,
945 697 1050 752 fata
1075 701 1295 765 regunt:
1331 705 1470 763 quae
1493 688 1531 743 fi
1561 702 1772 746 mutare
1799 693 2063 760 valerem,

533 777 654 831 Nec
680 774 922 829 nostrum
944 769 1043 824 seri
1068 776 1354 822 curvarent
1382 764 1609 818 Aeacon
1636 766 1790 821 anni:

387 873 420 922 4
427 871 447 914 3
460 869 488 919 5
527 849 970 920 Perpetuumque
993 840 1110 897 aevi
1134 838 1331 894 florem
1355 834 1798 896 Rhadamanthus
1821 840 2041 897 haberet

531 922 678 976 Cum
702 918 897 974 Minoe
923 933 1080 971 meo:
1116 913 1210 987 qui
1240 922 1466 986 propter
1493 927 1669 967 amara
1694 913 1933 972 senectae

237 1145 294 1186 lta
329 1143 406 1185 duo
436 1144 569 1184 vetusti
599 1142 749 1183 codices
771 1169 782 1186 ,
826 1138 1033 1179 Thuaneus
1063 1135 1177 1180 alter,
1203 1133 1293 1173 alter

240 1196 544 1248 Hfimburgenfis.
570 1195 731 1233 vincitur
750 1194 788 1231 in
817 1191 974 1241 vulgatis
994 1198 1200 1238 perperam.
1226 1197 1293 1223 ne-

241 1261 316 1300 que
346 1249 450 1288 aliter
480 1248 626 1287 Graeci.
652 1254 760 1285 vetus
793 1244 970 1292 interpres
992 1238 1187 1288 Euangelii
1215 1238 1296 1275 Lu-

240 1311 305 1339 cae
319 1312 396 1349 cap.
408 1313 500 1339 vrit.
513 1300 572 1344 jes.
586 1310 646 1349 37.
659 1302 706 1335 Et
726 1303 939 1346 rogaverunt
958 1291 1063 1330 illum
1081 1287 1295 1328 omnismul-

235 1351 351 1389 titudo
372 1351 515 1402 regionis
532 1349 784 1399 Gerasenorum
810 1355 849 1383 ut
867 1345 996 1383 cederet
1012 1341 1057 1380 ab
1080 1338 1155 1391 ipsis
1169 1369 1180 1386 ,
1208 1339 1294 1392 quta

238 1415 363 1453 magno
378 1403 501 1441 timore
523 1401 757 1445 tenebantur,
771 1400 845 1434 Ka}
865 1396 1042 1441 ἠρώτησαν
1061 1392 1171 1450 αὐτ-ἒν
1195 1392 1293 1428 ἅπαν

239 1456 283 1491 τὸ
305 1453 436 1499 πλῆθος
458 1455 523 1492 τοῦ
550 1452 746 1499 περιχώρου
768 1451 837 1487 τῶν
868 1445 1070 1493 Γαδαρηνῶν
1084 1472 1095 1490 ,
1120 1443 1293 1481 απελθεῖν

237 1503 309 1542 oe'x’
330 1504 468 1551 αὐτῶν,
495 1505 550 1543 ὅτι
569 1504 670 1554 φόβῳ
689 1502 845 1550 μεγάλῳ
862 1499 1078 1547 συνείχοντο.
1093 1494 1293 1535 Va1.F1ae-

242 1569 305 1597 cus
326 1558 421 1597 libro
443 1569 497 1595 ιν.
519 1557 580 1604 64.

576 1613 622 1645 Te
640 1607 766 1644 cunffla
784 1612 971 1656 precantur

295 1665 386 1698 Gens
407 1659 603 1697 hominum.

246 1711 305 1750 Sic
328 1713 514 1750 Carrionis
534 1711 635 1749 liber.
661 1707 826 1747 venuste.
853 1703 958 1757 quod
982 1703 1044 1742 ille
1068 1709 1199 1742 tamen
1220 1712 1300 1741 non

243 1765 421 1813 percepit.
450 1762 587 1801 eodem
608 1761 703 1799 libro
724 1761 811 1808 456.

571 1813 733 1862 sprevere
752 1809 843 1861 quod
862 1807 975 1845 omnis

295 1863 570 1914 Pollueruntque
597 1875 726 1901 manus
744 1889 756 1906 ,
795 1859 952 1911 quodque
977 1856 1148 1908 unguibus
1171 1855 1302 1895 excidit

431 1925 522 1952 atrts
534 1941 546 1959 ,

298 1973 375 2006 Has
395 1966 485 2004 mihi
495 1967 571 2013 sert
588 1964 628 2002 in
647 1963 720 2001 luce
739 1975 866 2002 moras.

246 2020 340 2069 Quo
353 2017 471 2056 modo
484 2015 744 2065 castigandum.
756 2026 842 2052 nam
855 2013 1040 2051 Carrionis
1050 2011 1155 2058 liber,
1166 2024 1304 2049 manus.

247 2070 412 2119 vulgati,
432 2069 594 2118 sprevere
626 2066 718 2118 quod
745 2078 859 2103 omnes
890 2076 1013 2103 manu.
1040 2063 1089 2102 fic
1105 2064 1217 2114 paulo
1238 2074 1306 2101 an·-

250 2128 290 2160 te
305 2148 316 2166 ,
346 2132 431 2170 324.
1032 2117 1037 2119 “

380 2198 478 2207 -.-.
531 2180 572 2208 at
593 2182 720 2208 manus
739 2168 852 2206 omnis

304 2229 458 2261 Heroum
477 2220 585 2272 denfis
603 2220 764 2259 certatim
782 2217 997 2269 amplexibus
1018 2225 1154 2266 urgent.

249 2275 349 2314 ‘Mox
370 2275 452 2324 lege
475 2274 573 2323 apud
605 2272 768 2311 eundem
787 2271 979 2309 Valerium
999 2297 1010 2313 ‚
1029 2269 1094 2319 sed
1112 2280 1176 2305 vos
1201 2266 1218 2303 ὀ
1233 2266 1306 2314 [ὲν-

257 2337 343 2364 vate
358 2335 483 2376 precor.
511 2337 579 2375 pro
599 2324 787 2373 observate.
815 2322 921 2360 Silius
939 2321 1034 2358 libro
1056 2332 1148 2359 xm.
1169 2318 1255 2369 308.

306 2378 454 2415 Stabant
473 2376 593 2413 innixi
606 2375 685 2425 pilis
703 2373 873 2412 exercitus
891 2373 1015 2411 omnis.

256 2428 312 2466 Ita
332 2428 455 2466 scribe.
490 2428 584 2466 libro
607 2438 694 2465 κνῐ.
713 2437 799 2476 307.

637 2477 763 2514 Omnis
781 2473 881 2513 Latio
893 2473 960 2525 sub
979 2472 1118 2512 nomine
1135 2471 1234 2509 miles

308 2534 414 2566 Dona
433 2531 583 2615 {erum'
609 2528 828 2578 tumulosque
854 2529 957 2577 super
978 2524 1218 2577 flragantibus
1243 2522 1310 2560 ad·

462 2589 538 2617 unt.

261 2629 394 2669 Statius
412 2630 474 2668 lib.
493 2643 559 2668 ω.
579 2629 667 2668 Silv.
689 2643 717 2667 1.
739 2629 801 2678 85.

674 2687 749 2716 Huc
771 2679 882 2717 omnis
906 2679 1011 2718 turba
1034 2678 1176 2717 coimus.

263 2733 323 2771 M.
343 2730 441 2768 Cato
474 2730 573 2778 apud
609 2730 774 2767 Gellium
800 2731 862 2767 lib.
890 2742 955 2769 111.
991 2743 1071 2779 cap.
1097 2741 1131 2775 7.
1186 2727 1313 2766 Omnis

261 2782 407 2820 Graecia
429 2780 639 2817 decoravere.
665 2780 758 2817 libro
781 2791 836 2816 IV.
854 2791 931 2828 cap.
952 2793 979 2817 1.
1007 2782 1046 2816 in
1067 2779 1232 2827 vestibulo
1255 2792 1313 2815 ae-

262 2833 363 2871 dium
385 2832 637 2870 Palatinarum
664 2830 776 2866 omnis
788 2831 905 2876 ferme
935 2831 1127 2866 multitudo
1148 2831 1312 2866 ordinum

263 2883 464 2935 opperientes
475 2882 730 2932 salutationem
749 2880 907 2929 Caesaris
935 2880 1170 2927 constiterant.
1207 2882 1315 2919 Gun-

262 2937 386 2975 therus
415 2934 583 2983 Ligurini
603 2933 663 2970 lib.
683 2943 756 2969 vn.

320 2993 472 3036 Totaque
493 2983 638 3022 Romani
658 2995 751 3019 nunc
771 2980 933 3018 maxima
952 2980 1048 3017 curia
1071 2979 1150 3015 clm·

318 3045 363 3076 Te
383 3036 482 3074 velut
500 3035 670 3073 eximium
689 3046 797 3083 regem
815 3032 1063 3082 dominumque
1074 3030 1252 3079 salutant.

269 3090 327 3128 Sic
352 3091 390 3127 &
418 3089 501 3126 infr.
522 3087 585 3125 lib.
605 3097 684 3123 xxv.
708 3096 790 3133 137.
817 3095 862 3120 ex
882 3083 992 3120 MSS.

317 3143 414 3190 Qeot
435 3138 600 3176 haberent
622 3146 754 3186 corpora
770 3133 904 3185 pulvis.

268 3191 373 3230 Silius
390 3192 484 3235 libro
506 3201 621 3229 xvm.
646 3200 732 3238 5¹4·

718 3257 819 3266 —
848 3234 1030 3274 Hannibal
1047 3247 1138 3272 unus

320 3298 416 3331 Dum
435 3292 553 3341 restet,
579 3304 649 3330 non
661 3289 695 3342 fi
711 3289 823 3329 muris
840 3287 1070 3337 Carthaginis
1088 3285 1178 3338 ignis

2151 986 2398 1048 Pondere

1400 1134 1578 1174 subdatur
1593 1164 1603 1180 ‚
1631 1133 1779 1187 caesique
1800 1137 1932 1177 cadant
1953 1137 2123 1178 exercitus
2140 1138 2276 1186 omnis,

1402 1189 1599 1236 Profec‘lfum
1628 1187 1671 1235 est
1695 1189 1805 1228 Latio.

1349 1234 1405 1274 Ita
1422 1237 1548 1279 scribe.
1574 1239 1672 1289 apud
1695 1240 1898 1280 Horatium
1916 1241 1978 1281 lib.
2000 1254 2028 1281 1.
2055 1242 2169 1293 Epist.
2190 1254 2272 1282 xvt.

1402 1290 1597 1336 Jaflamus
1612 1291 1826 1342 jampridem
1844 1293 1957 1331 omnis
1977 1303 2011 1332 te
2027 1299 2140 1333 Roma
2157 1292 2309 1333 beatum.

1350 1338 1394 1379 111
1418 1341 1512 1381 Odis
1533 1354 1587 1382 ιν.
1606 1355 1654 1380 11.
1678 1355 1738 1391 49.

1580 1398 1618 1432 Ῑο·
1640 1395 1838 1447 triumphe,

1401 1452 1491 1505 Non
1500 1445 1610 1496 semel
1628 1445 1781 1504 d{cemus
1801 1476 1812 1494 ,
1842 1451 1878 1486 16
1898 1447 2103 1500 triumphe,'

1404 1505 1549 1536 Ctvttas
1570 1511 1695 1537 omnes.

1353 1550 1402 1590 Et
1425 1549 1548 1601 Epod.
1566 1562 1650 1588 xvr.

1610 1614 1730 1638 eamus
1749 1601 1862 1641 omnis
1877 1602 2018 1642 civitas.

1355 1653 1538 1704 Epiceclio
1559 1653 1669 1691 Drusi
1687 1681 1696 1695 .

1411 1705 1552 1743 Funeris
1568 1705 1719 1753 exequiis
1734 1704 1902 1754 adsumus
1920 1704 2033 1744 omnis
2053 1717 2164 1758 eques.

1357 1757 1567 1795 Hmusxus.
1620 1756 1708 1794 Vid.
1731 1757 1777 1794 ad
1797 1757 1858 1795 lib.
1882 1769 1916 1794 v.
1939 1768 2024 1807 343.

1409 1808 1494 1855 428.
1523 1813 1724 1845 Tantumne
1746 1807 1876 1859 aliquis
1883 1806 1954 1857 fibi
1967 1806 2052 1858 posse
2070 1806 2259 1859 videtur.]
2316 1812 2412 1847 Tan&

1357 1869 1436 1898 tum
1456 1872 1497 1896 ne
1509 1856 1578 1908 fibi
1599 1859 1676 1909 quis
1690 1858 1774 1909 poffe
1795 1871 1890 1898 unus
1912 1860 2065 1898 Moreti.
2093 1858 2258 1899 venuste.
2294 1858 2411 1900 lnam.

1408 1921 1494 1960 430.
1521 1909 1802 1967 Juvenescere.]
1852 1910 2064 1961 Revirescere
2093 1910 2183 1951 alter
2205 1911 2412 1962 Hamburg.

1360 1963 1400 2002 &
1420 1973 1514 2001 unus
1539 1960 1679 1998 Medic.
1700 1961 1762 1998 lib.
1780 1972 1854 1998 vn.
1873 1963 1958 2010 306.

1360 2018 1507 2051 ffi'vArte
1518 2011 1628 2061 suum
1642 2011 1750 2060 parili
1767 2011 1968 2061 revirescere
1985 2012 2069 2063 poffe
2083 2021 2277 2063 parentem.

1364 2065 1439 2104 Ubi
1459 2072 1587 2102 tamen
1607 2062 1824 2100 vetustiores
1847 2063 1979 2108 multi,
2002 2065 2235 2114 juvenescere.
2262 2064 2379 2103 IDEM.

1413 2127 1500 2166 432.
1529 2122 1591 2153 Vos
1613 2112 1760 2163 etiam]
1817 2113 1926 2151 Ordo
1949 2114 2020 2159 est,
2046 2115 2134 2154 Fata
2154 2124 2288 2165 regunt
2305 2117 2414 2155 etiam

1361 2180 1430 2207 vos
1452 2168 1490 2205 δε
1519 2178 1582 2204 me
1603 2176 1757 2216 quoque
1772 2192 1782 2209 ,
1819 2172 1860 2203 ut
1893 2164 1970 2203 hoc
1989 2165 2121 2204 animo
2147 2167 2305 2205 meliore
2327 2167 2419 2217 feraf

1363 2221 1420 2258 tis.
1454 2219 1625 2256 Remos.
1677 2216 1805 2254 Altera
1828 2215 1942 2254 leerio
1975 2217 2110 2256 melior
2140 2218 2317 2262 videtur,
2345 2223 2419 2268 quai
2468 2243 2476 2267 ¹.

1361 2271 1517 2320 legitur,
1544 2268 1678 2326 quosque
1696 2267 1757 2304 hoc
1773 2266 1893 2304 animo
1910 2267 2049 2306 meliore
2059 2269 2201 2315 feratis.
2253 2270 2326 2308 Pro
2342 2277 2419 2315 ‚ut-

1362 2335 1428 2372 que
1456 2321 1517 2358 hoc
1548 2332 1667 2357 ammo
1689 2317 1769 2356 mel.
1798 2321 1870 2366 fer.
1909 2320 1981 2357 &C.
2037 2320 2144 2369 Quid
2163 2321 2265 2358 enim
2287 2318 2421 2359 attin&

1363 2374 1425 2412 bat
1446 2371 1605 2410 eandem
1635 2369 1850 2420 particulam
1883 2371 2074 2418 geminare
2100 2371 2201 2409 nulla
2230 2371 2421 2409 necessita-⁴

1364 2432 1404 2462 te
1434 2451 1444 2468 ‚
1481 2425 1520 2461 δε
1548 2430 1677 2461 contra
1706 2421 1907 2470 puritatem
1942 2420 2158 2461 sermonis?
2187 2423 2416 2462 chruus·
2476 2414 2483 2465 ζ

1366 2473 1569 2514 Terentius
1590 2475 1628 2512 in
1654 2473 1862 2510 Eunucho:

1421 2532 1476 2564 Ne
1495 2525 1578 2573 istuc
1597 2535 1674 2562 tam
1697 2523 1817 2573 iniquo
1833 2522 1971 2574 patiare
1989 2523 2123 2564 animo.

1368 2577 1476 2617 idem
1505 2578 1543 2615 in
1566 2577 1720 2615 Phorm.

1418 2628 1524 2678 §Quod
1537 2629 1616 2673 fors
1631 2628 1726 2675 feret
1739 2654 1749 2671 ‚
1769 2627 1926 2672 feremus
1944 2639 2052 2677 aequo
2070 2625 2202 2664 animo.

1366 2680 1427 2719 M.
1458 2679 1606 2717 Tullius
1631 2679 1693 2716 lib.
1722 2689 1757 2714 v.
1775 2677 1877 2716 Fam.
1918 2678 2025 2726 §Quod
2049 2691 2103 2726 ego
2123 2676 2200 2726 five
2220 2691 2326 2729 aequo
2343 2674 2419 2714 am'-
2478 2675 2483 2708 'i

1369 2744 1423 2768 mo
1445 2732 1522 2776 sero
1544 2755 1556 2771 ‚
1588 2727 1668 2777 five
1698 2727 1817 2777 iniquo
1837 2743 1848 2764 .·
1878 2738 1918 2764 tu
1947 2728 1988 2764 de
2018 2740 2064 2765 Hs
2096 2739 2234 2765 centum
2270 2728 2421 2767 millibus
2481 2750 2483 2760 ι

1369 2793 1477 2830 aequo
1509 2778 1629 2815 animo
1653 2780 1749 2824 ferre
1776 2777 1898 2819 debes,
1935 2780 2010 2815 ἃς.
2052 2778 2155 2817 Idem
2177 2781 2238 2818 lib.
2260 2792 2306 2818 11.
2327 2776 2422 2817 Tus·
2480 2778 2483 2811 ἰ

1494 2830 1599 2878 Qod
1626 2829 1653 2865 ii
1678 2832 1802 2875 ferunt
1835 2828 1955 2864 animo
1975 2829 2117 2880 iniquo,
2147 2831 2208 2881 qui
2229 2830 2326 2867 certis
2345 2828 2423 2880 qui-
2480 2847 2483 2859 ε

1370 2881 1519 2928 busdam
1560 2879 1806 2928 destinatisque
1829 2880 2039 2926 sententiis,
2078 2882 2152 2919 &c.
2208 2882 2422 2918 CxofANUS.
2480 2884 2483 2897 *

1370 2833 1442 2870 cul.

1378 2931 1582 3020 1Grc>{riovio
1626 2932 1688 2970 hic
1727 2929 1847 2968 versus
1875 2931 2067 2971 videbatur
2105 2932 2241 2982 spurius
2283 2931 2322 2968 &
2358 2930 2424 2967 de-

1393 2996 1451 3021 en<
1469 2994 1520 3020 ue.

1426 3045 1512 3082 433.
1541 3038 1601 3068 Me
1620 3045 1752 3084 quoque
1771 3035 1859 3080 fata
1881 3033 2043 3083 regunt]
2097 3033 2238 3071 Eorum
2264 3031 2424 3080 sequitur

1370 3086 1594 3132 opinionem
1624 3084 1809 3127 Ovidius,
1846 3087 1908 3134 qui
1943 3086 2080 3131 Jovem
2122 3083 2201 3120 Fati
2225 3080 2424 3120 necessitati

1371 3134 1578 3185 subjectum
1602 3134 1673 3172 effe
1702 3135 1966 3174 existimarunt.
2019 3135 2186 3184 Juppiter
2216 3133 2312 3183 apud
2341 3133 2424 3170 Ho-

1379 3198 1527 3224 merum
1547 3185 1609 3223 lib.
1637 3186 1739 3224 Iliad.
1758 3190 1806 3225 Π.
1827 3198 1914 3236 433.

1421 3234 1478 3273 Ω.τ
1486 3249 1541 3281 μοι
1562 3236 1664 3282 ἐγῖῦν
1676 3265 1688 3283 ,
1716 3237 1776 3273 ἴτε
1787 3251 1844 3281 μοι
1862 3236 2073 3281 Σαρπηδόνα
2090 3235 2281 3284 Φίλα-κτον
2297 3231 2427 3280 εἰνΣρῶν

1421 3288 1530 3334 Μοῖρ’
1546 3285 1616 3326 ὑπὸ
1641 3290 1868 3335 Πατρόκλοιο
1891 3289 2135 3328 Μενοιτιάδαο
2154 3286 2318 3335 δαμῆναι.
2419 3329 2428 3338 .

2362 3339 2428 3370 Heu

2450 1054 2454 1114 'l
2475 1102 2483 1130 ἐ
