2483 3616
714 159 774 215 P.
849 142 1263 211 OVIDII
1334 137 1864 198 NASONIS

552 273 890 331 Prodiderat.
931 266 1098 322 tristes
1125 268 1406 335 penetrant
1429 256 1498 310 ad
1526 255 1724 311 viscera
1749 255 1941 311 morbi.

547 350 694 404 Ante
719 346 889 401 sacros
914 340 1024 398 vidi
1047 332 1281 411 projesta
1308 330 1567 385 cadavera
1590 329 1791 401 postes:

551 423 699 476 Ante
724 419 879 491 ipsas,
918 431 1027 488 quo
1053 427 1198 466 mors
1222 406 1366 461 foret
1390 401 1730 468 invidiosior,
1769 419 1895 456 aras.

548 494 676 549 Pars
702 492 931 546 animam
951 489 1144 559 laqueo
1170 476 1457 538 claudunt3
1497 474 1792 547 mortisque
1816 475 2069 530 timorem

409 575 509 637 6ος
548 567 735 622 Morte
762 563 974 635 fugant:
1015 560 1266 626 ultroque
1289 560 1486 604 vocant
1510 547 1779 601 venientia
1804 547 1925 603 fata.

551 639 798 710 Corpora
828 633 974 689 missa
1000 631 1121 687 neci
1151 624 1304 682 nuliis
1329 622 1398 677 de
1427 636 1579 675 more
1603 618 1849 674 feruntur

553 709 876 766 Funeribus:
916 724 1094 780 neque
1119 700 1263 756 enim
1288 693 1565 768 capiebant
1592 692 1782 748 funera
1804 703 2009 774 portae.

561 786 673 838 Aut
699 783 970 836 inhumata
996 785 1247 851 premunt
1271 784 1463 825 terras:
1503 779 1593 820 aut
1619 765 1812 820 dantur
1834 782 1891 819 1n
1915 765 2047 820 altos

555 856 798 911 Indotata
822 869 999 923 rogos
1041 848 1226 918 &jam
1253 840 1554 900 reverentia
1583 839 1722 921 nulla
1750 837 1852 893 est:

412 937 511 985 610
549 930 745 1001 Deque
771 925 916 998 rogis
940 934 1205 998 pugnant:
1248 915 1532 988 alienisque
1556 911 1767 986 ignibus
1790 910 1996 966 ardent.

267 1153 346 1200 ipso
367 1151 510 1191 Ovidio
526 1179 536 1197 ‚
563 1158 644 1190 tum
677 1160 721 1187 ex
743 1147 857 1186 Livio
879 1152 989 1195 patet.
1025 1141 1207 1194 Virg.1ib.
1235 1152 1318 1182 111.

273 1206 375 1243 Geor
403 1234 411 1242 .

320 1217 462 1293 Acgvt'x
475 1251 634 1304 suppositi
654 1252 839 1300 tinguntur
851 1247 1019 1297 sanguine
1040 1245 1156 1285 cultri.

272 1306 408 1346 Seneca
432 1307 469 1344 in
489 1305 628 1354 Oedipi
651 1304 766 1341 choro
789 1301 846 1344 fis.
881 1311 963 1349 135·

321 1365 422 1404 Colla
442 1367 599 1403 tacturus
612 1362 757 1411 steterat
778 1362 937 1400 Sacerdos
950 1390 961 1408 ‚

317 1423 417 1455 Dum
437 1430 564 1455 manus
584 1425 715 1452 certum
728 1423 835 1463 parat
856 1412 933 1450 alta
953 1411 1112 1457 vulnus,

320 1474 438 1507 Aureo
459 1473 594 1505 Taurus
614 1465 788 1503 rutilante
810 1477 913 1501 cornu

323 1519 473 1556 Labitur
489 1517 623 1567 [egnis3
649 1516 768 1566 patuit
785 1515 852 1564 sub
871 1516 943 1553 istu

325 1570 487 1607 Ponderis
505 1568 596 1615 vasti
613 1567 760 1616 resoluta
780 1566 920 1603 cervix.-

324 1627 396 1658 Noc
417 1634 515 1657 cruor
523 1621 665 1666 serrum
689 1617 908 1662 maculavit,
936 1627 1018 1655 atra

325 1672 444 1721 Turpis
459 1672 476 1708 ἓ
494 1670 595 1720 plaga
611 1670 726 1717 sanies
739 1669 878 1719 profusa
903 1669 956 1716 est.
1012 1669 1181 1707 C10FAN.

277 1734 414 1784 Tinguit
429 1736 576 1784 plurimi
595 1734 724 1783 scripti.

327 1799 411 1837 600.
440 1799 542 1837 Fibra
572 1812 703 1850 quoque
734 1811 835 1847 aegra
857 1807 956 1834 notas
984 1797 1060 1835 veri
1076 1795 1318 1848 perdiderat.]

276 1850 482 1887 Prodiderat
501 1850 677 1888 secundus
693 1849 803 1887 Palat.
823 1850 860 1886 ὅ(
883 1848 1021 1897 septem
1043 1850 1102 1887 alii
1128 1861 1214 1886 cum
1238 1848 1321 1886 No-

276 1902 366 1939 rico.
395 1902 540 1939 Htms.
592 1900 725 1938 Probat
744 1901 890 1938 Gruter.
912 1900 958 1939 ad
981 1901 1066 1939 Liv.
1081 1912 1182 1950 1.13.
1206 1898 1322 1950 perdi-

277 1952 403 1988 derant
424 1954 535 1990 etiam
555 1951 737 1989 nonnulli.

328 2003 413 2049 604.
442 2009 529 2039 Pars
558 2002 718 2039 animam
746 2001 865 2051 laqueo
895 2001 1108 2052 claudum]
1164 2002 1226 2040 De
1245 2002 1321 2040 hoc

279 2052 396 2103 supra.
424 2053 591 2089 ConAN.

328 2105 413 2151 605.
442 2103 602 2154 Ultroque
621 2113 749 2140 vocant
761 2103 940 2141 venientia
951 2104 1073 2154 fata.]
1099 2103 1324 2141 Vehementia

276 2166 369 2192 unus
388 2154 542 2202 Argent.
562 2166 606 2191 an
619 2182 630 2200 ,
659 2155 863 2193 renuentia?
897 2154 945 2193 fic
962 2183 972 2198 ,
998 2165 1160 2192 renuente
1179 2155 1237 2192 deo
1255 2154 1324 2191 ali-

278 2206 364 2256 quid
376 2207 491 2252 facere
514 2205 609 2253 apud
627 2206 858 2254 Propertium
881 2207 919 2243 &
941 2206 1166 2243 Martialem.
1221 2205 1322 2243 Vide

279 2257 397 2294 Notas
416 2256 438 2294 1.
461 2270 512 2295 ix.
532 2256 589 2300 xis.
611 2257 693 2305 506.
723 2257 931 2295 Heinsius.
968 2256 1071 2295 Nihil
1098 2264 1213 2295 muta.
1232 2256 1323 2295 Fast.

278 2319 332 2345 vx.
403 2320 434 2355 ς.

332 2319 435 2394 birino
452 2359 503 2395 ait
518 2387 528 2403 ‚
557 2359 574 2395 ὂ
594 2368 694 2396 vates
707 2387 718 2403 ,
746 2358 924 2396 venientia
933 2359 1021 2406 fata
1041 2356 1185 2409 resigna.

282 2407 339 2445 Sic
367 2408 459 2445 Pers.
478 2409 591 2459 Satyr.
604 2422 663 2447 111.
683 2410 743 2457 64.

337 2459 490 2496 Venienti
508 2461 670 2497 occurrite
682 2460 807 2498 morbo.

285 2507 380 2562 Ποῖ.
402 2521 455 2546 tv.
478 2522 524 2546 11.
543 2511 788 2548 Venientibello
808 2516 1002 2557 occurreress
1016 2512 1115 2550 &ita
1129 2510 1328 2549 110131811-

287 2569 367 2594 rius
397 2570 559 2597 venturos
587 2562 664 2609 plus
692 2561 762 2599 effe
793 2575 905 2611 (1113111
927 2565 1097 2610 futuros,
1128 2562 1229 2613 quasi
1246 2563 1326 2613 jam

291 2606 413 2645 client.
439 2609 483 2647 ad
500 2622 565 2648 111.
584 2611 766 2660 AEn.158.
795 2613 1061 2653 Bunmnnus.
1190 2612 1191 2615 ¹

337 2670 421 2707 605.
449 2678 595 2721 Corpora
630 2674 725 2721 missa
760 2676 878 2723 omn]
910 2678 1110 2716 Cadavera.
1151 2679 1321 2716 Cxorm.

339 2721 422 2757 606.
454 2723 665 2772 Feruntur]
710 2724 812 2762 Idem
831 2726 986 2767 Terent.
1006 2730 1045 2766 in
1066 2729 1210 2768 Andria
1235 2729 1327 2767 dixit

291 2782 323 2810 1.
343 2783 372 2809 1.
399 2770 546 2819 effertur.
576 2772 690 2810 IDEM.

304 2873 309 2879 ῃ
336 2822 422 2866 607.
449 2822 675 2878 Funeribus]
716 2825 904 2873 Sepulcris.
940 2833 1080 2873 Funus,
1109 2838 1147 2866 ut
1174 2831 1224 2867 ait
1252 2828 1329 2866 Ae-

286 2873 355 2911 lius
379 2873 569 2916 Donatus,
598 2885 616 2910 a
639 2875 816 2912 funalibus
835 2876 974 2914 dietum
999 2879 1069 2915 est:
1099 2880 1136 2915 &
1160 2880 1205 2916 est
1223 2881 1328 2916 funus

286 2934 426 2972 pompa
453 2923 719 2972 exsequiarum.
769 2926 915 2962 Etenim
943 2927 1058 2964 noctu
1088 2928 1329 2965 efferebantur

286 2982 436 3022 propter
451 2973 632 3011 sacrorum
664 2975 949 3013 celebrationem
979 2977 1159 3014 diurnam.
1213 2978 1329 3014 IDEM.

289 3024 416 3062 Immo
431 3052 442 3069 ,
466 3024 643 3074 exsequiis.
675 3039 688 3063 1
706 3025 814 3063 Trist.
829 3026 963 3073 111.89.

339 3077 425 3121 607.
453 3081 572 3126 Neque
593 3076 684 3113 enim
706 3075 882 3125 capiebant
899 3078 1030 3123 funera
1039 3076 1194 3126 portae]
1223 3076 1332 3114 Anti-

290 3138 401 3176 quam
422 3130 538 3175 tangit
554 3127 855 3166 consuetudinem
879 3156 888 3172 ,
927 3140 1021 3176 quae
1044 3129 1133 3169 fuit,
1162 3136 1201 3165 ut
1230 3136 1329 3164 extra

291 3177 394 3214 urbes
417 3188 650 3216 mortuorum
670 3178 1078 3228 corporasepelirentur.
1105 3178 1201 3215 unde
1214 3177 1326 3225 efferre

293 3228 330 3262 8<
352 3228 486 3265 educere
521 3237 688 3267 mortuos
718 3230 882 3267 dicimus.
935 3230 1226 3266 CoNsTnNTiuS
1254 3228 1326 3264 FA-

292 3288 442 3318 NENsiS.
493 3279 555 3319 Ad
575 3281 675 3320 hunc
691 3281 818 3321 locum
838 3280 992 3331 respexit
1022 3280 1159 3320 Seneca
1180 3281 1218 3320 in
1244 3280 1325 3318 Oe·

2301 983 2410 1059 Qui
2480 1074 2482 1089 ι

1374 1135 1462 1186 dipo
1477 1148 1562 1185 129.
1590 1133 1653 1172 ubi
1674 1133 1841 1184 loquitur
1860 1132 1992 1170 chorus
2013 1143 2022 1169 ε
2050 1133 2098 1167 Et
2119 1129 2243 1168 turbae
2263 1132 2412 1172 tumulos
2480 1140 2481 1144 ’

1370 1188 1501 1238 petenti
1531 1193 1610 1224 Non
1623 1185 1714 1233 satis
1734 1187 1862 1234 septem
1878 1193 2020 1234 patuere
2042 1190 2170 1231 portae.
2200 1182 2414 1223 Cromnos.

1377 1237 1508 1276 Nullae
1529 1237 1705 1286 capiebant
1719 1240 1850 1283 funera
1864 1244 1983 1285 portae
2000 1244 2092 1272 unus
2106 1232 2245 1272 Medic.
2274 1233 2362 1273 Vid.
2378 1235 2415 1274 δί
2480 1279 2483 1282 ,

1372 1290 1517 1337 Euang.
1539 1289 1665 1326 Lucae
1688 1299 1760 1326 vn.
1786 1299 1841 1324 12.

1428 1340 1514 1378 608.
1541 1345 1622 1377 Aut
1643 1338 1776 1375 dantur
1796 1338 1834 1375 in
1857 1336 1944 1374 altos
1965 1335 2130 1373 Indotata
2147 1335 2278 1393 rogos.]
2317 1335 2424 1384 Aut}

1375 1392 1521 1441 inquit,
1549 1390 1624 1428 fine
1645 1390 1721 1428 ullo
1746 1389 1948 1439 sepulturae
1976 1388 2123 1425 honore
2153 1399 2193 1425 1n
2215 1388 2316 1438 ignes
2334 1387 2417 1426 mit·
2481 1392 2483 1437 ζ

1374 1451 1512 1481 tuntur.
1541 1443 1638 1480 Nam
1651 1441 1826 1479 cadavera
1837 1438 1933 1490 apud
1950 1441 2123 1489 antiquos
2135 1449 2220 1476 cum
2235 1439 2302 1477 suis
2315 1450 2420 1479 orna-

1375 1494 1508 1532 mentis
1537 1492 1847 1531 comburebantur
1866 1519 1877 1537 ,
1903 1491 2031 1529 amicis
2063 1491 2102 1528 &
2129 1490 2307 1540 proximis
2338 1501 2419 1530 mu-
2480 1513 2483 1528 1

1375 1557 1461 1583 nera
1480 1544 1660 1593 quaedam
1674 1572 1684 1589 ,
1713 1556 1779 1582 ceu
1802 1543 1929 1581 dotem
1945 1570 1956 1587 ,
1975 1543 2013 1579 in
2043 1553 2176 1591 rogum
2197 1541 2427 1580 conferenti-³

2480 1533 2483 1575 l

1377 1595 1454 1634 bus.
1482 1597 1649 1633 Rmms.
1704 1594 1986 1651 uiuam-dotata
2002 1592 2091 1649 quia
2111 1593 2257 1641 proprie
2289 1593 2349 1631 hic
2375 1591 2420 1630 fi-
2479 1581 2483 1649 l

1373 1646 1550 1696 gnificet,
1577 1646 1708 1685 leetori
1728 1643 2006 1694 conjiciendum
2029 1643 2210 1693 relinquo.
2257 1641 2422 1692 Raphael
2480 1656 2483 1690 2

1378 1697 1524 1736 videtur
1554 1695 1754 1746 exposuisse
1782 1696 1820 1734 id
1862 1695 1936 1733 fine
1957 1695 2033 1733 ullo
2063 1694 2266 1743 sepulturae
2298 1694 2424 1731 hono·
2480 1701 2483 1716 ¹

1378 1759 1428 1787 re.
1478 1748 1571 1786 Illud
1603 1751 1693 1786 item
1713 1776 1725 1793 ‚
1763 1753 1882 1799 Deque
1903 1746 1988 1795 rogis
2003 1755 2185 1795 pugnant,
2211 1753 2335 1783 utrum
2354 1756 2423 1793 pu·
2479 1766 2483 1792 ³.

2480 1726 2483 1752 l

1375 1807 1490 1848 gnant
1507 1811 1573 1847 pro
1596 1801 1694 1849 rogis
1708 1827 1718 1844 ‚
1746 1800 1809 1849 qui
1829 1799 2031 1836 struxerant
2045 1824 2055 1841 ,
2083 1809 2129 1834 an
2159 1797 2223 1846 qui
2243 1807 2320 1833 non
2334 1793 2419 1834 ?sed
2480 1793 2483 1835 i

1377 1849 1423 1888 de
1444 1849 1605 1899 utrisque
1620 1850 1724 1900 loqui
1745 1849 1903 1888 videtur.
1958 1847 2062 1898 quod
2082 1856 2207 1885 autem
2229 1847 2339 1884 tertio
2359 1845 2423 1884 de-
2479 1881 2483 1897 1

1377 1900 1462 1939 inde
1488 1901 1648 1948 sequitur
1685 1902 1846 1938 carmine
1868 1927 1878 1944 ,
1908 1905 2150 1947 Natorumque
2171 1925 2181 1941 ‚
2215 1897 2421 1936 tollendum
2478 1906 2483 1950 j:

1375 1952 1484 1990 initio
1505 1952 1658 1990 alterum
1675 1965 1739 2001 que
1752 1980 1762 1995 ,
1776 1963 1861 1988 cum
1888 1959 2001 1987 mater
2014 1949 2174 1997 priorem
2195 1957 2324 1986 natura
2341 1956 2424 1996 pro-v

1380 2002 1500 2041 ducat.
1527 2003 1642 2040 rursus
1654 2004 1788 2052 quinto
1810 2001 1944 2039 deinde
1970 1999 2097 2042 verm,
2125 1998 2223 2036 reete
2250 1998 2429 2037 emenda·
2479 2005 2483 2020 ²

1377 2054 1432 2091 vit
1452 2054 1594 2091 versum
1615 2053 1801 2103 Raphae'l,
1832 2051 1887 2101 Jffe
1906 2049 1973 2098 sub
1994 2048 2175 2098 amplexus
2194 2049 2350 2099 Aeginae
2367 2053 2425 2086 A·
2478 2047 2483 2077 ὲ

1370 2104 1503 2154 ftpidos
1530 2104 1624 2143 olim.
1672 2103 1794 2153 Asopis
1815 2103 1913 2140 enim
1942 2101 2100 2150 primam
2127 2100 2266 2150 longat.
2320 2101 2426 2147 Grae,
2478 2122 2482 2146 ,«

1382 2168 1545 2194 REANUS.

1431 2208 1516 2244 610.
1542 2205 1752 2255 Pugnant.]
1783 2210 1931 2242 Certant
1948 2210 2018 2242 tres
2034 2201 2129 2241 libri.

1430 2258 1516 2296 610.
1545 2257 1749 2308 Alienisque
1788 2255 1924 2304 ignibus
1952 2252 2120 2303 ardent.]

1380 2320 1534 2396 (111οἓ110
1578 2309 1704 2346 locum
1743 2307 1898 2356 respexit
1937 2305 2039 2344 idem
2085 2306 2226 2344 Seneca
2266 2305 2422 2367 ibidemq

1415 2372 1441 2398 s.
1514 2389 1522 2397 .

1383 2360 1411 2403 ss
1436 2372 1525 2447 Tuin
1545 2410 1679 2459 propria
1692 2408 1854 2460 flammis
1873 2417 2006 2458 corpora
2026 2406 2151 2444 alienis
2169 2416 2338 2445 cremant.

1384 2463 1476 2510 Quo
1495 2462 1583 2499 loco
1607 2473 1692 2499 cum
1710 2461 1799 2498 alios
1823 2463 1973 2509 poem,
2002 2468 2084 2497 tum
2115 2459 2216 2496 hunc
2237 2458 2421 2503 nostrumj

2173 2252 2236 2292 Ad
2264 2253 2421 2293 eundem

1383 2521 1425 2550 ut
1446 2512 1563 2556 solet,
1598 2511 1825 2560 potissimum
1859 2511 2045 2553 imitatus,
2083 2509 2221 2558 pestem
2249 2508 2327 2547 satis
2346 2509 2421 2548 dili·

1378 2572 1509 2613 genter
1532 2564 1570 2601 &
1593 2561 1735 2600 erudite
1753 2560 1946 2611 descripsit.
1974 2560 2089 2598 Crof.

1432 2627 1518 2672 614.
1535 2632 1776 2674 Natorumque
1792 2634 2018 2673 matrumque
2029 2620 2199 2671 animae]
2217 2623 2334 2672 Lege,
2346 2623 2420 2660 Na*
2474 2629 2477 2661 i

1381 2686 1497 2713 torum
1523 2687 1770 2725 matrumque,
1798 2686 1844 2711 ne
1875 2674 2054 2712 claudicet
2088 2672 2207 2711 versus
2230 2686 2238 2710 ε
2268 2674 2326 2711 vel
2348 2701 2358 2717 ,
2382 2677 2419 2710 ut
2474 2682 2477 2726 j

1381 2727 1530 2776 quidam
1561 2726 1707 2763 codices
1751 2725 1887 2762 habent
1909 2753 1918 2769 ,
1959 2730 2202 2772 Natorumque
2229 2723 2418 2774 virumque.
2475 2731 2477 2762 i

1385 2779 1507 2815 Cous.
1531 2777 1701 2814 Feruens.
1731 2782 1905 2812 Natorum
1927 2785 2151 2825 matrumque
2184 2774 2259 2812 duo
2289 2782 2419 2812 veteres
2474 2798 2477 2814 2

1385 2829 1423 2866 δὲ
1444 2829 1624 2866 editiones
1644 2827 1854 2865 nonnullae.
1883 2826 2104 2875 Legendum
2120 2853 2130 2869 ,
2161 2831 2419 2862 Natarumma-
2475 2851 2476 2854 =

1384 2889 1567 2929 trumqtte,
1609 2879 1666 2915 vel
1696 2885 1939 2927 Natorumque
1958 2886 2183 2926 patrumque.
2223 2877 2418 2913 Hfimst.
2474 2891 2477 2911 ,ι

1384 2929 1494 2966 Forte
1510 2957 1518 2972 ‚
1550 2937 1725 2966 Natorum
1755 2941 1976 2978 nuruumque
2001 2927 2164 2969 animae,
2190 2927 2325 2964 namin
2346 2934 2416 2961 uno
2474 2945 2476 2967 3

1960 2988 2189 3027 natorumque
2225 2985 2415 3025 utrumque·
2474 3013 2476 3022 ,

1387 2980 1564 3016 Mediceo
1609 2981 1646 3015 ὅ(
1676 2980 1748 3016 alio
1796 2987 1871 3016 erat
1893 3006 1904 3024 ,

1385 3028 1642 3065 Bunmannus.

1437 3079 1521 3115 616.
1551 3079 1607 3126 Isse
1628 3077 1692 3126 sub
1711 3079 1889 3127 amplexus
1920 3078 2085 3128 Afhpidos
2109 3076 2311 3126 Aeginae.]
2365 3073 2421 3111 Sic
2474 3106 2475 3118 2

1385 3140 1453 3165 nos
1485 3129 1682 3177 legendum
1712 3130 1918 3176 putavimus
1939 3158 1949 3175 ‚
1984 3139 2094 3177 atque
2126 3127 2162 3164 id
2184 3140 2227 3164 ex
2248 3124 2421 3164 veteribus
2474 3124 2476 3148 ³

1927 3189 1967 3218 ut
1988 3177 2171 3216 dividatur
2217 3178 2348 3215 scilicet
2373 3174 2424 3211 di·
2474 3199 2475 3206 .

1380 3231 1589 3278 phthongus
1613 3257 1620 3271 ,
1643 3239 1681 3267 ut
1711 3231 1806 3278 apud
1836 3231 2028 3278 Virgilium
2052 3255 2062 3272 ‚
2104 3234 2260 3277 Neptuno
2281 3231 2420 3272 Aegaeo.
2458 3246 2462 3256 ‚

1384 3179 1598 3227 quibusdam
1625 3179 1840 3227 collegimus
1863 3209 1872 3224 ,

1382 3281 1570 3320 Nauem.
1584 3281 1659 3320 Hic
1673 3282 1789 3321 versus
1802 3280 1940 3330 aliquid
1950 3279 2029 3318 vitii
2043 3277 2256 3318 contraxisse
2271 3276 2421 3359 Videtmd

1786 3333 1791 3338 ‘
2322 3335 2392 3373 quo
