2483 3616
289 123 1525 209 METAMORPHOSEON
1597 153 1739 211 Lm.
1813 158 1885 213 X.
2066 179 2156 228 711

42 270 153 318 dium
175 267 371 327 experiri.
440 265 572 326 Cujus
592 265 740 309 nutrix
763 264 879 308 intra
904 264 1034 310 cubile
1051 270 1252 328 gementis
1274 273 1431 332 excepit
1462 285 1629 316 vocem:
1665 268 1719 320 δέ’
1734 272 1866 330 fignis
1899 277 2067 335 cognitis
2087 291 2157 322 ne-

28 334 174 397 fariae
194 333 342 378 mortis
357 362 373 390 ,
403 331 503 376 dum
538 325 556 352 ‘¹
574 328 814 389 diligentius
834 328 1091 389 scrutatur,
1126 334 1308 393 cauffam
1324 334 1472 396 poscit.
1540 339 1557 360 ‘³
1592 333 1814 394 Consolata
1837 351 1927 397 ergo
1942 341 2156 397 puellam,

37 396 52 424 f
74 399 111 444 ei
123 397 372 457 pollicetur,
395 393 446 453 se
466 391 709 452 effecturam
726 427 741 452 ,
777 403 826 437 ut
840 397 1017 453 parenti
1025 400 1119 456 stne
1143 399 1232 443 ulla
1252 398 1438 460 infamia
1445 399 1657 462 jungatur
1667 415 1682 445 .·
1717 403 1735 432 Β
1756 399 1871 459 cujus
1903 403 1978 446 illa
2002 407 2157 449 oratio-2

37 477 124 510 nem
143 464 187 506 in
213 459 456 520 promiffiim
479 466 639 516 tempus
673 457 834 518 differt.
903 457 919 483 ¹¹
955 463 1023 504 At
1045 476 1151 507 anus
1173 463 1239 507 die
1248 463 1443 524 sollemni
1464 467 1654 525 Cereris,
1689 479 1765 525 quo
1789 473 1926 510 mater
1958 466 2043 524 ejus
2065 480 2155 525 ope-

37 534 134 573 rata
161 526 190 569 ὰ
211 526 306 569 viro
327 521 591 583 secubabat‚
636 524 851 568 alumnam
886 529 1006 570 nollu
1040 522 1049 548 ¹'
1070 526 1236 572 deducit
1268 528 1330 573 ad
1349 531 1552 588 Cinyram
1576 549 1592 584 3
1633 529 1888 589 praedicans
1901 529 2050 590 forma
2076 532 2161 590 cjus

31 587 246 650 impulsam
284 585 300 612 Β
308 587 396 647 fibi
414 585 465 646 β’
496 587 654 632 credidi
688 604 747 633 e:
782 585 789 611 ¹
815 591 888 649 qui
928 591 1034 635 data
1067 592 1295 650 cupiditate
1332 598 1358 618 ¹¹¹
1382 595 1519 640 lumen
1553 593 1706 653 inferri
1728 594 1878 653 juffit,
1913 604 1961 638 ut
1980 594 2159 655 speciem

31 655 114 717 ey'us
137 663 276 699 notam
298 651 485 696 haberet.
520 656 539 676 ¹¹
561 655 823 713 cognitusque
833 654 960 712 filiae
973 664 1103 713 pater
1113 655 1362 716 stuprator,
1397 663 1560 704 coactus
1580 657 1637 718 est
1666 659 1851 717 pudore,
1876 658 1996 719 ferro
2009 660 2158 719 stric‘to

30 733 119 767 eam
141 716 310 778 inst’qui.
358 715 489 779 Quae
511 717 671 775 duplici
690 728 803 763 metu
825 721 979 764 territa
1003 722 1048 764 in
1058 721 1223 779 filvam
1246 723 1467 784 profugit:
1501 722 1637 784 ibique
1670 723 1951 784 misericordia
1980 723 2160 786 ejusdem

33 785 124 833 deae
143 784 187 828 in
207 782 396 827 arborem
411 813 426 838 ,
452 796 556 841 quae
578 781 665 840 ejus
689 798 830 831 nomen
852 784 1088 842 indicaret,

397 973 402 976 .
427 926 569 981 ditus
593 929 690 983 hac
717 929 803 982 ille
826 928 926 991 est,

1122 795 1292 831 mutata
1314 787 1387 847 est.

964 930 1085 1000 qui,
1125 930 1159 983 si
1186 930 1290 985 fine
1315 934 1464 1005 prole
1488 933 1691 998 fuisset,

439 999 580 1055 Inter
605 1001 784 1056 felices
811 1001 1033 1072 Cinyras
1060 1003 1307 1071 potuisset
1334 1006 1529 1061 haberi.

170 1091 273 1139 300
310 1073 444 1128 Dira
466 1090 665 1130 canam.
702 1086 858 1128 natae
884 1074 1073 1146 procul
1099 1074 1250 1139 hine,
1289 1080 1475 1149 procul
1503 1079 1608 1134 este
1637 1092 1904 1151 parentes:

29 1325 86 1417 {psi
113 1326 384 1415 consglabuntur.
412 1327 640 1366 MUNCKER.
667 1328 836 1376 consulta
857 1340 988 1367 omnes
1009 1341 1066 1368 re-

79 1389 145 1416 uae
160 1390 179 1415 e
209 1406 218 1415 .

2 1451 19 1468 -.
55 1389 92 1454 qf
110 1428 154 1465 Ei
169 1428 390 1478 pelliceum]
427 1429 566 1467 Nutrix
593 1429 630 1478 se
649 1429 844 1478 effefiuram
858 1431 1041 1480 pollicetur
1053 1460 1064 1478 ,

29 1488 67 1517 ut
75 1487 111 1528 p.
123 1480 158 1526 s.
179 1479 328 1526 infamia
349 1481 578 1528 conjungatur
606 1481 744 1519 Colon.

73 1535 92 1564 S
116 1530 227 1578 Cujus
242 1529 306 1566 illa
324 1531 551 1580 orationem]
582 1532 636 1569 Ita
656 1543 740 1569 cum
765 1532 847 1570 MS.
867 1534 977 1572 etiam
988 1534 1066 1571 Ve-

27 1586 99 1618 net.
117 1580 155 1616 &
177 1580 320 1630 Micyll.
339 1589 430 1629 puto
455 1589 581 1619 tamen
609 1582 836 1621 scribendum
852 1611 862 1626 ‚
890 1585 985 1633 cujus
1001 1584 1066 1621 illa

27 1629 220 1676 orationem.
257 1632 527 1670 Muucxfflus.
588 1633 684 1671 Puto
711 1633 883 1672 aberraffe
912 1647 1062 1683 operas:

2014 1196 2129 1251 Aut
2140 1236 2157 1261 ,

1121 1330 1344 1380 cupiditatem
1370 1331 1556 1381 speciatim
1575 1332 1671 1382 apud
1692 1332 1884 1370 Lutatium
1909 1343 2075 1372 amorem
2090 1333 2160 1373 effe

1120 1390 1360 1521 nogiumen
1381 1434 1543 1484 inferri.]
1565 1433 1712 1482 Adfhrri
1731 1434 1866 1473 Colon.
1887 1433 1997 1471 Male.
2026 1434 2158 1473 vid.ad

1120 1494 1154 1520 X.
1170 1542 1190 1560 ¹¹
1218 1492 1459 1586 {i'griiirissque
1481 1534 1497 1585 ]
1552 1536 1708 1585 Reliqua
1724 1536 1815 1573 haec
1835 1535 2050 1583 interpolata
2078 1534 2160 1573 sunt

1120 1585 1157 1622 in
1176 1585 1314 1623 Colon.
1352 1585 1567 1637 Cognitdque
1588 1586 1670 1633 filia
1692 1595 1789 1635 pater
1812 1586 1984 1635 stuprator
2002 1588 2158 1631 conaus,

1119 1647 1191 1674 effic.
1223 1636 1365 1687 insequi.
1417 1640 1518 1685 §Quae
1530 1639 1560 1685 j.
1583 1650 1629 1674 m.
1649 1637 1771 1673 territa
1788 1636 1825 1672 in
1846 1647 1975 1673 terram
1989 1635 2157 1673 Sabaeam

27 1691 108 1718 nam
126 1692 204 1718 non
223 1681 358 1726 video,
386 1683 475 1731 quid
504 1683 683 1721 correctio
711 1685 769 1722 illa
790 1683 810 1721 a
833 1693 937 1723 textu
958 1685 1062 1724 diffe-
1111 1687 1285 1735 profugit,
1313 1700 1385 1727 σε.
1404 1687 1581 1734 arborem,
1600 1700 1688 1738 quae
1715 1699 1818 1724 mura
1853 1699 1975 1724 nomen
2004 1686 2158 1733 haberet,

25 1737 86 1769 rat.
111 1731 205 1769 forte
217 1732 336 1770 voluit
348 1733 531 1777 ,oratione
548 1735 702 1772 Raencr.
729 1735 933 1784 Promissum
952 1736 991 1772 in
1008 1745 1062 1784 op-

21 1788 208 1830 portunum
245 1792 376 1832 tempus
402 1783 528 1832 diffirt.
556 1783 577 1822 a
599 1785 815 1822 Coloniensi
843 1794 922 1824 tota
940 1788 1063 1834 perio-

24 1830 87 1870 dus
104 1832 235 1871 aberat.
264 1833 412 1871 mallem
427 1862 438 1878 ,
465 1835 561 1883 cujus
589 1835 653 1871 illa
681 1835 832 1873 oratione
849 1850 1000 1874 amorem
1022 1837 1061 1874 in

17 1889 70 1931 pr.
89 1892 115 1921 t.
136 1883 262 1932 differt.
288 1883 370 1930 vel,
399 1894 544 1922 mortem
561 1885 690 1934 differt.

25 1933 98 2021 =Chl
117 1937 173 1970 At
191 1947 290 1973 anus.
310 1933 327 1984 ]
380 1935 449 1973 Die
463 1949 541 1985 ergo
554 1935 621 1985 sol.
639 1942 682 1974 C.
703 1951 738 1988 q.
762 1951 811 1975 m.
839 1951 865 1975 e.
896 1938 1061 1988 separata

62 1996 85 2021 o
101 1996 165 2021 on.

71 2033 81 2059 ἰ
109 2033 296 2083 Deducit]
326 2036 434 2073 Ducit
453 2037 591 2076 Colon.

68 2083 89 2110 k
116 2083 187 2120 sibi
198 2086 234 2129 se
252 2085 458 2135 credidisse]
487 2093 526 2124 Se
545 2090 777 2140 concredidisse
789 2091 872 2129 MS.
889 2091 1059 2128 MUch.

23 2134 236 2191 Praedicans
266 2134 539 2185 formofiffimam
564 2140 720 2188 puellam
747 2141 895 2190 (filiam
923 2141 1060 2188 tacens)

14 2184 133 2231 fhrma
167 2198 237 2242 ejus
260 2212 271 2229 ,
301 2197 372 2225 (9³6.
405 2189 556 2225 Raener.
600 2191 743 2229 Credere
763 2196 802 2241 se
840 2192 969 2235 alicui,
992 2189 1063 2229 effe

21 2245 175 2280 omnem
198 2247 237 2272 m
256 2236 291 2272 se
317 2236 531 2284 potestatem
552 2239 651 2278 alteri
674 2242 878 2281 concedere
892 2254 960 2287 ‚ex
987 2242 1061 2280 hoc

21 2284 107 2332 loco
121 2314 131 2331 ,
143 2294 184 2323 ut
203 2285 380 2334 singulare
398 2287 502 2336 quid,
515 2297 620 2328 notat
637 2292 756 2330 Barth.
777 2305 870 2331 v111.
890 2293 990 2330 Adv.
1003 2303 1059 2339 17.

24 2334 83 2375 sed
100 2337 179 2387 quis
198 2348 275 2373 non
296 2338 370 2374 hoc
385 2337 464 2386 jam
484 2338 658 2378 tradidit?
685 2343 731 2379 de
752 2344 793 2380 iis
810 2345 874 2393 qui
895 2343 929 2380 se
947 2343 1059 2380 hosti-

24 2384 86 2424 bus
115 2387 332 2436 permittunt
358 2388 433 2426 vicl.
455 2389 586 2427 Lamb.
614 2391 661 2427 ad
685 2393 819 2430 Horat.
849 2404 912 2430 111.
938 2393 1060 2440 Od.5.

25 2435 166 2476 Vitstor.
189 2437 233 2475 ad
253 2437 372 2475 Cicer.
394 2450 446 2476 1v.
462 2439 562 2476 Fam.
582 2451 616 2485 7.
644 2441 772 2477 credere
783 2444 821 2489 se
843 2441 973 2477 Medico
992 2453 1060 2479 nos

25 2487 180 2530 vidimus
216 2487 261 2525 ad
285 2489 440 2537 Quindt.
461 2489 568 2526 Decl.
589 2503 675 2527 vm.
702 2503 734 2539 3.
772 2491 905 2528 credere
922 2493 957 2540 se
975 2490 1059 2528 coelo

25 2535 126 2577 Decl.
146 2551 237 2576 xm.
256 2550 309 2585 17.
330 2540 436 2577 &ita
455 2539 592 2588 paffim.
619 2540 751 2579 BURM.

72 2602 81 2629 ¹
108 2603 182 2651 Qi
205 2603 334 2651 data]
375 2604 492 2642 Notat
518 2603 637 2641 Barth.
665 2617 755 2641 vm.
778 2605 876 2643 Adv.
899 2616 954 2651 ¹7·
980 2606 1063 2643 dare

26 2652 242 2703 cupiditatem
273 2652 343 2691 effe
373 2655 460 2692 huic
489 2654 650 2702 scriptori
676 2656 822 2700 satiare,
858 2657 896 2693 δε
922 2657 1062 2704 phrasin

32 2713 110 2742 eam
128 2704 199 2742 effe
216 2703 415 2752 percuffam
441 2716 518 2742 non
548 2705 681 2742 triviali
698 2715 861 2743 moneta.
914 2707 1036 2744 Immo
1051 2734 1062 2750 ,

26 2763 93 2792 nec
119 2755 260 2800 Gracc,
288 2767 358 2793 nec
379 2754 524 2793 Latine.
564 2755 768 2804 Scripserim
785 2783 794 2799 ,
814 2756 939 2804 fidam
972 2756 1063 2804 cupi-

29 2803 145 2843 ditate.
189 2807 290 2854 Supr.
312 2806 371 2843 lib.
391 2818 445 2843 1v.
466 2817 544 2853 cap.
569 2819 602 2854 ς.
647 2807 817 2855 Cupiens,
846 2818 885 2842 ut
908 2807 944 2843 in
963 2818 1062 2842 ante-

31 2853 147 2900 dietis,
180 2856 400 2905 cupiditatem
424 2856 565 2905 sedare,
599 2856 721 2893 >Festus
748 2858 914 2893 Avienus
936 2857 1062 2895 Descr.

33 2904 117 2943 Orb.
138 2906 245 2944 Terr.
267 2905 417 2954 Myrrha
441 2907 543 2952 furor
572 2906 747 2955 quondam
769 2912 978 2955 Memyreus.
1005 2919 1061 2944 re-

33 2952 138 2993 scribe
151 2984 161 3000 ,
181 2956 362 3004 Cinyreius
374 2970 385 2999 3
407 2956 451 2993 ad
469 2957 629 2994 eundem
655 2957 810 2994 modum
834 2965 936 2993 Heros
949 2958 1058 3005 Ciny-

31 3004 137 3050 reius,
166 3007 204 3043 δί
225 3006 382 3051 Juvenis
401 3005 581 3053 Cinyreius
603 3007 733 3044 dicitur
767 3007 910 3044 Adonis
934 3006 955 3043 {1
980 3008 1056 3045 Na·

31 3052 116 3092 sone
133 3055 193 3093 lib.
213 3069 247 3093 x.
269 3057 363 3093 Met.
384 3055 441 3097 ybs.
462 3067 545 3099 712.
564 3058 633 3101 &7
643 3068 700 3105 30.
732 3057 869 3094 Auson.
888 3058 1056 3106 Epitaph.

33 3102 120 3141 Her.
142 3116 200 3153 33.
227 3112 349 3142 Verum
368 3115 433 3141 aut
454 3107 677 3154 Persephonae
695 3106 876 3154 Cinynei'us
906 3107 980 3143 ibat
1002 3114 1057 3145 A·

35 3153 127 3190 donis
140 3182 149 3197 ,
170 3157 241 3194 &c.
261 3157 530 3193 Muucxnuus.
568 3157 713 3203 Expleta
736 3157 920 3203 cupiditate
939 3158 1057 3205 Marg.

34 3202 173 3252 Micyu.
201 3206 333 3255 expleta
359 3206 512 3256 cupidine
543 3205 680 3242 Colon.
702 3206 801 3242 idem
826 3207 986 3243 Barthius
1009 3218 1062 3244 ta-

37 3263 122 3290 men
150 3257 332 3303 tentabat,
359 3257 449 3294 data
470 3255 529 3305 sui
554 3255 706 3305 potestas.
727 3257 889 3294 &xx111.
911 3256 985 3294 Od.
1008 3268 1062 3295 11.

87 3308 176 3343 Tem.
204 3312 249 3344 II.

1117 1740 1280 1786 conversa
1305 1738 1359 1785 est.

1168 1800 1252 1848 298.
1281 1800 1407 1837 Editus
1427 1810 1469 1839 co·
1489 1799 1548 1837 ille
1567 1799 1653 1850 est.]
1691 1799 1844 1849 Cinyras
1867 1827 1877 1844 ‚
1905 1799 2157 1848 Pygmalionis

1116 1849 1223 1894 filius,
1236 1852 1429 1900 Myrrham
1450 1851 1597 1899 genuit,
1626 1862 1720 1899 quae
1733 1849 1915 1894 ,nefando
1934 1852 2040 1898 patris
2052 1862 2160 1888 amo-

1117 1913 1155 1938 re
1176 1910 1300 1950 capta,
1327 1903 1475 1940 nutricis
1497 1912 1608 1950 opera
1632 1912 1717 1938 cum
1739 1912 1786 1938 eo
1808 1899 1920 1937 inscio
1943 1901 2159 1946 concubuit,

1118 1951 1372 2002 Adonemque
1392 1954 1562 2000 concepit
1584 1965 1593 1989 ι
1632 1950 1736 2000 quod
1763 1962 1849 1988 cum
1880 1949 2074 1988 rescivisset
2093 1962 2160 1999 pa·-

1118 2011 1193 2047 ter‚
1221 2003 1341 2041 stricto
1362 2003 1444 2040 ense
1472 2002 1582 2040 filiam
1604 2002 1768 2050 persequi
1798 2002 1921 2049 coepit
1947 2014 1954 2038 :
1984 2002 2041 2038 illa
2065 2013 2156 2038 vero

1118 2054 1261 2101 fugiens
1279 2055 1317 2091 in
1337 2053 1511 2091 Arabiam
1533 2052 1646 2101 usque
1666 2052 1834 2100 pervenit
1848 2078 1858 2095 ‚
1886 2050 1947 2088 ubi
1964 2051 2078 2099 longo
2102 2063 2159 2089 er-

1118 2115 1200 2141 rore
1222 2103 1306 2141 feffa
1323 2132 1334 2149 ,
1362 2104 1517 2142 deorum
1534 2103 1767 2140 miseratione
1786 2101 1823 2138 in
1835 2100 2002 2137 arborem
2025 2102 2159 2138 suino-

1119 2155 1226 2192 minis
1249 2155 1319 2192 fuit
1339 2163 1489 2193 mutata.
1518 2155 1686 2191 Remus.
1715 2152 1839 2199 Lege,
1866 2150 1992 2186 Editus
2013 2150 2077 2187 hac
2098 2151 2158 2188 ille

1118 2205 1185 2251 est,
1214 2217 1262 2242 ne
1285 2206 1404 2244 versus
1432 2204 1654 2245 deturbetur.
1682 2202 1911 2240 CousTANT.
1938 2200 2150 2238 Fanrusxs.

1119 2256 1341 2304 Legendum
1364 2284 1375 2300 ‚
1411 2257 1536 2293 Editus
1561 2265 1667 2304 atque
1693 2253 1751 2290 ille
1777 2251 1819 2297 est
1839 2278 1858 2307 ³.
1892 2258 2040 2306 propter
2076 2263 2156 2288 car-

1118 2318 1220 2344 men.
1269 2308 1447 2344 Ceterum
1470 2306 1496 2344 fi
1519 2306 1672 2353 Cinyras
1694 2301 1943 2351 Pygmalionis
1969 2302 2039 2338 fuit
2065 2300 2159 2340 filius

1118 2368 1160 2394 ac
1181 2356 1298 2405 Paphi
1315 2358 1444 2400 frater,
1473 2355 1617 2393 videtur
1638 2355 1675 2390 in
1697 2353 1823 2401 Cypro
1850 2357 1974 2388 natus:
2005 2351 2094 2399 (ubi
2112 2352 2153 2389 &

1115 2407 1371 2455 Pygmalion)
1417 2418 1530 2454 quem
1563 2405 1736 2451 Cinyram
1773 2402 1996 2450 Cypriorum
2026 2413 2153 2458 regem

1116 2456 1266 2504 quidam
1299 2457 1467 2499 faciunt,
1506 2462 1547 2491 ut
1576 2452 1752 2500 Raphae'l.
1804 2452 2016 2499 Quomodo
2044 2454 2155 2500 igitur

1115 2505 1316 2542 Panchaica
1332 2505 1445 2541 Tellus
1465 2503 1654 2552 Myrrham
1669 2501 1815 2551 protulit
1836 2511 1851 2539 ἕ
1892 2501 1959 2540 nifi
1975 2503 2156 2551 intelliga-

1116 2567 1198 2593 mus
1216 2565 1355 2602 patrem
1381 2555 1558 2603 Cinyram
1589 2554 1688 2590 fratri
1707 2553 1833 2601 Papho
1862 2552 1976 2602 Cypri
1994 2553 2155 2601 imperio

1118 2603 1249 2642 ceffiffe
1280 2607 1318 2642 in
1348 2605 1566 2642 Panchaiam
1591 2631 1602 2649 ,
1641 2603 1702 2641 ubi
1731 2603 1924 2652 Myrrham
1955 2604 2157 2652 genuerit,

1117 2655 1220 2704 quod
1240 2655 1289 2692 est
1309 2654 1517 2692 verifimile.
1544 2666 1628 2691 nam
1656 2653 1719 2690 ubi
1744 2652 1766 2690 a
1785 2663 1886 2702 patre
1913 2653 2007 2691 filiae
2023 2655 2159 2703 nequi-

1117 2707 1167 2744 tia
1186 2706 1310 2744 rescita
1333 2705 1381 2742 est
1404 2733 1415 2750 ,
1442 2705 1566 2754 postea
1587 2716 1632 2742 ex
1657 2704 1835 2741 Panchaia
1855 2704 1893 2740 &
1912 2704 2077 2742 Arabum
2099 2717 2157 2742 re-

1116 2758 1252 2805 gione,
1279 2756 1399 2805 inquit
1426 2759 1539 2804 poeta
1563 2782 1574 2798 ,
1600 2755 1704 2792 venit
1731 2753 1888 2803 Myrrha
1918 2754 1957 2791 in
1988 2755 2157 2793 Sabaeos.

1115 2807 1215 2855 quafi
1239 2806 1366 2843 Sabaei
1396 2818 1472 2844 non
1505 2805 1573 2842 fint
1596 2804 1745 2842 Arabes.
1800 2804 1940 2842 Verum
1969 2805 2007 2843 in
2028 2806 2082 2842 his
2100 2806 2154 2841 fa-

1116 2857 1206 2894 bulis
1225 2856 1390 2893 exat‘tam
1410 2856 1653 2906 geographiae
1673 2867 1716 2893 ac
1739 2864 1953 2903 temporum
1971 2856 2152 2892 rationem

1116 2910 1261 2954 exigere
1292 2908 1400 2943 nimis
1431 2906 1561 2944 curiosi
1591 2906 1699 2944 fuerit
1736 2906 1898 2943 hominis
1922 2933 1933 2949 ‚
1985 2905 2094 2941 etiam
2123 2903 2150 2940 fi

1116 2957 1370 3000 διηπορηκένοιι
1389 2958 1468 3002 περὶ
1496 2957 1632 2998 ἑκά-τευ
1667 2955 1774 2992 αὐτὸν
1792 2954 1852 2992 οὐκ
1878 2955 2030 2999 amn-ew
2050 2953 2149 3007 ἔςίν,

1115 3017 1156 3045 ut
1176 3009 1224 3045 ait
1246 3007 1468 3045 Aristoteles.
1496 3008 1705 3044 GLAREAN.
1756 3006 1837 3052 Ego
1871 3015 1959 3040 vero
1980 3031 1990 3047 ,
2025 3002 2150 3057 Editus

1113 3071 1154 3094 ex
1172 3058 1230 3094 illo
1249 3058 1291 3105 est
1304 3086 1313 3102 ,
1341 3066 1402 3095 aut
1415 3057 1564 3102 ,Editus
1584 3057 1664 3092 hinc
1684 3055 1741 3092 ille
1759 3056 1800 3101 est
1813 3081 1823 3097 ‚
1850 3053 2044 3107 legendum
2069 3063 2149 3106 exi·

1113 3109 1219 3147 ssimo
1233 3135 1243 3152 ,
1263 3108 1383 3145 versus
1410 3106 1547 3150 cauffa,
1575 3115 1615 3142 ut
1634 3106 1786 3153 Cinyras
1813 3106 1825 3151 (
1844 3114 1951 3150 quem
1967 3101 2147 3156 falso-qui-

1118 3159 1201 3196 dam
1233 3164 1414 3205 Cynaram
1441 3157 1595 3193 scribunt
1616 3182 1626 3197 ,
1664 3154 1811 3201 quando
1837 3154 1872 3187 &
1902 3151 1996 3206 apud
2019 3150 2150 3188 Pinda-

1118 3220 1198 3244 rum
1222 3208 1257 3243 in
1282 3208 1454 3248 Nemeis,
1485 3208 1522 3242 8<
1543 3204 1636 3251 apud
1654 3205 1862 3239 Homerum
1888 3227 1898 3243 ,
1926 3206 2075 3248 Cinyras
2094 3200 2150 3238 di-

1120 3258 1235 3299 citur,
1265 3255 1339 3291 ἀπὸ
1362 3258 1423 3292 τοῦ
1443 3257 1624 3338 κινύρεειιἐξ
1643 3260 1682 3287 ut
1703 3261 1792 3296 puto
1810 3278 1821 3296 ‚
1848 3251 1950 3299 quod
1972 3252 2150 3339 conquessri

1635 3313 1656 3337 x
1669 3313 1691 3337 x
1702 3312 1725 3338 x
2130 3310 2149 3339 ἕ,
