2483 3616
245 153 1485 218 METAMORPHOSEON
1559 165 1701 223 LIB.

1777 169 1910 228 VIII.
2069 189 2171 243 549

329 263 534 322 Castra;
577 260 661 314 vel
685 271 884 313 aeratas
908 257 1043 313 hosti
1071 258 1348 313 recludere
1372 272 1575 332 portas:

326 335 429 391 Vel
456 334 491 387 fi
515 332 645 405 quid
678 329 863 401 Minos
889 331 1029 385 aliud
1055 333 1201 386 velit.
1239 346 1406 405 utque
1430 333 1645 390 sedebat

326 404 568 460 Candida
596 401 805 458 Diciaei
829 403 1063 476 specians
1090 405 1320 459 tentoria
1343 409 1517 478 regis;

321 478 548 540 Laeter,
586 477 685 540 ait,
725 475 1008 531 doleamne
1036 478 1149 549 geri
1179 478 1498 533 lacrimabile
1524 479 1751 545 bellum,

215 567 281 619 45
319 550 374 603 In
399 550 564 603 dubio
592 550 680 603 est.
719 549 880 603 doleo
909 552 1057 623 quod
1086 550 1270 605 Minos
1295 551 1454 605 hostis
1485 555 1681 607 amanti
1708 553 1794 608 est.

319 622 425 676 Sed
455 621 549 676 nifi
573 621 705 677 bella
730 622 939 685 forent,
979 624 1240 697 numquid
1267 623 1395 677 mihi
1422 626 1669 695 cognitus
1694 625 1853 681 ess'et?

320 693 419 748 Me
445 709 623 749 tamen
650 698 870 767 accepta
893 709 1099 767 poterat
1128 697 1402 769 deponere
1431 695 1628 752 bellum

320 766 548 823 Obside:
589 786 677 822 me
702 769 989 832 comitem,
1030 786 1117 822 me
1141 770 1282 841 pacis
1308 772 1496 842 pignus
1527 770 1736 827 habere.

322 839 403 903 Si,
443 857 580 913 quae
605 854 659 894 te
685 841 897 912 genuit,
937 841 1077 903 talis,
1114 843 1472 912 pulcherrime
1498 861 1675 899 rerum
1697 885 1713 909 ,

216 929 281 979 50
320 911 503 984 Qualis
530 932 584 967 es
606 914 742 986 ipse,
780 913 912 976 fuit;
954 913 1149 967 merito
1176 914 1323 969 Deus
1349 916 1467 969 arsit
1490 916 1545 970 in
1568 917 1667 971 illa.

321 989 374 1039 O
409 1004 511 1057 ego
536 1001 617 1041 ter
642 986 798 1049 felix,
835 986 871 1039 fi
901 986 1086 1057 pennis
1113 986 1245 1057 lapsa
1271 1005 1366 1058 per
1393 1006 1539 1043 auras

316 1056 566 1113 Gnosiaci
591 1058 782 1131 poffim
805 1058 980 1113 castris
1001 1057 1231 1113 insistere
1254 1061 1419 1131 regis:

318 1129 568 1203 Fassaque
596 1150 710 1195 ine,
747 1131 1091 1204 flammasque
1119 1149 1286 1194 meaS‚
1325 1135 1430 1204 qua
1456 1132 1614 1198 dote,
1651 1152 1924 1207 rogarem,

315 1202 496 1258 Vellet
521 1205 651 1258 emi!
697 1219 901 1258 tantum
927 1204 1116 1276 patrias
1142 1221 1210 1258 ne
1235 1205 1479 1276 posceret
1506 1225 1667 1261 arces,

206 1290 271 1347 55
311 1276 446 1330 Nam
472 1290 689 1347 pereant
715 1278 891 1349 potius
917 1278 1119 1350 sperata
1147 1278 1369 1339 cubilia;
1411 1295 1571 1350 quam
1595 1279 1687 1334 siin

282 1351 290 1359 ‘
315 1348 628 1404 Proditione
656 1367 863 1422 potens,
902 1350 1141 1423 quamvis
1166 1350 1319 1422 saepe
1350 1351 1478 1405 utile
1505 1352 1644 1406 vinci

38 1549 161 1589 bellum
181 1551 343 1601 quinque
383 1551 528 1590 codices
541 1580 552 1598 ‚
591 1552 777 1590 dimittere.
816 1561 856 1592 ut
874 1551 970 1603 apud
994 1551 1071 1590 Sta-

39 1602 128 1640 tium
155 1602 270 1639 Theb.
282 1615 334 1639 vx.
350 1615 430 1651 514.
494 1602 497 1604 ’

89 1651 273 1701 Tisiphone,
299 1665 474 1704 quantum
489 1663 625 1704 poteras
648 1654 822 1692 dimittere
840 1654 994 1694 bellum?

37 1701 557 1750 ficNosterMet.x111.217.
686 1733 688 1735 >

0 1760 1 1777 ³
82 1758 152 1790 Rex
165 1752 264 1803 jubet
283 1755 405 1804 incepti
425 1769 545 1792 curam
567 1756 742 1793 dimittere
759 1755 850 1794 belli.

0 1827 1 1843 ¹
34 1813 143 1864 Apud
163 1816 334 1855 Senecam
363 1819 585 1863 Phoenissis,
617 1818 808 1866 infaustas,
836 1820 917 1868 ajo,
943 1819 1068 1857 dimit-

33 1865 92 1907 tite
104 1874 244 1915 pugnas.
273 1869 482 1906 Heinsius.
537 1870 668 1906 Poterit
686 1871 795 1907 etiam
820 1871 1068 1909 Vaticanus&

2 1926 3 1966 ξ
33 1914 157 1963 deceni
178 1918 251 1956 alii.
268 1919 341 1956 vid.
362 1920 420 1959 lib.
452 1932 480 1957 1.
503 1921 588 1969 679.
603 1923 639 1957 ὃς
661 1932 762 1957 mox.
785 1920 842 1963 ills.
863 1922 924 1969 63.
955 1922 1000 1959 de
1019 1923 1069 1968 τῷ

2 1972 3 2007 i
33 1964 204 2003 dimittere
241 1969 323 2006 vide
353 1971 398 2008 ad
427 1971 476 2008 lib
524 1982 554 2009 t.
577 1984 661 2015 209.
698 1970 820 2009 similis
850 1973 1003 2010 varietas
1032 1974 1069 2010 in

31 2015 184 2064 deponere
202 2019 239 2054 ὃς
261 2019 433 2057 dimittere
454 2021 501 2059 est
519 2022 579 2060 lib.
609 2035 637 2060 r.
671 2032 791 2059 rimor.
807 2034 859 2060 VI.
873 2035 930 2072 35.
952 2025 989 2060 ὅς
1013 2023 1070 2061 su-

2 2067 4 2094 l
32 2077 95 2114 pra
110 2065 172 2103 lib.
197 2079 249 2104 ιι.
269 2069 364 2106 Met.
386 2070 467 2118 865.
496 2074 532 2109 &
553 2073 644 2110 alibi.
700 2073 829 2110 BURM.

85 2125 144 2162 47.
172 2122 231 2152 Me
248 2130 379 2166 accepta
398 2119 541 2172 obfide]
572 2124 623 2161 Ira
645 2123 883 2161 Caesarlib.1.
916 2125 974 2161 De
993 2124 1066 2162 Bel.

4 2194 5 2199 ,
37 2164 133 2203 Gall.
159 2165 329 2222 Heli-retias
359 2168 384 2205 ὰ
408 2173 592 2219 majoribus
613 2175 687 2222 suis
707 2174 877 2220 institutos
907 2174 984 2223 esse,
1013 2175 1067 2212 uti

4 2239 5 2246 η
33 2213 155 2263 obsides
173 2227 337 2265 accipere,
365 2232 431 2256 non
456 2222 558 2267 dare,
586 2226 830 2271 consueverint.
889 2226 1064 2263 ldenilib.

5 2270 6 2279 ³
33 2277 104 2303 vu.
131 2268 317 2316 Progressus
346 2268 385 2305 in
417 2271 619 2321 Nitiobriges
653 2287 696 2314 <9⁸
720 2275 867 2312 Gabalos
886 2277 930 2312 ab
962 2277 1066 2325 utris-

33 2329 96 2373 que
116 2314 239 2372 obfides
265 2318 385 2367 accipit
406 2348 416 2364 ,
444 2331 486 2359 ω’
515 2336 640 2371 magna
672 2328 784 2361 coatia
803 2340 911 2363 manu
935 2329 971 2363 in
987 2336 1066 2376 pro-

6 2389 7 2392 =
33 2368 189 2403 vinctam
208 2368 414 2406 Narbonam
434 2371 549 2419 versus
571 2375 774 2423 eruptionem
796 2379 902 2415 facere
928 2390 1066 2414 conten-
1112 2397 1113 2400 ¹

33 2415 94 2456 dit.
122 2418 175 2454 M·
200 2417 345 2457 Tullius
362 2420 420 2458 lib.
452 2433 506 2458 IV.
529 2423 572 2459 ad
600 2429 671 2462 ¹Mt.
700 2423 876 2472 Obfidibus
897 2431 1066 2477 acceptis,

36 2465 133 2506 nulla
148 2468 301 2516 praeda,
330 2472 402 2509 &c.
432 2472 599 2510 CioFAN.

540 2528 543 2547 Ι
674 2523 683 2535 ἱ

32 2524 226 2606 reliaffi
247 2521 647 2622 Ziiss'ss'dssssdeffifffs‘i'f
670 2526 1067 2629 {afflgfflffbssss}

8 2627 9 2634 ³
32 2616 166 2656 obfides
184 2618 246 2657 fibi
265 2621 338 2658 dari
364 2623 546 2662 volebant.
599 2625 720 2674 Hujus
737 2628 787 2663 rei
807 2627 902 2665 hanc
913 2627 1066 2666 caussam

34 2665 147 2706 scribit
165 2668 280 2709 Corn.
301 2671 454 2711 Tacitus
475 2674 523 2711 lib
544 2688 611 2712 xn.
654 2676 727 2712 Ideo
747 2691 865 2724 regum
884 2677 1005 2727 obfides
1025 2680 1068 2716 li-

9 2734 10 2737 *
36 2715 122 2755 beros
143 2720 243 2765 dari,
271 2731 331 2766 ut,
361 2723 387 2763 6
420 2723 589 2770 domestici
615 2726 748 2776 imperii
769 2728 925 2769 taedeat.
950 2729 995 2777 fit
1015 2744 1067 2766 re-

34 2769 150 2817 greffus
169 2770 216 2806 ad
233 2773 417 2822 principem
432 2804 439 2814 .
468 2784 664 2825 patresque,
685 2791 829 2827 quorum
854 2781 1002 2816 moribus
1013 2782 1068 2828 as-

10 2834 11 2852 z
28 2818 199 2867 suefaetus
215 2834 275 2858 rex
298 2825 416 2861 melior
433 2825 681 2874 adscisceretur.
702 2829 826 2875 Quam
845 2841 1066 2876 opinionem

36 2869 183 2914 probare
214 2880 322 2909 etiarn
369 2874 508 2912 Videtur
538 2877 666 2913 szius
695 2878 744 2912 lib
786 2869 906 2915 irxx1v
975 2886 1068 2916 Inter

36 2915 115 3001 {iaec
129 2918 247 3006 oIbsz'des
263 2926 410 2972 accepti,
437 2925 528 2962 inter
547 2940 627 2977 quos
649 2928 844 2964 Demetrius
855 2929 1003 2977 Philippi
1018 2929 1066 2976 fi—

50 2978 112 3006 ius.
159 2983 252 3009 DEM.

10 3057 12 3060 ,
87 3017 144 3061 48.
171 3024 214 3057 Et
234 3036 286 3059 me
298 3023 391 3072 pacis
408 3025 528 3073 pignus
547 3026 724 3076 haberet.]
757 3029 798 3065 In
820 3028 961 3066 duobus
976 3031 1066 3067 meis

38 3064 86 3121 ὄζ-
101 3067 244 3124 Caelest.
273 3080 332 3109 Me
350 3074 470 3123 pignus
487 3077 579 3123 pacis
601 3077 740 3114 haberet
755 3095 765 3115 .·
795 3080 925 3128 absque
945 3080 1067 3116 etsie

39 3122 149 3170 etiarn
166 3129 202 3155 m
223 3120 282 3158 lib.
301 3124 419 3161 Briau.
441 3126 477 3161 &
502 3127 637 3164 Aldino
652 3155 662 3171 ,
689 3129 749 3166 sed
770 3131 807 3166 in
825 3130 879 3166 his
892 3129 939 3166 est
949 3139 1069 3176 pignus

30 3171 149 3222 pacis..
164 3167 286 3217 Itaque
308 3185 387 3211 earn
412 3175 543 3223 sequor
562 3175 770 3222 scripturam
786 3190 903 3227 ‚quae
923 3190 965 3217 ω’
978 3190 1067 3215 con-

32 3214 263 3261 junctionem
282 3233 356 3259 non
374 3225 492 3263 habet.
523 3225 640 3262 IDEM.

85 3263 145 3312 48.
171 3269 268 3306 Pacis
290 3272 454 3325 pignus,]
510 3276 641 3315 Livius
658 3274 718 3315 lib.
737 3287 795 3314 xi.
824 3277 925 3314 Pacis
948 3278 1071 3326 pignus

1983 1427 2170 1484 Yifro-

1117 1552 1191 1599 fui.
1246 1554 1434 1603 Loquitur
1455 1553 1500 1591 de
1524 1553 1722 1593 Demetrio
1741 1554 1896 1603 Philippi
1919 1554 2007 1593 filio.
2052 1556 2170 1594 luem.

1128 1603 1432 1649 Malimffiabere.
1470 1605 1673 1643 HEINSIUS.
1726 1607 1773 1644 Et
1793 1607 1841 1643 ita
1863 1606 2170 1646 Francofurtcnfis

1127 1654 1258 1692 codex.

1178 1718 1237 1754 49.
1266 1705 1300 1742 Si
1321 1719 1408 1756 quae
1423 1716 1456 1743 te
1483 1707 1620 1755 peperit.
1641 1707 1656 1758 ]
1713 1707 1754 1744 In
1777 1707 1898 1744 Varie.
1919 1709 1957 1745 ἓξ
1984 1709 2098 1751 meis,
2138 1708 2172 1744 Si

1126 1770 1213 1806 quae
1230 1768 1262 1793 te
1280 1758 1410 1805 genuit.
1439 1757 1607 1795 CloFAN.
1664 1757 1831 1806 Plerique
1853 1759 1996 1795 codices
2010 1787 2019 1800 ‚
2037 1759 2173 1805 genuit,

1122 1808 1223 1855 quod
1251 1816 1458 1850 mutarunt,
1477 1809 1540 1856 qui
1563 1808 1608 1844 de
1632 1809 1771 1845 femina
1791 1808 1922 1845 rectius
1944 1811 2068 1858 peperit
2097 1809 2170 1846 dici

1124 1860 1323 1896 crederent.
1351 1868 1386 1896 at
1399 1859 1523 1895 Senec
1541 1859 1653 1896 Herc.
1676 1859 1763 1896 Oet.
1792 1871 1899 1907 1029.

1178 1909 1278 1957 Qid
1302 1908 1373 1946 tale
1394 1909 1493 1954 Juno
1510 1910 1642 1958 genuit.

1126 1959 1196 1997 Sed
1215 1962 1305 1998 haec
1327 1961 1448 1997 obvia.
1773 1990 1776 1992 .

1178 2023 1237 2059 50.
1266 2010 1499 2047 pulcherrime
1518 2009 1673 2059 regum]
1715 2017 1840 2047 Rerum
1861 2010 1990 2048 decem
2015 2019 2167 2050 veteres,

1126 2063 1285 2099 omnino
1307 2061 1447 2099 rectius.
1476 2070 1516 2099 ut
1534 2062 1614 2099 Art.
1634 2062 1722 2099 Ain.
1748 2074 1775 2098 1.
1797 2073 1879 2109 213.
1923 2110 1929 2115 .

1176 2117 1262 2160 Ergo
1282 2112 1346 2148 erit
1368 2111 1431 2148 illa
1456 2112 1524 2148 dies
1540 2141 1550 2156 ‚
1579 2125 1648 2161 qua
1673 2123 1713 2148 tu
1728 2140 1737 2156 ‚
1759 2111 1983 2160 pulcherrime
2000 2124 2114 2146 rerum
2127 2138 2138 2154 ,

1224 2165 1405 2210 Qattuor
1425 2163 1463 2199 in
1484 2164 1596 2199 niveis
1617 2177 1740 2199 aureus
1759 2162 1821 2199 ibis
1842 2161 1955 2211 equis;

1124 2213 1182 2250 Sic
1194 2213 1375 2260 fortiffime
1392 2227 1508 2249 rerum
1524 2242 1533 2257 ,
1563 2216 1599 2250 &
1622 2213 1761 2251 similia.
1791 2225 1880 2249 mox
1907 2211 1975 2259 ipsa
1987 2211 2167 2258 fuit‚non

1124 2265 1190 2313 ipse
1209 2265 1391 2302 meliores.
1422 2265 1625 2301 Heinsius.
1654 2265 1823 2313 Epist.iv.
1844 2275 1920 2310 τις.

1175 2321 1205 2351 Ο
1224 2315 1365 2351 utinam
1387 2317 1544 2352 nocitura
1568 2314 1632 2351 tibi
1646 2344 1656 2359 ,
1680 2314 1903 2363 pulcherrime
1919 2325 2033 2348 rerum
2048 2340 2059 2357 ,

1255 2371 1294 2402 In
1316 2367 1427 2403 medio
1447 2367 1523 2415 nisu
1542 2366 1671 2412 viscera
1689 2375 1788 2413 rupta
1806 2366 1930 2408 forent.

1175 2443 1231 2478 ςῐ.
1260 2437 1289 2467 Ο
1313 2445 1367 2480 ego
1396 2441 1448 2467 ter
1484 2430 1589 2478 felix.
1614 2429 1629 2478 ]
1684 2432 1803 2478 Qam
1838 2427 1929 2475 felix
1979 2428 2164 2467 nonnulli.

1122 2481 1323 2518 Hernsius.

1175 2544 1231 2580 52.
1262 2529 1444 2581 Infistere.]
1475 2530 1652 2581 Consistere
1674 2529 1864 2568 Mediceus
1885 2530 1921 2566 &
1944 2528 2004 2565 sex
2023 2529 2164 2566 aliien-

1115 2580 1227 2630 Jidere
1248 2595 1340 2620 unus
1368 2583 1466 2622 ssafii.

1177 2644 1234 2682 53.
1263 2636 1347 2681 Qua
1374 2633 1450 2670 dote
1480 2646 1630 2682 rogarem
1658 2632 1763 2669 Vellet
1788 2630 1864 2667 emi.
1887 2630 1902 2680 ]
1956 2631 2162 2680 Antiquam

1123 2686 1238 2732 tangit
1259 2684 1559 2722 consuetudinem
1576 2712 1585 2728 ,
1613 2696 1683 2732 qua
1710 2685 1762 2720 vir
1784 2685 1821 2720 ὃ(
1838 2693 1932 2719 uxor
1948 2682 2162 2721 seinvicem

1125 2734 1317 2778 emebant;
1347 2735 1435 2772 teste
1456 2735 1583 2772 Servio
1611 2735 1656 2771 ad
1683 2735 1781 2783 Virg.
1811 2744 1841 2770 1.
1862 2733 1998 2781 Georg.
2057 2739 2162 2787 leque

1114 2782 1182 2832 fibi
1196 2798 1359 2832 generum
1383 2785 1506 2833 Tethys
1537 2795 1630 2821 emat
1657 2785 1814 2821 omnibus
1834 2783 1946 2821 undis.
1984 2783 2158 2819 Bo'e'tliius

1122 2834 1159 2870 in
1183 2837 1341 2880 primum
1365 2834 1466 2882 Top.
1496 2834 1618 2870 Tribus
1634 2835 1741 2870 modis
1761 2847 1847 2870 uxor
1867 2833 2071 2873 habebatur,
2083 2831 2159 2884 usu,

1114 2884 1237 2928 farre,
1273 2884 1484 2931 coemptione,
1512 2884 1576 2930 fied
1603 2884 1825 2931 confarreatio
1843 2883 1925 2931 fiilis
1947 2879 2157 2933 pontificibus

1124 2932 1356 2969 conveniebat.
1384 2947 1471 2982 quae
1488 2945 1605 2970 autem
1627 2935 1666 2970 in
1685 2947 1830 2971 manum
1845 2942 1903 2980 per
1922 2935 2154 2974 coernptiomm

1124 2995 1292 3018 venerant
1306 3010 1315 3025 ,
1345 2981 1409 3018 hae
1426 2984 1712 3028 matresfamilias
1732 2982 1945 3035 vocabantur
1959 2995 1979 3033 ,ᾗ
1997 2990 2081 3025 quae
2092 2990 2153 3029 ‚w‘

1124 3046 1158 3067 ro
1177 3038 1239 3080 usu
1257 3032 1315 3068 vel
1326 3035 1425 3078 farre
1437 3061 1446 3077 ‚
1476 3034 1628 3070 minime.
1659 3033 1815 3081 coemptio
1843 3040 1945 3082 certis¹
1954 3028 2156 3080 s0l?77³7⁷¹⁶ff*³‘

1125 3081 1218 3118 tibus
1243 3082 1464 3130 peragebatur
1486 3111 1496 3126 ‚
1524 3095 1567 3123 <9⁴
1586 3084 1654 3131 sese
1679 3085 1716 3119 in
1744 3079 1914 3118 coemendo
1933 3088 2154 3130 mittem-'tn-

1125 3131 1351 3178 terrogabant.
1382 3134 1441 3168 vir
1464 3135 1515 3168 ita
1537 3161 1547 3176 ‚
1576 3139 1639 3168 An
1656 3131 1723 3180 fibi
1747 3130 1866 3165 mulier
1888 3128 2156 3180 materfamilias

1126 3180 1182 3226 effe
1202 3179 1318 3216 vellet.
1344 3181 1407 3216 illa
1427 3181 1661 3229 respondebat,
1692 3176 1927 3230 Velle3eadem
1954 3183 2078 3210 mulier
2100 3188 2156 3230 in·

1126 3229 1340 3274 terrogabat‚
1371 3236 1433 3265 An
1448 3230 1514 3277 sibi
1533 3231 1592 3265 vir
1619 3225 1870 3277 paterfamilias
1887 3225 1942 3272 effe
1962 3225 2076 3260 vellet.
2098 3225 2156 3262 ille

1127 3277 1341 3326 respondebat
1362 3304 1375 3324 ‚
1405 3278 1503 3317 Velle.
1538 3278 1656 3327 itaque
1683 3276 1805 3314 mulier
1836 3275 1907 3313 ‘viri
1935 3275 2157 3331 conveniebqt

2119 3339 2159 3364 m
