2483 3616
459 149 1697 212 METAMORPHOSEON
1768 155 1910 215 LIB.

1985 164 2128 223 XV.
2207 165 2346 234 1085

347 268 440 341 865
485 269 555 324 Et
581 289 704 326 cum
727 265 978 321 Caesarea
1006 281 1092 331 tu,
1129 268 1350 323 Phoebe
1375 269 1693 333 domestice,
1734 269 1918 336 Vesta,

486 344 702 413 Quique
732 352 879 393 tenes
905 342 1034 393 altus
1059 340 1316 410 Tarpeias
1336 341 1580 411 juppiter
1605 360 1788 406 a1·ce3‚¹

485 415 749 484 Quosque
776 412 901 465 alios
928 412 1033 464 vati
1058 412 1133 465 fas
1157 413 1417 482 adpellare
1447 415 1731 485 piumque;

487 487 667 538 Tarda
694 485 752 538 fit
778 485 860 538 illa
888 483 1030 546 dies,
1069 484 1122 537 ὃ(
1147 486 1325 537 noilro
1353 484 1513 537 serior
1541 504 1702 550 aevo,

481 559 606 629 Qua
633 572 788 627 caput
813 557 1143 628 Augustum,
1182 575 1342 630 quem
1366 570 1630 627 ,temperat
1648 603 1659 619 ,
1701 560 1830 614 orbe
1855 561 2039 620 relicto

344 632 444 698 870
483 631 727 684 Accedat
751 630 906 684 coelo
933 648 943 682 :
985 629 1265 702 faveatque
1290 628 1628 700 precantibus
1655 632 1849 687 absens.

551 703 777 773 Jamque
809 720 941 773 opus
966 703 1121 773 exegi
1146 721 1163 754 :.
1198 702 1346 774 quod
1376 720 1473 755 nec
1495 701 1642 771 Jovis
1667 703 1769 763 ira,
1810 722 1908 760 nec
1932 709 2135 780 ignes,.

489 776 608 829 Nec
634 778 834 847 poterit
861 775 1090 838 ferrum,
1128 792 1229 828 nee
1254 776 1392 828 edax
1416 774 1626 829 abolere
1654 778 1894 832 vetustas.

483 847 625 901 Cum
652 850 797 901 volet
825 848 906 900 illa
933 848 1073 906 dies,
1116 865 1252 919 quae
1278 847 1346 900 nil
1376 847 1467 900 nifi
1496 851 1735 920 corporis
1761 850 1911 920 hujus

482 919 576 989 Jus
603 920 786 983 habet,
822 920 1014 973 incerti
1042 920 1260 989 spatium
1290 920 1416 972 mihi
1447 920 1591 974 finiat
1619 922 1766 975 aevi:

348 996 443 1067 875
490 993 645 1046 Parte
670 1007 847 1046 tamen
873 992 1094 1045 meliore
1120 993 1226 1045 mei
1251 992 1403 1063 super
1431 993 1531 1045 alta
1559 995 1803 1060 perennis

486 1064 639 1119 Astra
662 1065 833 1119 ferar:
881 1082 1188 1137 nomenque
1215 1065 1315 1120 erit
1341 1064 1623 1120 indelebile
1647 1066 1901 1123 nostrum.

248 1356 333 1395 866.
360 1355 500 1406 §Quique
525 1365 620 1394 tenes.
642 1355 777 1405 altus.]
807 1356 918 1394 Altus
938 1357 1090 1406 quidem
1109 1359 1244 1406 legitur

196 1409 233 1446 in
256 1408 428 1446 omnibus
443 1436 452 1451 ,
479 1420 573 1455 qnae
596 1408 685 1445 mihi
704 1407 829 1445 videre
850 1409 1029 1457 contigit,
1056 1410 1238 1457 exempla·

196 1460 302 1496 ribus.
330 1459 398 1508 Sed
422 1459 542 1495 Latius
563 1460 674 1507 magis
696 1458 808 1496 sensui
830 1459 1043 1509 Poetaeque
1065 1460 1241 1497 eruditio-

195 1512 234 1547 ni
266 1510 467 1546 convenire
500 1509 653 1546 videtur.
704 1510 798 1546 Nam
834 1509 981 1546 Latialis
1011 1510 1174 1559 Juppiter
1201 1511 1239 1548 in

197 1560 384 1607 Capitolio
417 1559 615 1597 colebatur.
650 1561 820 1597 Remus.
859 1560 970 1597 Liber
991 1573 1119 1601 meus,
1149 1561 1241 1609 Qi-

197 1624 262 1659 qae
289 1621 377 1646 tenes
408 1609 520 1657 celsus.
559 1610 700 1658 Stupidi
731 1610 881 1659 qnidam
910 1611 1060 1658 legunt,
1099 1613 1239 1660 §Quique

197 1671 287 1697 tenes
308 1660 426 1698 alnus.
458 1660 626 1698 Cronia.
655 1661 770 1710 Celsus
790 1673 883 1700 unus
902 1661 1095 1701 Mediceus
1116 1663 1245 1701 Valer-

197 1710 295 1748 Flac.
316 1724 356 1748 ιι.
379 1722 462 1760 305.

428 1805 520 1851 Jam
541 1816 574 1843 te
592 1806 654 1843 ciet
672 1806 767 1845 altus
785 1807 829 1844 ab
848 1807 947 1846 Alba

247 1855 420 1904 Juppiter.

197 1906 328 1944 Noster
350 1919 399 1943 v1.
424 1906 511 1944 Fast.
530 1908 609 1944 188.

246 1957 407 2002 Defenfhr
423 1957 498 2002 solii
515 1985 522 2000 ‚
550 1959 714 2008 Juppiter
733 1959 825 2005 alte,
855 1960 921 1998 tui.

199 2006 238 2044 δε
260 2005 341 2042 alibi
362 2006 476 2054 saepe.

247 2094 332 2132 868.
358 2097 474 2132 Tarda
490 2095 534 2146 fit
553 2098 616 2135 illa
639 2097 745 2148 dies.]
776 2101 864 2138 Hoc
885 2101 957 2148 est,
984 2103 1087 2152 quod
1108 2104 1159 2143 ait
1177 2104 1238 2143 lib.

192 2156 240 2184 Π.
262 2146 462 2184 Tristium:

247 2223 379 2269 Optavi
396 2232 520 2272 peteres
540 2224 688 2271 caelestia
701 2224 814 2274 sidera
835 2227 955 2271 tarde,

193 2321 227 2359 C
295 2278 451 2324 Parsque
466 2276 522 2318 sui
542 2275 663 2312 turbae
684 2285 802 2325 parva
818 2278 991 2328 precantis
1008 2279 1111 2319 idem.

229 2334 364 2361 rofam.

244 2397 328 2434 868.
358 2402 401 2434 Et
423 2399 527 2445 nostro
541 2401 649 2448 firior
668 2403 792 2453 aeva]
822 2405 970 2442 Tardior
989 2407 1233 2455 prim-Vatic.

191 2452 273 2485 tert.
290 2457 404 2497 quart.
428 2452 566 2488 Medic.
587 2454 715 2491 Oxon.
735 2455 794 2493 alii
816 2466 985 2505 quatuor.
1016 2457 1149 2504 Forte,

412 2526 461 2574 fit
481 2528 586 2575 nostro
607 2532 741 2569 tardior
761 2547 857 2570 aevo.
887 2535 1032 2574 Hfims.

244 2607 327 2651 871.
357 2609 517 2660 Jamque
538 2622 615 2661 opus
635 2615 765 2664 exegi.]
799 2615 837 2652 Id
860 2615 931 2660 est,
960 2629 1052 2665 opus
1075 2617 1233 2665 absolvi,

189 2656 302 2696 finem
327 2663 427 2707 operi
452 2663 619 2709 imposui.
648 2665 805 2702 Remed.
833 2666 919 2703 811.
945 2673 1015 2703 Hoc
1036 2677 1112 2716 opus
1133 2672 1237 2718 exegi.

196 2707 362 2760 (ξιοεΑΝ.
391 2711 490 2746 Vide
512 2712 556 2748 de
574 2714 648 2750 hoc
667 2715 815 2762 epilogo
831 2743 840 2759 ‚
869 2724 909 2754 ut
922 2717 970 2754 ita
982 2717 1100 2756 dicam
1114 2748 1124 2764 ,
1147 2733 1236 2770 ope-

195 2766 240 2793 ris
261 2756 379 2795 Barth.
399 2761 445 2798 ad
467 2761 554 2798 Stat.
576 2775 647 2801 xix.
670 2765 745 2802 Th.
766 2766 852 2803 Sto.

246 2837 330 2878 871.
359 2840 462 2886 de
493 2857 548 2880 nec
570 2848 677 2890 Jovis
699 2851 791 2900 ira.]
822 2854 936 2891 Hunc
961 2857 997 2893 δε
1018 2858 1230 2908 sequentem

194 2889 340 2976 persntrn
375 2890 584 2931 Albertinus
618 2899 792 2940 Muffatus
821 2904 1003 2953 Epistolae
1034 2922 1149 2949 xviii.
1178 2914 1235 2950 in-

212 2950 293 2976 exui
313 2968 322 2976 .

249 3016 335 3078 '873-T
363 3024 457 3054 Cum
485 3022 578 3059 volet
610 3024 674 3061 illa
699 3027 791 3071 dies,
829 3048 912 3077 quae
932 3039 984 3075 nil
1006 3041 1071 3080 nisi
1092 3048 1233 3094 corporis

195 3065 334 3124 hazjan]
367 3070 458 3126 Velefi
483 3075 694 3123 ambignum
722 3077 741 3114 a
762 3080 923 3126 primane
945 3094 1206 3140 conjfloatjone

196 3128 241 3153 an
262 3129 281 3154 a
301 3127 417 3175 tertia:
439 3122 497 3159 led
519 3125 662 3164 videtur
683 3127 702 3164 a
724 3131 826 3167 tertia
848 3135 991 3179 potius,
1027 3123 1124 3182 uffit
1148 3125 1236 3184 con’.

197 3167 384 3218 cedentis,
425 3171 560 3213 Veniat
591 3188 689 3216 mors
718 3181 1017 3235 quandocunque
1038 3195 1160 3245 volet,
1198 3199 1236 3236 ὃς

2189 1200 2337 1271 Qua-

1295 1356 1399 1395 finiat
1428 1358 1519 1398 mihi
1553 1357 1706 1409 spatium
1732 1360 1820 1400 aevi
1841 1362 1989 1406 incerti,
2018 1362 2093 1401 hoc
2121 1365 2193 1408 est,
2231 1366 2339 1416 hujus

1296 1409 1447 1446 miserae
1479 1411 1595 1456 vitae,
1627 1422 1727 1459 parte
1757 1424 1876 1450 tamen
1907 1413 2042 1450 meliore
2062 1415 2127 1451 mei
2141 1418 2242 1466 super
2261 1418 2349 1460 alta,

1292 1460 1450 1508 perennis
1466 1462 1576 1508 Astra
1595 1465 1709 1509 ferar.
1736 1476 1830 1511 quae
1857 1465 1999 1501 tametsi
2018 1466 2063 1503 de
2086 1469 2220 1514 ingenii
2242 1469 2341 1507 fama

1296 1511 1449 1559 intelligi
1478 1511 1623 1560 possunt
1643 1542 1653 1558 ‚
1696 1515 1838 1552 videtur
1865 1523 1989 1552 tamen
2015 1545 2024 1558 ,
2064 1517 2340 1558 Platonicorum

1296 1560 1433 1609 dogma
1451 1561 1616 1608 secutus,
1644 1565 1787 1601 animae
1809 1565 2124 1604 immortalitatem
2148 1566 2339 1615 afferuiffe,

1298 1612 1400 1660 cujus
1429 1623 1538 1650 verae
1565 1615 1752 1661 opinionis
1778 1616 1888 1652 duces
1914 1625 1997 1653 ante
2016 1617 2050 1654 se
2068 1618 2214 1658 habuit.
2245 1621 2341 1668 ejus-

1298 1661 1383 1699 dem
1405 1671 1529 1700 tamen
1554 1664 1629 1703 fere
1649 1667 1772 1704 aetatis
1792 1667 1888 1703 viros
1901 1666 1992 1704 duos
2006 1669 2342 1713 eximios,Cicero-

1295 1724 1383 1750 nem
1416 1724 1458 1751 ac
1488 1715 1685 1753 Maronem
1710 1732 1722 1760 3
1761 1725 1800 1754 ut
1822 1717 1955 1763 pudeat
1978 1719 2155 1766 quosdam
2181 1721 2340 1759 inveniri

1298 1763 1544 1808 Christianos,
1573 1768 1636 1815 qui
1658 1767 1695 1804 in
1717 1779 1778 1811 re,
1807 1767 1878 1805 fide
1899 1768 2016 1806 nostra
2031 1797 2040 1813 ‚
2075 1781 2168 1806 certa
2187 1797 2196 1813 ‚
2235 1771 2341 1809 dubi-

1296 1816 1479 1852 tationem
1510 1828 1665 1854 movere
1696 1817 1877 1863 audeant,
1915 1830 2009 1867 quae
2039 1821 2133 1867 apud
2163 1821 2340 1866 plurimos

1296 1864 1498 1910 Ethnicos‚
1527 1868 1657 1915 quibus
1691 1868 1849 1906 Christus
1881 1870 2016 1906 nullam
2046 1871 2180 1907 faceret
2202 1870 2339 1917 fidem,

1295 1915 1496 2003 igidubitata
1518 1919 1597 1956 fuit.
1624 1918 1684 1956 sed
1706 1919 1796 1957 haec
1817 1919 1968 1957 trae'tare
1988 1932 2064 1958 non
2077 1920 2124 1958 est
2138 1921 2338 1970 hujusloci.

1336 1979 1508 2006 LAREAN.

1346 2044 1430 2092 875.
1460 2053 1564 2083 Parte
1593 2057 1712 2084 tamen
1738 2047 1873 2084 meliore
1892 2048 1959 2085 mei
1972 2049 2074 2098 super
2093 2049 2168 2087 alta
2183 2052 2341 2101 perennis

1293 2095 1403 2183 lAbstra
1437 2096 1577 2145 seran]
1629 2099 1729 2135 Huc‘
1764 2098 1919 2146 respexit
1961 2100 2137 2139 Martialis
2160 2130 2171 2147 ,
2224 2104 2332 2141 initio

1309 2158 1318 2182 1
1346 2174 1353 2182 .
1376 2158 1429 2183 ix.

1345 2226 1392 2259 Et
1414 2223 1550 2263 meliore
1569 2226 1622 2264 tui
1636 2237 1738 2277 parte
1747 2229 1910 2280 fitperstes
1931 2231 2006 2272 eris.

1290 2302 1339 2342 Et
1355 2305 1429 2353 ipse
1451 2319 1476 2345 1.
1498 2307 1706 2358 Elegiarum
1730 2325 1740 2349 :

1339 2386 1431 2439 Ergo·
1449 2386 1555 2423 etiam
1571 2415 1581 2431 ‚
1610 2388 1688 2426 cam
1706 2404 1760 2427 me
1776 2391 1957 2440 supremus
1975 2393 2137 2443 adufferit
2156 2395 2269 2444 ignisJ

1393 2440 1521 2471 Vrvam
1535 2465 1544 2480 ‚
1570 2449 1717 2490 parsque
1737 2444 1803 2479 mei
1824 2456 1951 2493 magna
1965 2447 2122 2494 superstes
2143 2448 2221 2486 erit.

1290 2506 1380 2545 Hoc
1402 2508 1503 2548 idem
1523 2511 1621 2549 hisce
1645 2513 1721 2552 aliis
1744 2517 1860 2555 verbis
1881 2518 2064 2567 fignificat.
2091 2522 2340 2565 lib.1v.Trist.

1289 2569 1343 2596 211.
1367 2571 1448 2607 127.

1347 2662 1507 2706 Cumque
1523 2671 1576 2706 ego
1591 2668 1796 2708 praeponam
1817 2662 1942 2699 multos
1955 2663 2057 2708 mihi,
2071 2678 2136 2702 non
2148 2667 2260 2705 minor
2269 2668 2339 2706 illis

1395 2709 1523 2750 Dicor,
1550 2721 1592 2747 29⁴
1612 2712 1649 2745 in
1671 2723 1738 2746 toto
1755 2714 1928 2761 plurimus
1946 2717 2021 2751 orbe
2041 2718 2136 2763 legor.

1344 2755 1379 2791 Si
1399 2759 1484 2805 quid
1502 2759 1627 2795 habent
1650 2762 1756 2807 igitar
1777 2777 1905 2799 vatum
1923 2766 2099 2813 praesagia
2121 2768 2218 2810 veri,

1388 2809 1550 2846 Protinus
1568 2821 1606 2845 ut
1627 2813 1779 2858 moriar,
1808 2827 1875 2850 non
1897 2828 1973 2859 er0,
2001 2826 2113 2858 terra,
2142 2827 2232 2855 tuus.

1288 2901 1335 2939 Et
1362 2903 1474 2941 rursus
1505 2917 1580 2943 non
1611 2905 1790 2944 dubitavit
1810 2907 1954 2949 dicere,
1982 2908 2080 2954 quod
2100 2909 2160 2946 hic
2180 2923 2332 2962 quoque

1288 2953 1433 2990 videtur
1460 2957 1612 2993 innuere
1636 2985 1646 2999 ‚
1685 2956 1806 3002 quoad
1840 2956 1959 2991 Roma
1990 2958 2164 3003 exstaret,
2193 2962 2338 3013 semper

1286 3002 1322 3039 se
1338 3004 1476 3043 leetum
1496 3007 1549 3043 iri.
1577 3007 1641 3040 Ait
1664 3005 1762 3040 enim
1793 3015 1856 3042 111.
1878 3006 1985 3043 Trist.
2008 3020 2075 3044 vii.
2100 3023 2156 3057 51·

1329 3088 1504 3136 *Dumque
1515 3092 1590 3146 [uis
1609 3094 1741 3132 vifft'rix
1754 3096 1881 3145 septem
1900 3101 1940 3137 de
1956 3103 2128 3140 montibus
2155 3105 2268 3145 orbem

1392 3142 1570 3189 Prospictet
1588 3142 1760 3184 domitum
1781 3152 1920 3189 Martia
1945 3154 2061 3193 ROMA
2075 3183 2086 3200 ,
2116 3155 2220 3204 legar.

1293 3198 1463 3239 Cim-An.

1443 3250 1644 3295 vaxxxx
1671 3269 1692 3305 3
2168 3268 2254 3318 879.
2280 3273 2343 3320 Vi<
