2483 3616
262 186 361 242 218

721 181 784 239 P.
859 179 1275 238 OVIDII
1346 180 1875 237 NASONIS

410 290 512 345 535
551 271 680 331 Non
705 272 832 329 tuba
858 274 1148 329 terruerint
1164 314 1179 337 ‚
1216 289 1326 326 non
1355 272 1539 328 striciis
1564 275 1772 345 agmina
1797 275 1947 339 telis;

555 348 842 404 Femineae
871 365 1032 401 voces
1049 387 1062 410 ‚
1102 346 1158 400 &
1184 359 1332 400 mota
1355 345 1548 401 insania
1575 349 1731 412 vin0‚

552 420 928 492 Obscaenique
953 437 1145 492 greges
1162 458 1176 482 ‚
1218 419 1272 473 δε
1299 419 1472 472 inania
1497 431 1748 490 tympana
1772 422 2021 476 vincant?

551 494 773 557 Vosne,
809 493 983 556 sene3‚
1023 493 1215 546 mirer?
1258 492 1351 564 qui
1374 492 1534 561 longa
1556 508 1650 561 per
1674 512 1905 567 aequora
1928 494 2070 549 vec'ti

556 567 683 624 Hac
708 568 933 639 Tyron,
972 566 1073 620 hac
1096 564 1354 637 profugos
1378 562 1615 635 posuistis
1638 564 1762 620 sede
1789 567 2046 628 Penates;

410 658 516 712 540
556 642 715 697 Nunc
742 640 904 694 finitis
929 637 1037 693 fine
1064 638 1245 692 Marte
1271 637 1386 708 capi
1414 637 1430 688 ?
1481 652 1675 701 vosne,
1709 640 1881 693 acrior
1908 654 2082 705 aetaS,

555 715 609 768 O
629 714 876 785 juvene8‚
915 712 1243 783 propiorque
1267 726 1449 774 meae;
1486 726 1623 781 quos
1647 728 1790 766 arma
1815 726 2032 777 tenere,

556 787 686 841 Non
714 785 951 856 thyrsos;
993 784 1254 854 geleaque
1282 783 1422 854 tegi,
1462 800 1573 836 non
1598 782 1794 838 fronde
1818 785 2074 840 decebat?

554 857 708 921 Este,
746 874 969 928 precor,
1009 873 1306 919 memore8‚
1345 857 1451 928 qua
1475 854 1586 909 sitis*
1604 855 1761 927 stirpe
1801 859 1990 913 creati:

553 931 802 1003 Illiusque
830 929 1064 993 animos,
1103 929 1197 1003 qui
1221 929 1418 983 multos
1440 928 1678 1001 perdidit
1705 947 1873 995 unus,

412 1022 513 1075 545
553 1004 761 1058 Sumite
792 1002 1066 1075 serpentis
1105 1019 1205 1074 pro
1230 1001 1467 1057 fontibus
1490 1002 1576 1056 ille
1599 1003 1825 1076 lacuque

554 1077 789 1132 Interiit:
831 1089 884 1130 at
906 1093 1001 1130 vos
1024 1093 1124 1147 pro
1151 1076 1292 1129 fama
1313 1076 1513 1130 vincite
1537 1075 1724 1130 vestra.

554 1151 645 1205 Ille
673 1149 826 1204 dedit
851 1150 962 1204 leto
988 1149 1181 1202 fortes:
1222 1166 1319 1202 vos
1344 1148 1525 1222 pellite
1555 1150 1773 1212 rnolle3‚

553 1223 628 1278 Et
653 1223 886 1296 patrium
911 1234 1164 1276 revocate
1193 1222 1374 1275 decus,
1415 1221 1453 1275 fi
1476 1221 1581 1275 fata
1603 1222 1854 1276 vetabant

557 1296 707 1351 Stare
733 1295 827 1350 diu
851 1293 1103 1357 Theba83
1144 1295 1346 1348 utinam
1373 1306 1644 1349 tormenta
1667 1295 1874 1368 virique

412 1387 517 1442 550
554 1368 783 1424 Moenia
810 1367 1116 1423 diruerent:
1154 1369 1465 1441 ferrumque
1498 1368 1741 1442 ignisque
1764 1368 2037 1424 sonarent!

314 1576 360 1610 Ut
382 1586 468 1623 quas
481 1572 653 1623 semideae
675 1573 836 1623 Dryades
856 1571 1036 1622 Faunique
1052 1570 1202 1610 bicornes

368 1626 525 1662 Numine
544 1627 720 1663 contactas
739 1634 918 1661 attonuere
932 1623 1009 1673 suo,

259 1672 462 1724 Maecenas
482 1676 579 1726 apud
601 1676 728 1713 Senec.
751 1675 821 1723 Ep.
843 1687 923 1712 xxx.

366 1727 440 1777 Ipſsz
460 1727 613 1764 altitudo
633 1736 777 1763 attonat
787 1726 945 1770 summa.
974 1723 1182 1764 HmNsms.

315 1788 400 1825 532.
427 1783 570 1814 Aerane
593 1784 740 1811 tantum
764 1778 857 1811 Aere
879 1774 1011 1823 repulsa
1032 1774 1190 1824 valent]
1218 1774 1309 1813 Non

262 1826 439 1866 intellexit
460 1827 552 1862 haec
575 1824 733 1872 Regius,
759 1825 824 1872 qui
855 1835 961 1862 aerea
983 1825 1065 1862 vasa
1083 1825 1217 1863 baculis
1239 1826 1311 1863 fer-

260 1875 330 1914 reis
352 1874 488 1923 saepius
517 1872 678 1924 percussa
700 1874 867 1924 explicat.
889 1874 1020 1912 rectius
1042 1883 1133 1924 puto
1155 1877 1235 1924 capi
1265 1876 1311 1914 de

260 1925 441 1976 cymbalis
464 1954 474 1971 ‚
501 1937 596 1975 quae
617 1927 711 1963 inter
733 1926 768 1963 se
789 1926 1094 1964 concutiebantur
1116 1955 1128 1971 ,
1151 1927 1190 1964 δε
1217 1938 1312 1976 quae

262 1990 416 2014 concava
462 1990 544 2014 aera
588 1984 699 2014 vocat
738 1976 800 2014 lib.
831 1987 885 2014 xv.
940 1988 1000 2026 30.
1045 1977 1144 2015 reete
1185 1986 1312 2016 autem

262 2027 362 2065 addit
394 2028 526 2065 adunco
558 2027 646 2064 tibia
677 2041 803 2071 cornu;
832 2035 872 2065 ut
893 2027 1090 2077 Phrygiam
1112 2028 1313 2078 intelligat,

259 2087 350 2116 cum
372 2079 463 2117 aliae
483 2076 595 2116 essent
617 2078 749 2116 rectae.
775 2079 875 2117 unde
898 2079 1026 2117 Tibul.
1048 2092 1094 2116 11.
1115 2091 1144 2119 x.
1165 2079 1225 2117 86.

634 2129 782 2179 Phrygio
805 2129 893 2167 tibia
916 2143 1028 2167 curva
1039 2130 1135 2178 fimo.

259 2181 351 2231 Qua
362 2179 556 2219 utebantur
579 2181 617 2218 &
640 2181 678 2218 in
700 2181 802 2218 sacris
813 2180 942 2218 Derim
955 2182 1098 2219 Matris.
1115 2181 1263 2220 1.Pont.
1278 2193 1310 2221 1.

314 2237 415 2269 Ante
425 2232 546 2270 Derim
571 2238 731 2269 Matrem
754 2245 859 2270 cornu
878 2232 1004 2270 tibicen
1030 2232 1164 2269 adunco

366 2289 459 2320 Cum
480 2283 588 2320 canit.

262 2332 311 2373 Et
330 2334 417 2372 inde
438 2333 678 2383 Berecynthia.
697 2333 759 2372 lib.
781 2346 835 2372 xv,
856 2335 947 2372 Fast.
974 2335 1056 2374 181.

317 2386 483 2422 Protinus
504 2384 628 2434 inflexo
650 2385 878 2434 Berecynthia
899 2385 987 2422 tibia
1010 2399 1115 2423 cornu

368 2436 494 2473 Flatur
508 2465 518 2481 ‚
542 2448 585 2476 v·
608 2437 729 2473 Idaeae
742 2436 832 2483 festa
849 2439 1005 2486 parentis
1026 2447 1140 2474 erunt.

266 2485 351 2523 Hac
382 2487 493 2524 etiam
523 2487 562 2525 in
592 2487 695 2526 sacris
726 2486 861 2525 Bacchi
889 2487 970 2526 usos
1002 2487 1113 2526 docet
1143 2487 1318 2537 Virgilius

265 2545 321 2573 ¹1-
348 2548 432 2585 737-

369 2587 431 2623 Ubi
453 2601 564 2625 curva
585 2588 698 2627 choros
719 2589 852 2627 indixit
874 2589 962 2627 tibia
980 2589 1119 2628 Bacchi.

263 2635 345 2691 ‘Ubi
367 2636 510 2676 Servius
534 2641 767 2686 πλαγίαυλον
783 2643 821 2678 &
844 2641 985 2678 Latinis
1006 2642 1151 2690 vascam
1175 2640 1312 2679 Tibiam

268 2685 405 2724 dietam
437 2689 505 2726 ait:
531 2689 576 2727 de
605 2703 676 2739 qua
699 2690 785 2727 vide
815 2690 1070 2729 Bartholinum
1103 2692 1148 2730 de
1181 2691 1314 2738 Tibiis,

260 2736 322 2775 lib.
341 2750 368 2775 1.
387 2748 465 2787 cap.
488 2739 522 2776 6.
551 2741 589 2777 δε
613 2742 784 2778 Gronov,
805 2753 832 2777 1.
856 2740 1008 2779 Observ.
1036 2755 1092 2789 17.
1139 2743 1270 2781 Euam.

320 2800 404 2837 534.
430 2788 574 2826 Bellicus
596 2789 709 2839 enfis.]
739 2790 860 2839 Magis
881 2791 998 2839 placet
1012 2820 1022 2837 ‚
1050 2793 1153 2842 quod
1174 2795 1312 2843 primus

267 2839 529 2877 Gronovianus
549 2852 617 2888 pro
639 2840 777 2878 diversa
795 2841 955 2879 lectione
974 2843 1189 2889 exhibebat,
1218 2844 1314 2880 belli-

262 2902 321 2938 ger
341 2888 434 2939 enfis.
461 2889 602 2928 Barber.
625 2890 765 2937 bellifer.
790 2891 838 2928 fic
860 2893 957 2940 apud
970 2894 1177 2931 Martialem
1199 2894 1260 2931 lib.
1275 2906 1315 2932 v.

265 2940 389 2989 Epigr.
413 2953 472 2988 25.
498 2947 639 2977 Hermes
659 2940 818 2989 belligerd
821 2942 985 2991 superbus
996 2943 1105 2990 hasta.
1132 2955 1199 2992 pro
1203 2946 1312 2990 frau-

265 2991 322 3028 des
343 2991 495 3040 magicae
526 2991 689 3039 optimus
711 2992 917 3040 Cantabrig.
932 2995 1086 3040 frondes.
1109 3002 1246 3042 argute.
1271 3002 1311 3032 ut

264 3041 312 3079 ad
331 3041 473 3091 thyrsos
491 3041 680 3080 alludatur.
706 3042 778 3080 Pro
798 3044 959 3080 terruerit
981 3045 1093 3080 etiam
1125 3045 1312 3081 terruerint

266 3091 374 3129 multi
396 3104 440 3131 ex
465 3092 688 3131 melioribus.
715 3093 855 3131 Htms.
882 3093 975 3132 Illud
997 3095 1140 3142 frondes
1172 3094 1311 3133 blandi-

266 3148 337 3180 tur.
366 3151 405 3181 ut
426 3154 517 3180 mox
544 3156 624 3193 542.

320 3194 496 3245 Galeaque
521 3194 587 3243 tegi
608 3208 676 3232 non
690 3196 818 3242 fronde
840 3195 989 3233 decebat.

320 3244 412 3298 538.ἱ
439 3245 637 3294 Vosnesenes
649 3246 792 3295 miseris]
810 3246 900 3283 Non
913 3247 1031 3291 mirer,
1045 3247 1082 3284 &
1096 3246 1245 3284 Statiani
1260 3248 1316 3285 in-

264 3298 430 3341 terpretis
443 3295 717 3344 auctoritate-ac
728 3297 881 3347 syllabae
894 3299 1037 3337 ratione
1057 3298 1105 3337 ita
1126 3297 1315 3347 poscente,

2318 1441 2418 1499 Es=

1371 1571 1410 1609 ὃς
1442 1570 1578 1609 codicis
1620 1571 1697 1608 mei
1717 1570 1945 1610 testimonio.
1985 1571 2218 1610 Consum
2245 1573 2416 1611 Faunus.

1371 1622 1541 1671 Intelligit
1572 1621 1690 1659 socios
1724 1622 1859 1660 Cadmi
1887 1623 2022 1671 Regius
2045 1651 2056 1667 ,
2084 1623 2148 1672 qui
2170 1635 2190 1660 e
2213 1623 2414 1661 Phoenicia

1370 1685 1457 1710 cum
1488 1685 1534 1710 co
1556 1681 1750 1711 venerunt.
1777 1672 1838 1710 sed
1859 1673 1926 1710 hos
1958 1673 2065 1710 initio
2086 1673 2166 1710 libri
2197 1685 2217 1710 a
2246 1673 2413 1723 serpente

1368 1723 1583 1761 interfectos
1606 1723 1740 1761 Noster
1761 1724 1921 1762 narravit
1936 1751 1947 1768 ‚
1967 1732 2007 1762 ut
2029 1725 2068 1762 &
2100 1735 2232 1762 omnes
2256 1736 2300 1761 ex
2323 1725 2416 1763 den-

1364 1775 1459 1813 tibus
1490 1775 1661 1823 serpentis
1695 1783 1825 1820 natos,
1852 1782 1993 1823 praeter
2024 1775 2190 1825 quinque
2214 1802 2224 1819 ‚
2252 1775 2350 1824 qui,
2386 1774 2413 1812 fi

1366 1825 1442 1863 hoc
1462 1833 1633 1873 tempore
1654 1825 1917 1874 superfuerint,
1945 1827 2041 1864 forte
2064 1826 2214 1875 quidem
2227 1826 2322 1875 senes
2341 1825 2414 1863 dici

1367 1875 1469 1926 poffe
1491 1876 1604 1914 video
1620 1875 1702 1921 ‚sed
1722 1876 1802 1914 illos
1817 1878 1974 1926 profugos
2001 1877 2187 1914 nominari
2210 1874 2311 1925 poffe
2333 1888 2414 1914 non

1366 1936 1471 1976 puto.
1498 1940 1544 1965 an
1566 1927 1829 1976 incogitantiae
1861 1928 2017 1965 Poetam
2037 1927 2282 1965 luxuriantem
2305 1939 2415 1965 accu-

1366 1977 1549 2016 sabimus?
1576 1977 1727 2016 videant
1745 1978 1926 2017 acutiores
1958 1981 1996 2016 ὃ(
2027 1978 2210 2015 doctiores
2231 1992 2242 2021 ;
2282 1989 2329 2015 an
2358 1977 2417 2015 su-

1367 2030 1582 2078 perfuerunt
1600 2029 1735 2078 aliqui,
1762 2041 1842 2067 non
1863 2029 1973 2067 occisi
1994 2041 2014 2066 a
2034 2029 2208 2078 serpente.
2247 2036 2412 2066 ceterum

1367 2080 1580 2118 Scholiastes
1602 2079 1704 2117 Statii
1723 2080 1831 2127 legit,
1856 2081 1958 2128 vosne
1971 2080 2066 2129 senes
2078 2080 2201 2128 miseri.
2228 2090 2313 2116 curn
2334 2091 2413 2129 quo

1366 2132 1505 2169 faciunt
1526 2130 1734 2176 Mediceus,
1747 2131 1922 2171 Gronov,
1947 2132 1985 2169 ὅς
2007 2139 2178 2178 excerpta
2200 2129 2417 2169 Calandrae.

1369 2181 1632 2220 Bunmannus.

1422 2245 1507 2282 539.
1533 2241 1610 2271 Hac
1633 2238 1746 2282 Tyron
1767 2246 1808 2270 ac
1821 2231 2018 2289 profugam]
2055 2231 2112 2269 Sic
2142 2230 2345 2281 legendum
2369 2243 2414 2269 ex

1369 2285 1612 2322 vetustissimis
1633 2285 1922 2333 exemplaribus,
1950 2295 2036 2320 curn
2058 2283 2158 2331 prior
2177 2282 2288 2320 lecstio
2312 2310 2322 2327 ,
2358 2287 2416 2319 Ac

1373 2341 1459 2384 Tyro
1495 2335 1561 2372 hac
1578 2337 1733 2384 profugos
1757 2363 1768 2380 ‚
1804 2343 2031 2383 repugnante
2062 2333 2193 2382 syllaba
2226 2333 2418 2372 claudicet,

1369 2386 1530 2424 imitatus
1553 2386 1602 2424 est
1633 2394 1758 2424 autem
1783 2386 1928 2434 Virgilii
1946 2395 2096 2422 carmen
2118 2396 2162 2422 ex
2194 2384 2315 2433 primo
2337 2386 2418 2423 Ae.-

1371 2437 1469 2475 neid.
1492 2437 1553 2475 68.

1423 2488 1529 2525 Ilium
1556 2488 1595 2525 in
1617 2488 1762 2525 Italiam
1778 2497 1924 2537 portans
1946 2487 2118 2537 vitiosque
2130 2495 2284 2536 penates.

1373 2539 1478 2588 Quin
1503 2539 1661 2577 Ovidius
1680 2539 1790 2588 Epist.
1813 2551 1885 2576 vn.
1908 2550 1994 2585 751.

1424 2589 1513 2627 Ilion
1526 2591 1563 2627 in
1576 2595 1608 2626 T
1605 2591 1720 2639 yriam
1743 2591 1896 2636 transfer
1907 2589 2044 2636 felicius
2063 2587 2193 2625 urbem.
2222 2588 2419 2625 NAuGExl

1371 2646 1448 2677 Hac
1473 2643 1630 2691 profugos
1644 2640 1890 2690 pofiustis‘sede
1905 2649 2058 2688 penates.
2085 2637 2134 2675 est
2156 2638 2258 2676 enim
2278 2637 2337 2684 „fic
2359 2637 2415 2686 diff

1372 2690 1474 2728 <stum
1489 2719 1499 2734 ,
1526 2700 1567 2728 ut
1586 2691 1675 2729 illud
1696 2689 1863 2726 Maronis
1877 2717 1887 2734 ,

1421 2741 1528 2778 Ilium
1549 2742 1588 2777 in
1611 2739 1757 2777 Italiam
1773 2749 1943 2790 portans,
1970 2739 2142 2791 victosque
2158 2749 2310 2790 penates.

1369 2791 1520 2829 Consi.
1533 2792 1705 2829 Frueris.
1732 2796 1771 2828 A
1786 2796 1872 2839 Tyro
1883 2790 1948 2828 hac
1959 2791 2095 2828 habent
2107 2790 2338 2839 manuscript.
2351 2790 2414 2828 lib2

1366 2842 1490 2892 itaque
1510 2841 1709 2891 legendum
1722 2853 1789 2890 pro
1810 2850 2006 2890 comperto
2028 2842 2191 2881 arbitror.
2219 2841 2412 2891 Quidquid

1368 2892 1536 2931 Fanenfis
1557 2892 1739 2937 somniet,
1767 2892 1924 2931 aliorum
1947 2892 1988 2930 fit
2002 2892 2199 2942 judicium.
2226 2893 2261 2929 A
2280 2892 2413 2941 scriptis

1364 2944 1424 2981 lib.
1447 2945 1537 2982 inihi
1556 2956 1635 2982 non
1666 2943 1785 2992 placet
1807 2944 2045 2982 transversum
2060 2971 2071 2989 ‚
2099 2951 2139 2981 ut
2160 2945 2262 2993 ajunt
2284 2971 2296 2987 ‚
2321 2942 2412 2992 digi-

1365 3003 1447 3031 tum
1480 2995 1673 3032 discedere.
1715 2994 1884 3043 intelligo
1908 3004 2056 3039 autern,
2083 3006 2169 3032 cum
2201 2994 2304 3032 locus
2333 3002 2411 3032 non

1366 3044 1415 3082 est
1437 3054 1652 3095 corruptus,
1677 3047 1716 3083 &
1737 3045 1854 3084 sensus
1886 3045 1984 3084 recte
2013 3045 2149 3095 percipi
2178 3044 2306 3093 potest.
2351 3044 2411 3081 De

1373 3095 1484 3144 Tyro
1510 3096 1557 3134 fic
1576 3098 1629 3145 Q.
1651 3097 1797 3134 Curtius
1817 3097 1876 3134 lib.
1903 3109 1957 3134 1v.
1995 3102 2104 3145 Tyrus
2119 3095 2263 3145 septimo
2289 3093 2413 3142 mense,

1372 3160 1480 3196 quam
1502 3148 1689 3197 oppugnari.
1712 3157 1822 3197 coepta
1844 3147 1910 3195 est,
1937 3157 2037 3197 capta
2058 3145 2100 3194 est
2123 3166 2131 3183 :
2172 3145 2256 3183 Urbs
2283 3157 2326 3185 ω’
2354 3157 2416 3180 ve-

1372 3196 1496 3244 tustate
1526 3198 1663 3247 originis
1688 3227 1697 3243 ,
1736 3211 1778 3238 (5¹
1811 3198 1926 3236 crebra
1959 3205 2132 3234 Fortunae
2163 3196 2337 3234 varietate
2365 3192 2412 3230 ad

1372 3249 1577 3286 memoriam
1592 3249 1799 3298 posteritatis
1817 3247 1955 3298 insignis
1969 3275 1980 3293 ‚
2000 3249 2138 3285 condita
2162 3247 2205 3295 est'
2221 3246 2266 3284 ab
2277 3250 2412 3293 Ageno-

1371 3312 1406 3338 re
1416 3326 1427 3345 ,
1441 3299 1502 3338 diu
1513 3313 1609 3339 mare
1621 3314 1689 3339 non
1700 3300 1858 3340 vicinum
1872 3299 2051 3350 modu-scd
2062 3300 2296 3350 quodcumque
2307 3293 2415 3350 classes·

2345 3354 2414 3394 ΨΜ.
