2483 3616
335 126 1985 193 METAMORPHOSEON,L1B.X111.

340 235 528 291 Litera
552 229 851 288 comm-unis
876 228 1067 284 mediis
1091 245 1369 305 pueroque
1395 230 1621 302 viroque

338 306 587 377 Inscripta
611 301 687 358 est
709 302 848 357 foliis
875 319 887 357 :
928 301 1061 358 haec
1086 304 1345 370 nominiS,
1380 303 1465 358 illa
1483 299 1745 376 querelae.

2101 128 2202 196 887

629 449 798 496 ΕΑΒ.
864 448 943 495 ΙΙ.
1009 448 1603 497 ARGUMENTUM.

896 563 1097 613 Hecuba
1116 564 1165 611 in
1185 578 1360 612 canem.
1386 616 1388 618 ,

118 682 290 741 Ulixes,
321 681 539 744 postquam
577 680 838 728 Philoctetae
857 681 1072 744 sagittas,
1104 679 1188 742 ipso
1212 680 1460 737 comitante,
1495 679 1540 724 in
1562 675 1699 739 castra
1723 677 1952 738 Grajorum
1975 678 2187 738 pertulit,

48 747 191 811 quibus
212 745 342 792 Ilium
366 759 533 808 captum
556 745 609 805 est
622 779 637 805 ,
677 751 691 770 ³
701 746 863 806 praeda
875 749 993 793 dives
1008 747 1180 793 Hecuba
1194 779 1210 804 ,
1227 746 1397 790 Priami
1409 742 1555 802 conjux
1569 775 1585 800 ‚
1607 743 1731 788 Ulixi
1754 739 1898 801 bsorte
1910 743 2017 801 ceffit
2029 763 2046 798 3
2082 757 2189 804 quae

50 811 258 869 noviffime
279 816 295 835 ⁰
319 813 619 858 acerbitatibus
642 813 863 858 interitum
883 810 1216 871 Astyanactis&
1231 810 1469 868 Polyxenae
1483 841 1497 866 ‚
1531 809 1689 869 quaein
1701 806 1825 867 bustis
1838 809 2021 854 Achillis
2031 806 2190 867 fuerat

48 879 324 935 interempta,
359 892 568 934 moerens,
602 871 620 898 ‘¹
654 876 781 934 claſje-
794 878 839 922 in
862 874 1091 921 Thraciam
1111 889 1204 920 cum
1229 875 1325 935 fft
1354 872 1558 934 adpulsa,
1591 889 1641 918 ex
1661 873 1830 933 reliquis
1853 873 2023 932 liberis,
2069 877 2085 896 ‘²
2116 873 2190 932 qui

51 939 261 1000 restabant
296 942 418 987 orbae
443 975 459 1000 ‚
508 939 789 998 Polydorum,
823 940 938 999 apud
959 938 1240 997 Polymestora
1283 937 1297 963 f
1310 941 1382 1000 qui
1405 939 1611 1000 quondam
1624 936 1780 998 fuerat
1801 936 2027 996 educatus,
2054 947 2188 997 puta-

48 1004 122 1049 bat
155 1006 395 1052 incolumem
418 1011 436 1039 ³
460 1020 626 1051 manere
648 1020 665 1049 .·
698 1018 804 1064 quae
837 1005 937 1049 dum
949 1001 1174 1063 spatiatur
1198 1006 1244 1048 in
1266 1005 1415 1062 litore,
1449 1001 1762 1049 animadvertit
1784 1016 1877 1046 eum
1898 1001 2143 1064 exsanguem
2167 1003 2189 1047 ὲ

37 1067 240 1126 fluctibus
258 1068 278 1096 ¹¹
301 1074 346 1118 in
367 1070 537 1116 aridam
558 1068 744 1129 ejectum.
792 1066 1037 1128 Polymestor
1058 1077 1200 1113 autem
1216 1078 1390 1128 propter
1412 1082 1566 1114 aurum
1579 1099 1594 1126 ‚
1627 1067 1736 1127 quod
1757 1081 1848 1112 cum
1869 1066 2034 1128 infante
2055 1066 2189 1123 Poly-

101 1273 188 1314 393.
215 1261 365 1300 Educere
395 1261 541 1314 telum]
574 1261 627 1300 ita
652 1261 783 1312 legitur
811 1262 848 1300 in
866 1271 941 1299 uno
964 1259 1096 1299 Maffei

53 1314 93 1353 δί
110 1325 212 1352 meo.
238 1313 282 1350 In
298 1324 376 1351 uno
394 1314 518 1352 Vatic.
535 1314 573 1351 &
592 1325 680 1351 meo
700 1314 928 1362 antiquiore,
950 1313 988 1350 &
1001 1313 1095 1350 Cae-

50 1364 125 1403 lest.
150 1365 434 1410 Ducereferrum.
463 1363 564 1402 Nihil
574 1372 766 1412 propterea
776 1362 995 1401 mutandum
1009 1374 1097 1401 cen-

47 1414 121 1454 seo.
164 1414 352 1463 Siquidem
370 1415 491 1463 priore
512 1413 576 1452 illo
598 1414 716 1452 modo
738 1415 902 1464 loquitur
922 1415 1094 1464 quicum-

48 1476 122 1514 que
143 1465 192 1504 est
211 1465 339 1503 aue'tor
359 1466 405 1508 ad
427 1466 663 1503 Herennium
687 1478 697 1503 ε
725 1464 828 1514 quod
848 1463 1002 1502 mirifice
1021 1466 1095 1502 huc

48 1517 148 1554 facit.
174 1520 213 1552 A
209 1516 277 1565 jax
289 1543 299 1560 ,
324 1516 445 1566 inquit
460 1544 470 1562 ‚
489 1515 527 1553 in
532 1513 629 1565 silva
642 1544 653 1561 ‚
672 1516 846 1565 postquam
859 1515 997 1564 rescivit
1009 1528 1097 1565 quae

43 1565 172 1616 ficiſjet
184 1575 245 1616 per
266 1566 442 1614 insaniam
455 1593 464 1610 ‚
488 1566 605 1615 gladio
623 1566 792 1604 incubuit.
819 1565 933 1603 Ulixes
943 1566 1097 1603 interve-

51 1616 130 1662 m‘t,
157 1616 301 1665 occisum
327 1617 561 1666 conspicatur,
596 1618 614 1654 ἒ
637 1627 765 1665 corpore
786 1617 895 1654 telum
914 1628 1096 1653 cruentum

50 1667 174 1706 educit.
210 1667 281 1706 Sed
312 1675 464 1713 tamen,
498 1667 524 1705 fi
553 1667 699 1716 proprie
716 1668 820 1717 loqui
843 1667 1020 1712 velimus,
1048 1678 1098 1704 te-

48 1716 126 1756 lum
156 1717 206 1756 est
234 1718 338 1767 quod
364 1719 507 1768 jacitur.
534 1718 672 1756 idcirco
703 1719 823 1756 utinus
849 1719 922 1755 hoc
944 1718 1096 1766 quidem

46 1767 136 1807 loco
157 1768 302 1807 videtur
323 1771 537 1807 convenire.
578 1775 720 1806 Ferrum
739 1768 827 1806 vero
844 1781 905 1815 per
916 1769 1097 1818 Metony-

47 1819 163 1857 miam
181 1819 339 1869 gladium
362 1818 535 1868 fignificat
548 1835 558 1863 ;
588 1831 682 1868 quae
704 1820 869 1867 scriptura
891 1820 1008 1867 placet
1027 1821 1098 1857 fra-

46 1871 95 1908 tri
113 1881 201 1908 meo
214 1897 226 1915 ,
250 1870 307 1908 M.
325 1870 496 1908 Antonio
510 1898 518 1914 ,
549 1871 585 1907 ὅ(
600 1870 818 1913 12‚G11es10;
848 1882 936 1919 quot
949 1882 1008 1907 um
1022 1882 1093 1918 ego

49 1919 269 1967 opinionem
295 1923 536 1959 vehementer
557 1922 686 1969 probo:
707 1921 793 1958 hcet
807 1949 815 1963 ,
845 1932 884 1958 ut
905 1921 1000 1963 dixi,
1029 1934 1092 1959 au—

55 1967 136 2005 &or
151 1969 236 2013 ille,
261 1972 324 2019 qui
350 1973 519 2009 Latinam
541 1971 702 2020 linguam
728 1972 900 2017 callebat,
929 1972 1092 2011 multum

54 2028 118 2056 me
135 2029 297 2056 moveat.
325 2021 489 2059 Cremu.

105 2079 188 2116 394·
215 2068 466 2119 Rubefaffaque
486 2073 653 2121 sanguine
675 2074 776 2110 tellus
799 2080 1012 2123 purpureum
1034 2074 1094 2111 vi-

51 2117 123 2157 ridi
141 2119 260 2167 genuit
282 2121 321 2155 de
339 2121 452 2169 cespite
468 2121 614 2172 florem]
647 2125 763 2162 Exstat
777 2125 868 2172 apud
882 2125 1093 2162 Ausonium

50 2169 177 2218 Ajacis
207 2170 435 2219 epitaphium
450 2199 461 2216 ,
482 2174 584 2222 quod
600 2175 673 2213 hue
699 2176 879 2224 {minere
900 2176 979 2214 sum
1002 2176 1095 2213 arbi·

51 2227 185 2258 tratus:

100 2270 227 2320 Ajacis
242 2271 378 2309 tumulo
391 2271 523 2321 pariter
542 2284 630 2323 tegor
648 2275 769 2314 obruta
782 2278 921 2324 virttis,

152 2321 374 2360 Illa-crimans
392 2322 643 2371 bustisfuneris
664 2327 730 2375 ip&
751 2329 818 2364 isaei
831 2344 842 2364 .-

102 2379 299 2420 Incomptas
319 2373 474 2410 lacerata
492 2387 625 2419 comas,
654 2377 746 2424 quod
760 2387 892 2425 parvus
912 2378 1059 2416 Atrides

154 2424 279 2461 Cedere
297 2437 351 2461 me
360 2423 502 2472 struHis
520 2426 677 2473 compulit
700 2426 842 2474 insidiis.

100 2475 195 2520 Jam
215 2474 303 2512 dabo
319 2484 527 2524 purpureum
551 2475 640 2512 claro
658 2476 698 2512 de
715 2478 876 2524 sanguine
887 2476 1009 2527 florem
1022 2506 1033 2522 ‚

152 2525 342 2571 Testantem
355 2526 489 2574 gemitu
513 2528 660 2562 crimina
676 2527 812 2574 judicii.
846 2529 958 2565 inem.

100 2577 185 2626 396,
215 2582 267 2612 De
277 2575 451 2626 vulnere]
469 2581 520 2612 De
530 2586 656 2625 corpore
670 2589 775 2622 uuus⁵
788 2577 967 2627 depectere
979 2580 1097 2617 Gron.

53 2627 95 2666 de
115 2627 230 2677 cespite
245 2626 333 2665 duo.
360 2628 401 2663 de
413 2627 585 2676 sanguine
603 2627 752 2675 septem.
782 2629 972 2666 vi‹¹..lib.v.
986 2643 1047 2677 95.

99 2700 116 2720 ὃ
142 2693 278 2730 Praeda
301 2691 438 2741 dives.]
469 2692 604 2730 Praeda
616 2692 730 2734 divisa
741 2693 796 2739 est,
816 2705 859 2732 ω’
875 2693 1009 2730 Hecuba
1023 2695 1101 2732 Co-

46 2742 128 2782 lon.
152 2744 232 2792 lege
246 2771 257 2788 ,
285 2755 371 2780 cum
392 2744 549 2793 Micyllo
565 2771 574 2786 ‚
600 2743 862 2791 praedcitlivtfli
881 2744 1011 2790 Hecuba
1024 2757 1096 2783 Qec.

3 2798 6 2802 ’
102 2793 121 2820 b
146 2798 238 2830 Sorte
267 2792 387 2842 ceffit.]
429 2795 482 2831 lta
513 2794 610 2831 reste
641 2806 724 2830 curn,
759 2795 838 2832 MS.
870 2796 1095 2844 Micyliiana.

50 2842 155 2882 Male
173 2844 270 2888 forte
301 2844 417 2882 Raen.
437 2845 474 2882 ὃς
495 2845 653 2882 Veneta.
686 2845 802 2893 Virga
832 2844 922 2882 [ΕΠ.
949 2860 982 2885 s.
1004 2858 1096 2884 vers.

55 2906 136 2941 142.
172 2899 254 2930 Non
281 2891 336 2928 illi
362 2893 542 2943 imperium
567 2895 701 2943 pelagi,
722 2900 942 2945 saevumque
963 2896 1096 2933 triden-

50 2953 146 2988 tem,
174 2944 238 2980 Sed
259 2942 346 2980 mihi
359 2943 451 2990 sorte
469 2944 604 2982 datum.
633 2946 766 2995 Vellcj.
785 2947 846 2984 lib.
875 2959 920 2984 11.
946 2946 998 2984 18.
1021 2953 1096 2983 Sor-

2091 1133 2190 1178 doro

1150 1271 1184 1310 3.
1212 1259 1375 1298 Homines
1404 1267 1447 1301 (9¹
1475 1271 1696 1309 quaecunque
1723 1259 1856 1307 auferri
1876 1259 2000 1309 poffi’nt
2012 1287 2022 1303 ,
2052 1258 2196 1307 Tigrani

1150 1310 1315 1349 cederent.
1340 1312 1560 1349 Muncmz.
1586 1311 1648 1348 De
1668 1312 1782 1349 verbo
1795 1310 1905 1347 cedere
1925 1311 2009 1348 vide
2027 1309 2126 1348 Serv.
2146 1312 2194 1349 ad

1149 1362 1282 1411 Virgil.
1293 1375 1358 1401 111.
1373 1363 1530 1400 Aeneid.
1542 1374 1626 1409 297.
1637 1363 1750 1399 utitur
1762 1363 1800 1399 ὅ(
1813 1361 1861 1399 fic
1874 1361 1987 1398 Ovid.
1998 1374 2025 1398 1.
2038 1361 2194 1407 Met.74.

1146 1413 1286 1462 reliqua
1296 1413 1357 1462 huj
1364 1425 1403 1452 us
1415 1413 1747 1462 argumenti,longe
1759 1411 1897 1450 diversa
1910 1423 1929 1448 a
1939 1411 2195 1460 vulgatis‚ver-

1149 1464 1195 1502 ba
1204 1463 1334 1503 suntin
1346 1463 1562 1502 Coloniensi
1577 1491 1587 1508 ‚
1615 1474 1709 1513 quae
1721 1462 1918 1501 describere
1928 1462 2084 1511 longum
2096 1462 2196 1500 estet,

1202 1538 1218 1557 c
1245 1529 1541 1577 Acerbitatibus.]
1571 1531 1660 1568 Non
1688 1531 1797 1568 habet
1819 1531 1976 1568 Raener.
1996 1529 2197 1568 acerbitati-

1152 1580 1235 1626 bus,
1263 1581 1475 1632 interituque
1496 1583 1612 1629 Marg.
1633 1581 1790 1630 Micylli.

1202 1630 1221 1658 d
1247 1631 1356 1681 Classe
1371 1632 1410 1668 in
1432 1631 1657 1680 Thraciam]
1687 1631 1796 1680 Claffe
1819 1630 1985 1668 Thraciae
2004 1631 2084 1669 MS.
2104 1643 2191 1670 cum

1152 1682 1289 1720 Venet.
1309 1686 1347 1720 ὃς
1367 1682 1594 1732 Micyllianfi.
1622 1683 1667 1719 Et
1689 1693 1818 1719 vereor
1837 1693 1885 1719 ne
1896 1683 2018 1720 frustra
2031 1683 2127 1720 illam
2141 1683 2196 1720 le-

1154 1732 1318 1771 &ionem
1348 1734 1558 1771 mutaverit.
1598 1732 1788 1770 Primafius
1816 1734 1851 1769 in
1876 1743 1952 1780 cap.
1982 1745 2009 1770 1.
2038 1734 2196 1780 Apocal.

1151 1785 1256 1829 Joan.
1284 1790 1323 1820 A
1338 1782 1542 1820 Domitiano
1559 1783 1704 1832 Caesare
1725 1782 1825 1819 exilio
1845 1782 1982 1831 missas,
2011 1794 2055 1822 ω’
2069 1785 2197 1819 metal-

1151 1834 1182 1871 lo
1210 1834 1414 1872 damnatus.
1450 1833 1559 1872 Adde
1590 1842 1764 1871 annotata
1794 1833 1814 1870 ὲ
1844 1835 1950 1870 nobis
1978 1833 2022 1871 ad
2050 1834 2196 1883 Hygini

1153 1886 1316 1935 Mythol.
1335 1896 1412 1933 cap.
1436 1896 1492 1932 15.
1514 1884 1553 1922 &
1577 1884 1659 1922 108.
1693 1885 1915 1921 Manem.
1945 1884 1988 1921 In
2006 1884 2195 1933 Micyssia-

1147 1948 1195 1974 na
1215 1937 1323 1985 lego,
1361 1933 1479 1983 Claffis
1499 1933 1666 1973 Thraciae
1688 1947 1764 1971 cum
1794 1948 1822 1972 e.
1840 1948 1874 1971 a.
1896 1942 1936 1972 ut
1955 1935 1993 1972 &
2011 1936 2050 1972 in
2075 1937 2194 1975 l’arm.

1149 1988 1187 2024 δε
1210 1987 1333 2025 Lutrd.

1198 2044 1216 2064 e
1244 2016 1319 2085 §fui
1342 2035 1554 2086 restabant]
1591 2035 1774 2084 Restabant
1801 2034 1938 2085 orbae]
1980 2036 2123 2086 Micyll.
2152 2037 2194 2074 &

1149 2089 1307 2126 Veneta.
1345 2086 1502 2137 Optime
1532 2087 1787 2136 proculdubio.
1825 2089 2043 2124 monem-211.
2078 2089 2131 2125 lta
2153 2088 2193 2125 &

1148 2140 1268 2177 Parm-
1290 2140 1327 2177 δί
1351 2140 1447 2187 Lug.
1468 2137 1608 2187 reliquis
1630 2137 1744 2173 liberis
1764 2136 1844 2174 orba
1865 2138 2019 2174 Raener.

1200 2189 1217 2217 f
1240 2190 1316 2237 Qi
1336 2188 1554 2240 quondam]
1583 2189 1658 2237 Qi
1675 2187 1764 2225 clam
1783 2188 1900 2225 Parm.
1920 2187 2196 2238 Lungicyll.

1152 2241 1309 2279 Raener.

1202 2299 1221 2327 g
1250 2290 1437 2340 Manere]
1467 2296 1671 2327 Permanere
1693 2287 1845 2326 eaedem
1865 2287 1957 2326 Edd.

1202 2341 1221 2368 h
1255 2349 1292 2378 In
1319 2341 1461 2379 aridam
1486 2340 1664 2389 ejeHum.]
1706 2340 1759 2376 lta
1788 2339 1930 2387 reposui
1952 2350 1997 2376 ex
2026 2340 2107 2378 MS.
2126 2352 2194 2388 pro

1150 2392 1330 2441 dejectum.
1367 2392 1461 2429 Ter.
1492 2392 1606 2428 Andr.
1639 2402 1668 2428 r.
1689 2401 1722 2439 3.
1759 2388 1810 2425 rbi
1840 2401 1917 2425 tum
1939 2389 2030 2426 hanc
2050 2391 2192 2440 ejec‘lam

1150 2442 1329 2491 Chrysidis
1348 2448 1492 2479 Patrem
1522 2440 1664 2490 recepiffe
1689 2439 1809 2478 orbam
1828 2452 1900 2480 σε.
1930 2440 2033 2479 Curt.
2056 2453 2107 2478 1x.
2136 2454 2194 2479 10.

1149 2492 1350 2529 Belluarum
1370 2520 1381 2537 ,
1429 2504 1515 2540 quas
1543 2490 1666 2538 fluctus
1692 2490 1784 2540 ejicit
1806 2519 1816 2536 ,
1862 2503 1963 2527 carne
1992 2492 2191 2540 vescuntur.

1150 2544 1267 2591 Quod
1288 2552 1413 2581 autem
1433 2541 1535 2578 arida
1556 2553 1621 2589 pro
1641 2541 1765 2579 littore
1787 2542 1846 2578 vel
1861 2541 1953 2579 terrfi.
1964 2544 2137 2590 ponitur,
2157 2542 2196 2580 id

1154 2594 1243 2642 sapit
1264 2592 1405 2641 phrafin
1420 2593 1536 2631 sacrae
1547 2592 1752 2641 scripturae.
1780 2592 1911 2630 Genes.
1924 2605 2001 2642 cap.
2017 2605 2197 2642 1.vers.9.

1156 2649 1410 2693 Congregentur
1439 2655 1575 2693 aquae,
1610 2642 1698 2692 q‘uae
1711 2644 1799 2692 sunt
1812 2643 1879 2692 sub
1896 2643 1978 2680 coelo
1993 2671 2002 2686 ‚
2029 2644 2067 2680 in
2085 2644 2197 2680 locum

1156 2707 1268 2732 unum
1282 2723 1292 2739 ‚
1321 2706 1364 2734 εν
1380 2702 1541 2744 appareat
1562 2694 1678 2731 arida.
1716 2695 1763 2732 Et
1785 2706 1878 2732 vers.
1904 2706 1958 2731 10.
1986 2698 2031 2730 Et
2053 2696 2198 2732 vocavit

1151 2750 1246 2782 Deus
1274 2745 1415 2781 aridam
1443 2756 1586 2782 terram.
1611 2744 1742 2785 Exod.
1763 2756 1841 2793 cap.
1862 2756 1915 2781 1v.
1933 2756 2013 2783 vers
2033 2757 2068 2792 9.
2095 2751 2198 2781 Sume

1151 2808 1282 2844 aquam
1299 2795 1460 2840 fluminis
1473 2823 1483 2838 ,
1510 2806 1554 2833 (φ’
1572 2795 1706 2842 effunde
1723 2808 1799 2831 eam
1812 2796 1915 2844 super
1932 2796 2090 2834 aridam.
2119 2796 2198 2831 Ab·

1149 2846 1268 2884 solute
1296 2850 1359 2886 τῆν
1378 2846 1488 2892 ξηρὰν
1509 2853 1646 2883 vocant
1665 2846 1774 2883 etiam
1797 2847 1828 2882 οἱ
1848 2846 1876 2883 0'.
1927 2847 2103 2884 Ceterum
2132 2856 2197 2893 pe-

1152 2897 1276 2934 riodus
1305 2896 1458 2945 sequens
1476 2896 1514 2933 in
1538 2895 1619 2933 MS.
1639 2897 1688 2933 ita
1712 2906 1890 2945 concepta
1910 2906 2005 2934 erat:
2025 2902 2057 2931 Is
2076 2905 2196 2931 autem

1147 2956 1280 2996 propter
1303 2959 1432 2983 aurum
1444 2974 1454 2990 ,
1481 2946 1572 2995 quod
1592 2959 1669 2983 cum
1686 2947 1824 2992 infante
1841 2946 2003 2993 Polydoro
2021 2945 2196 2980 traditum

53 3003 88 3031 *te
116 2994 257 3031 obvenit
285 2992 399 3029 Sullae
422 2993 524 3042 Asiae
550 2996 742 3044 provincia.
771 2997 939 3035 Albricus
963 3009 1036 3045 cap.
1062 3010 1097 3035 2.
1142 2999 1292 3044 fuerat,
1320 2998 1439 3048 itaque
1460 2996 1625 3034 avaritia
1654 2997 1775 3033 duetus
1805 3009 1882 3032 eum
1901 2994 2072 3041 interfecit
2094 2993 2198 3042 Poly-

53 3045 125 3082 Cui
153 3044 279 3081 coelum
306 3054 348 3082 ω’
372 3043 450 3080 coeli
470 3058 612 3093 regnum
636 3045 674 3080 in
685 3046 815 3092 firtem
836 3046 931 3096 ceffit.
970 3048 1096 3085 Cedere
1153 3049 1282 3094 mestor.
1310 3049 1532 3085 Muucxfin.
1563 3053 1602 3083 In
1613 3047 1752 3083 aridum
1766 3046 1930 3094 dejectum
1946 3044 2196 3092 Parm.Lugd.

55 3102 178 3133 autem
198 3095 381 3143 eleganter
401 3093 531 3131 dicitur
553 3094 656 3143 quod
675 3096 781 3133 nobis
801 3099 970 3147 obtingit.
1011 3100 1097 3136 Ho—

56 3152 121 3182 rat.
140 3157 203 3182 111.
222 3146 286 3183 od.
304 3157 364 3181 20.
393 3144 534 3180 Grande
556 3155 747 3189 certamen,
776 3147 840 3182 tibi
858 3149 986 3196 praeda
997 3149 1096 3186 cedat

57 3195 199 3242 Major,
231 3208 280 3231 an
308 3194 372 3232 illi.
407 3194 691 3241 Justin.xu1.4.
719 3202 882 3231 Summus
912 3198 1097 3242 castrorum

58 3243 256 3283 tribunatus
275 3245 403 3283 Seleuco
423 3244 593 3283 Antiochi
611 3243 686 3293 filio
704 3242 800 3293 cefflt.
828 3245 913 3284 Lib.
935 3258 1101 3288 xxxvm.

164 3299 258 3335 Tam.
284 3302 332 3337 11.
390 3297 397 3299 ”

1150 3098 1294 3148 Micyll.
1320 3100 1476 3136 Raener.
1509 3098 1650 3140 esurum
1676 3108 1766 3133 vero
1796 3096 1927 3133 reeiius
1960 3095 2019 3132 est.
2048 3094 2120 3132 vid.
2147 3095 2195 3134 ad

1152 3149 1268 3187 Ovid.
1288 3147 1354 3197 Ep.
1376 3161 1447 3186 vu.
1468 3148 1529 3195 89.
1554 3146 1615 3184 sed
1633 3146 1773 3183 aridam
1795 3157 1860 3193 pro
1883 3145 1978 3182 arida
2000 3153 2092 3182 terra
2120 3145 2195 3184 dici

1155 3199 1218 3235 vix
1245 3207 1350 3246 puto.
1386 3209 1509 3245 neque
1545 3197 1651 3245 hujus
1678 3195 1840 3242 ellipseos
1858 3196 2069 3244 exemplum
2097 3196 2197 3244 apud

1156 3248 1310 3288 Latinos
1329 3248 1433 3286 novi.
1453 3246 1569 3284 fimile
1595 3246 1645 3282 illi
1677 3244 1792 3294 poffet
1821 3245 1936 3285 videri
1958 3246 2052 3297 apud
2080 3246 2195 3293 Diog.

1475 3296 1513 3333 V
1524 3307 1544 3334 v
1561 3308 1580 3333 v
1595 3309 1615 3333 v
1628 3306 1652 3342 v
2072 3297 2198 3336 Laert.
