<?xml version="1.0" encoding="UTF-8"?>
<!DOCTYPE html PUBLIC "-//W3C//DTD XHTML 1.0 Transitional//EN"
    "http://www.w3.org/TR/xhtml1/DTD/xhtml1-transitional.dtd">
<html xmlns="http://www.w3.org/1999/xhtml" xml:lang="en" lang="en">
 <head>
  <title>
</title>
<meta http-equiv="Content-Type" content="text/html;charset=utf-8" />
  <meta name='ocr-system' content='tesseract 3.04.00' />
  <meta name='ocr-capabilities' content='ocr_page ocr_carea ocr_par ocr_line ocrx_word'/>
</head>
<body>
  <div class='ocr_page' id='page_1' title='image "./publiiovidiinaso02ovid_0762.png"; bbox 0 0 2483 3616; ppageno 0'>
   <div class='ocr_carea' id='block_1_1' title="bbox 201 180 305 234">
    <p class='ocr_par' dir='ltr' id='par_1_1' title="bbox 201 180 305 234">
     <span class='ocr_line' id='line_1_1' title="bbox 201 180 305 234; baseline 0 0"><span class='ocrx_word' id='word_1_1' title='bbox 201 180 305 234; x_wconf 77' lang='lat'><strong>752</strong></span> 
     </span>
    </p>
   </div>
   <div class='ocr_carea' id='block_1_2' title="bbox 667 155 1849 218">
    <p class='ocr_par' dir='ltr' id='par_1_2' title="bbox 667 155 1849 218">
     <span class='ocr_line' id='line_1_2' title="bbox 667 155 1849 218; baseline -0.003 1"><span class='ocrx_word' id='word_1_2' title='bbox 667 155 1849 218; x_wconf 60' lang='lat' dir='ltr'><strong>P20V1‘D1‘1NASONIS·</strong></span> 
     </span>
    </p>
   </div>
   <div class='ocr_carea' id='block_1_3' title="bbox 372 264 1954 995">
    <p class='ocr_par' dir='ltr' id='par_1_3' title="bbox 372 264 1954 995">
     <span class='ocr_line' id='line_1_3' title="bbox 397 264 1666 343; baseline -0.005 -17"><span class='ocrx_word' id='word_1_3' title='bbox 397 287 465 343; x_wconf 84' lang='lat'><strong>95</strong></span> <span class='ocrx_word' id='word_1_4' title='bbox 504 267 751 342; x_wconf 86' lang='lat' dir='ltr'>Hospitis</span> <span class='ocrx_word' id='word_1_5' title='bbox 777 266 1013 322; x_wconf 85' lang='lat' dir='ltr'><strong>adventu</strong></span> <span class='ocrx_word' id='word_1_6' title='bbox 1037 264 1230 320; x_wconf 88' lang='lat' dir='ltr'><strong>festum</strong></span> <span class='ocrx_word' id='word_1_7' title='bbox 1255 265 1530 338; x_wconf 81' lang='lat' dir='ltr'><strong>genialiter</strong></span> <span class='ocrx_word' id='word_1_8' title='bbox 1555 267 1666 337; x_wconf 87' lang='lat' dir='ltr'><strong>egit</strong></span> 
     </span>
     <span class='ocr_line' id='line_1_4' title="bbox 507 337 1940 414; baseline -0.006 -16"><span class='ocrx_word' id='word_1_9' title='bbox 507 343 613 399; x_wconf 89' lang='lat' dir='ltr'><strong>Per</strong></span> <span class='ocrx_word' id='word_1_10' title='bbox 641 343 719 396; x_wconf 87' lang='lat' dir='ltr'><strong>bis</strong></span> <span class='ocrx_word' id='word_1_11' title='bbox 744 341 985 414; x_wconf 90' lang='lat' dir='ltr'><strong>quinque</strong></span> <span class='ocrx_word' id='word_1_12' title='bbox 1014 339 1157 403; x_wconf 78' lang='lat' dir='ltr'><strong>dies,</strong></span> <span class='ocrx_word' id='word_1_13' title='bbox 1197 337 1251 392; x_wconf 72' lang='grc' dir='ltr'><strong>δε</strong></span> <span class='ocrx_word' id='word_1_14' title='bbox 1275 337 1477 410; x_wconf 55' lang='lat' dir='ltr'><strong>juneas</strong></span> <span class='ocrx_word' id='word_1_15' title='bbox 1504 339 1695 392; x_wconf 87' lang='lat' dir='ltr'>ordine</span> <span class='ocrx_word' id='word_1_16' title='bbox 1723 337 1940 393; x_wconf 49' lang='lat' dir='ltr'><strong>nodiess.</strong></span> 
     </span>
     <span class='ocr_line' id='line_1_5' title="bbox 510 412 1741 486; baseline -0.003 -17"><span class='ocrx_word' id='word_1_17' title='bbox 510 415 584 471; x_wconf 85' lang='lat' dir='ltr'><strong>Et</strong></span> <span class='ocrx_word' id='word_1_18' title='bbox 603 415 711 486; x_wconf 87' lang='lat' dir='ltr'><strong>jam</strong></span> <span class='ocrx_word' id='word_1_19' title='bbox 736 414 997 468; x_wconf 83' lang='lat' dir='ltr'><strong>stellarum</strong></span> <span class='ocrx_word' id='word_1_20' title='bbox 1022 412 1240 467; x_wconf 90' lang='lat' dir='ltr'><strong>sublime</strong></span> <span class='ocrx_word' id='word_1_21' title='bbox 1265 417 1518 481; x_wconf 78' lang='lat' dir='ltr'><strong>coegerat</strong></span> <span class='ocrx_word' id='word_1_22' title='bbox 1546 427 1741 481; x_wconf 84' lang='lat' dir='ltr'><strong>agmen</strong></span> 
     </span>
     <span class='ocr_line' id='line_1_6' title="bbox 510 484 1954 555; baseline -0.001 -14"><span class='ocrx_word' id='word_1_23' title='bbox 510 486 734 543; x_wconf 83' lang='lat' dir='ltr'><strong>Lucifer</strong></span> <span class='ocrx_word' id='word_1_24' title='bbox 758 486 1106 549; x_wconf 76' lang='lat' dir='ltr'><strong>undecimu8‚</strong></span> <span class='ocrx_word' id='word_1_25' title='bbox 1142 484 1333 555; x_wconf 82' lang='lat' dir='ltr'><strong>Lydos</strong></span> <span class='ocrx_word' id='word_1_26' title='bbox 1359 500 1485 536; x_wconf 88' lang='lat' dir='ltr'><strong>cum</strong></span> <span class='ocrx_word' id='word_1_27' title='bbox 1509 484 1673 535; x_wconf 85' lang='lat' dir='ltr'><strong>laetus</strong></span> <span class='ocrx_word' id='word_1_28' title='bbox 1696 485 1750 536; x_wconf 87' lang='lat' dir='ltr'><strong>in</strong></span> <span class='ocrx_word' id='word_1_29' title='bbox 1780 502 1954 555; x_wconf 84' lang='lat' dir='ltr'><strong>agros</strong></span> 
     </span>
     <span class='ocr_line' id='line_1_7' title="bbox 511 553 1875 630; baseline -0.004 -15"><span class='ocrx_word' id='word_1_30' title='bbox 511 561 638 615; x_wconf 82' lang='lat' dir='ltr'><strong>Rex</strong></span> <span class='ocrx_word' id='word_1_31' title='bbox 665 560 810 613; x_wconf 90' lang='lat' dir='ltr'><strong>venit</strong></span> <span class='ocrx_word' id='word_1_32' title='bbox 830 583 856 621; x_wconf 89' lang='lat'><strong>;.</strong></span> <span class='ocrx_word' id='word_1_33' title='bbox 887 559 937 613; x_wconf 64' lang='grc' dir='ltr'>ἃ</span> <span class='ocrx_word' id='word_1_34' title='bbox 965 559 1147 630; x_wconf 80' lang='lat' dir='ltr'><strong>juveni</strong></span> <span class='ocrx_word' id='word_1_35' title='bbox 1171 556 1408 610; x_wconf 80' lang='lat' dir='ltr'><strong>Silenum</strong></span> <span class='ocrx_word' id='word_1_36' title='bbox 1435 553 1616 607; x_wconf 85' lang='lat' dir='ltr'><strong>reddit</strong></span> <span class='ocrx_word' id='word_1_37' title='bbox 1643 555 1875 610; x_wconf 77' lang='lat' dir='ltr'><strong>alumno,</strong></span> 
     </span>
     <span class='ocr_line' id='line_1_8' title="bbox 372 625 1900 703; baseline -0.007 -14"><span class='ocrx_word' id='word_1_38' title='bbox 372 653 472 690; x_wconf 74' lang='lat' dir='ltr'><strong>itoo</strong></span> <span class='ocrx_word' id='word_1_39' title='bbox 511 632 661 688; x_wconf 83' lang='lat' dir='ltr'>Huic</span> <span class='ocrx_word' id='word_1_40' title='bbox 691 633 838 687; x_wconf 83' lang='lat' dir='ltr'><strong>Deus</strong></span> <span class='ocrx_word' id='word_1_41' title='bbox 864 629 1085 703; x_wconf 86' lang='lat' dir='ltr'><strong>optandi</strong></span> <span class='ocrx_word' id='word_1_42' title='bbox 1111 641 1349 700; x_wconf 84' lang='lat' dir='ltr'><strong>gratum,</strong></span> <span class='ocrx_word' id='word_1_43' title='bbox 1387 625 1476 679; x_wconf 91' lang='lat' dir='ltr'><strong>sed</strong></span> <span class='ocrx_word' id='word_1_44' title='bbox 1503 627 1720 690; x_wconf 88' lang='lat' dir='ltr'><strong>inutile,</strong></span> <span class='ocrx_word' id='word_1_45' title='bbox 1759 628 1900 682; x_wconf 60' lang='lat' dir='ltr'><strong>fecit&gt;</strong></span> 
     </span>
     <span class='ocr_line' id='line_1_9' title="bbox 511 698 1830 771; baseline -0.006 -11"><span class='ocrx_word' id='word_1_46' title='bbox 511 706 758 760; x_wconf 85' lang='lat' dir='ltr'><strong>Muneris</strong></span> <span class='ocrx_word' id='word_1_47' title='bbox 784 705 1060 758; x_wconf 79' lang='lat' dir='ltr'>arbitrium</span> <span class='ocrx_word' id='word_1_48' title='bbox 1078 741 1090 763; x_wconf 90' lang='lat'>‚</span> <span class='ocrx_word' id='word_1_49' title='bbox 1137 699 1371 771; x_wconf 85' lang='lat' dir='ltr'><strong>gaudens</strong></span> <span class='ocrx_word' id='word_1_50' title='bbox 1395 698 1564 753; x_wconf 91' lang='lat' dir='ltr'><strong>altore</strong></span> <span class='ocrx_word' id='word_1_51' title='bbox 1588 712 1830 769; x_wconf 78' lang='lat' dir='ltr'><strong>recepto,</strong></span> 
     </span>
     <span class='ocr_line' id='line_1_10' title="bbox 509 769 1878 844; baseline -0.004 -12"><span class='ocrx_word' id='word_1_52' title='bbox 509 778 598 833; x_wconf 89' lang='lat' dir='ltr'><strong>Ille</strong></span> <span class='ocrx_word' id='word_1_53' title='bbox 626 779 761 831; x_wconf 84' lang='lat' dir='ltr'><strong>male</strong></span> <span class='ocrx_word' id='word_1_54' title='bbox 789 778 971 830; x_wconf 83' lang='lat' dir='ltr'><strong>usurus</strong></span> <span class='ocrx_word' id='word_1_55' title='bbox 997 774 1184 835; x_wconf 88' lang='lat' dir='ltr'><strong>donis,</strong></span> <span class='ocrx_word' id='word_1_56' title='bbox 1222 772 1323 835; x_wconf 83' lang='lat' dir='ltr'><strong>ait,</strong></span> <span class='ocrx_word' id='word_1_57' title='bbox 1359 769 1565 836; x_wconf 81' lang='lat' dir='ltr'><strong>Effice,</strong></span> <span class='ocrx_word' id='word_1_58' title='bbox 1606 771 1878 844; x_wconf 84' lang='lat' dir='ltr'><strong>quidquid</strong></span> 
     </span>
     <span class='ocr_line' id='line_1_11' title="bbox 511 845 1928 920; baseline -0.002 -17"><span class='ocrx_word' id='word_1_59' title='bbox 511 851 761 920; x_wconf 82' lang='lat' dir='ltr'><strong>Corpore</strong></span> <span class='ocrx_word' id='word_1_60' title='bbox 787 848 1099 918; x_wconf 82' lang='lat' dir='ltr'><strong>contigero,</strong></span> <span class='ocrx_word' id='word_1_61' title='bbox 1140 845 1346 900; x_wconf 85' lang='lat' dir='ltr'><strong>fulvum</strong></span> <span class='ocrx_word' id='word_1_62' title='bbox 1371 857 1608 899; x_wconf 86' lang='lat' dir='ltr'><strong>vertatur</strong></span> <span class='ocrx_word' id='word_1_63' title='bbox 1639 847 1693 899; x_wconf 89' lang='lat' dir='ltr'><strong>in</strong></span> <span class='ocrx_word' id='word_1_64' title='bbox 1723 861 1928 901; x_wconf 86' lang='lat' dir='ltr'><strong>aurum.</strong></span> 
     </span>
     <span class='ocr_line' id='line_1_12' title="bbox 511 919 1802 995; baseline -0.005 -17"><span class='ocrx_word' id='word_1_65' title='bbox 511 922 722 979; x_wconf 82' lang='lat' dir='ltr'><strong>Adnuit</strong></span> <span class='ocrx_word' id='word_1_66' title='bbox 753 922 974 995; x_wconf 87' lang='lat' dir='ltr'><strong>optatis:</strong></span> <span class='ocrx_word' id='word_1_67' title='bbox 1014 919 1369 992; x_wconf 80' lang='lat' dir='ltr'><strong>nocituraque</strong></span> <span class='ocrx_word' id='word_1_68' title='bbox 1400 936 1625 974; x_wconf 89' lang='lat' dir='ltr'><strong>munera</strong></span> <span class='ocrx_word' id='word_1_69' title='bbox 1648 919 1802 974; x_wconf 84' lang='lat' dir='ltr'><strong>solvit</strong></span> 
     </span>
    </p>
   </div>
   <div class='ocr_carea' id='block_1_4' title="bbox 2467 145 2473 688">
    <p class='ocr_par' dir='ltr' id='par_1_4' title="bbox 2467 145 2473 688">
     <span class='ocr_line' id='line_1_13' title="bbox 2467 145 2473 688; baseline 0 0"><span class='ocrx_word' id='word_1_70' title='bbox 2467 145 2473 688; x_wconf 95' lang='lat' dir='ltr'><strong> </strong></span> 
     </span>
    </p>
   </div>
   <div class='ocr_carea' id='block_1_5' title="bbox 2178 992 2475 1063">
    <p class='ocr_par' dir='ltr' id='par_1_5' title="bbox 2178 992 2475 1063">
     <span class='ocr_line' id='line_1_14' title="bbox 2178 992 2475 1063; baseline -0.007 -14"><span class='ocrx_word' id='word_1_71' title='bbox 2178 992 2396 1061; x_wconf 42' lang='lat' dir='ltr'><strong>Libere</strong></span> <span class='ocrx_word' id='word_1_72' title='bbox 2474 1000 2475 1063; x_wconf 80' lang='lat'><em>3</em></span> 
     </span>
    </p>
   </div>
   <div class='ocr_carea' id='block_1_6' title="bbox 219 1130 2475 1240">
    <p class='ocr_par' dir='ltr' id='par_1_6' title="bbox 219 1130 2475 1240">
     <span class='ocr_line' id='line_1_15' title="bbox 220 1130 2475 1191; baseline -0.004 -11"><span class='ocrx_word' id='word_1_73' title='bbox 220 1142 328 1191; x_wconf 85' lang='lat' dir='ltr'><strong>hujus</strong></span> <span class='ocrx_word' id='word_1_74' title='bbox 360 1138 606 1188; x_wconf 86' lang='lat' dir='ltr'><strong>Antiphemus</strong></span> <span class='ocrx_word' id='word_1_75' title='bbox 628 1164 638 1181; x_wconf 94' lang='lat'><strong>‚</strong></span> <span class='ocrx_word' id='word_1_76' title='bbox 675 1135 897 1185; x_wconf 87' lang='lat' dir='ltr'><strong>Antiphemi</strong></span> <span class='ocrx_word' id='word_1_77' title='bbox 930 1134 1104 1173; x_wconf 80' lang='lat' dir='ltr'><strong>Musaeus</strong></span> <span class='ocrx_word' id='word_1_78' title='bbox 1144 1136 1271 1183; x_wconf 80' lang='lat' dir='ltr'><strong>po‘e&#39;ta.</strong></span> <span class='ocrx_word' id='word_1_79' title='bbox 1326 1133 1407 1182; x_wconf 88' lang='lat' dir='ltr'><strong>pius</strong></span> <span class='ocrx_word' id='word_1_80' title='bbox 1430 1133 1510 1171; x_wconf 83' lang='lat' dir='ltr'><strong>fuit.</strong></span> <span class='ocrx_word' id='word_1_81' title='bbox 1548 1144 1661 1182; x_wconf 81' lang='lat' dir='ltr'><strong>quare</strong></span> <span class='ocrx_word' id='word_1_82' title='bbox 1688 1132 1958 1182; x_wconf 86' lang='lat' dir='ltr'><strong>suspicarilicet</strong></span> <span class='ocrx_word' id='word_1_83' title='bbox 1983 1130 2163 1181; x_wconf 81' lang='lat' dir='ltr'><strong>Eumolpi</strong></span> <span class='ocrx_word' id='word_1_84' title='bbox 2186 1133 2292 1181; x_wconf 89' lang='lat' dir='ltr'><strong>primi</strong></span> <span class='ocrx_word' id='word_1_85' title='bbox 2313 1145 2400 1183; x_wconf 48' lang='lat' dir='ltr'><strong>poe-⁴</strong></span> <span class='ocrx_word' id='word_1_86' title='bbox 2474 1151 2475 1175; x_wconf 72' lang='lat'>1</span> 
     </span>
     <span class='ocr_line' id='line_1_16' title="bbox 219 1183 2400 1240; baseline -0.003 -10"><span class='ocrx_word' id='word_1_87' title='bbox 219 1192 363 1230; x_wconf 84' lang='lat' dir='ltr'><strong>Musaei</strong></span> <span class='ocrx_word' id='word_1_88' title='bbox 383 1189 493 1240; x_wconf 79' lang='lat' dir='ltr'><strong>porro</strong></span> <span class='ocrx_word' id='word_1_89' title='bbox 516 1188 748 1236; x_wconf 86' lang='lat' dir='ltr'><strong>Eumolpus,</strong></span> <span class='ocrx_word' id='word_1_90' title='bbox 778 1187 824 1224; x_wconf 91' lang='lat' dir='ltr'><strong>de</strong></span> <span class='ocrx_word' id='word_1_91' title='bbox 848 1198 925 1236; x_wconf 89' lang='lat' dir='ltr'><strong>quo</strong></span> <span class='ocrx_word' id='word_1_92' title='bbox 944 1187 1008 1224; x_wconf 78' lang='lat' dir='ltr'><strong>hic</strong></span> <span class='ocrx_word' id='word_1_93' title='bbox 1029 1187 1158 1234; x_wconf 82' lang='lat' dir='ltr'><strong>agitur.</strong></span> <span class='ocrx_word' id='word_1_94' title='bbox 1202 1185 1272 1222; x_wconf 87' lang='lat' dir='ltr'><strong>At·</strong></span> <span class='ocrx_word' id='word_1_95' title='bbox 1327 1185 1438 1222; x_wconf 82' lang='lat' dir='ltr'><strong>steros</strong></span> <span class='ocrx_word' id='word_1_96' title='bbox 1458 1183 1581 1221; x_wconf 91' lang='lat' dir='ltr'><strong>sedem</strong></span> <span class='ocrx_word' id='word_1_97' title='bbox 1607 1183 1719 1222; x_wconf 76' lang='lat' dir='ltr'><strong>fixisse</strong></span> <span class='ocrx_word' id='word_1_98' title='bbox 1750 1183 1918 1222; x_wconf 74' lang='lat' dir='ltr'><strong>Eleusine</strong></span> <span class='ocrx_word' id='word_1_99' title='bbox 1942 1212 1952 1229; x_wconf 92' lang='lat'>‚</span> <span class='ocrx_word' id='word_1_100' title='bbox 1989 1186 2026 1221; x_wconf 87' lang='lat'>&amp;</span> <span class='ocrx_word' id='word_1_101' title='bbox 2059 1183 2220 1233; x_wconf 83' lang='lat' dir='ltr'><strong>aliquem</strong></span> <span class='ocrx_word' id='word_1_102' title='bbox 2244 1196 2289 1221; x_wconf 85' lang='lat' dir='ltr'><strong>ex</strong></span> <span class='ocrx_word' id='word_1_103' title='bbox 2312 1186 2400 1223; x_wconf 82' lang='lat' dir='ltr'><strong>illis·</strong></span> 
     </span>
    </p>
   </div>
   <div class='ocr_carea' id='block_1_7' title="bbox 219 1238 1275 1545">
    <p class='ocr_par' dir='ltr' id='par_1_7' title="bbox 219 1238 1275 1545">
     <span class='ocr_line' id='line_1_17' title="bbox 219 1238 1272 1291; baseline -0.009 -11"><span class='ocrx_word' id='word_1_104' title='bbox 219 1255 294 1291; x_wconf 81' lang='lat' dir='ltr'><strong>que</strong></span> <span class='ocrx_word' id='word_1_105' title='bbox 316 1244 413 1279; x_wconf 86' lang='lat' dir='ltr'><strong>bunc</strong></span> <span class='ocrx_word' id='word_1_106' title='bbox 436 1242 598 1290; x_wconf 87' lang='lat' dir='ltr'><strong>primum</strong></span> <span class='ocrx_word' id='word_1_107' title='bbox 617 1268 626 1284; x_wconf 95' lang='lat'><strong>,</strong></span> <span class='ocrx_word' id='word_1_108' title='bbox 653 1251 732 1277; x_wconf 90' lang='lat' dir='ltr'><strong>non</strong></span> <span class='ocrx_word' id='word_1_109' title='bbox 752 1238 1004 1276; x_wconf 78' lang='lat' dir='ltr'><strong>Thracensem</strong></span> <span class='ocrx_word' id='word_1_110' title='bbox 1034 1238 1137 1275; x_wconf 89' lang='lat' dir='ltr'><strong>illum</strong></span> <span class='ocrx_word' id='word_1_111' title='bbox 1154 1264 1164 1281; x_wconf 93' lang='lat'><strong>,</strong></span> <span class='ocrx_word' id='word_1_112' title='bbox 1188 1247 1272 1285; x_wconf 89' lang='lat' dir='ltr'><strong>my-</strong></span> 
     </span>
     <span class='ocr_line' id='line_1_18' title="bbox 220 1287 1272 1336; baseline -0.007 -5"><span class='ocrx_word' id='word_1_113' title='bbox 220 1294 412 1331; x_wconf 82' lang='lat' dir='ltr'><strong>steriorum</strong></span> <span class='ocrx_word' id='word_1_114' title='bbox 447 1293 628 1329; x_wconf 87' lang='lat' dir='ltr'><strong>rationem</strong></span> <span class='ocrx_word' id='word_1_115' title='bbox 659 1302 702 1327; x_wconf 89' lang='lat' dir='ltr'><strong>ac</strong></span> <span class='ocrx_word' id='word_1_116' title='bbox 736 1291 824 1327; x_wconf 88' lang='lat' dir='ltr'><strong>ritus</strong></span> <span class='ocrx_word' id='word_1_117' title='bbox 848 1287 1036 1333; x_wconf 71' lang='lat' dir='ltr'><strong>docuisse,</strong></span> <span class='ocrx_word' id='word_1_118' title='bbox 1064 1287 1272 1336; x_wconf 87' lang='lat' dir='ltr'><strong>eademque</strong></span> 
     </span>
     <span class='ocr_line' id='line_1_19' title="bbox 221 1337 1273 1389; baseline -0.006 -8"><span class='ocrx_word' id='word_1_119' title='bbox 221 1345 334 1381; x_wconf 88' lang='lat' dir='ltr'><strong>etiam</strong></span> <span class='ocrx_word' id='word_1_120' title='bbox 357 1343 516 1381; x_wconf 85' lang='lat' dir='ltr'><strong>versibus</strong></span> <span class='ocrx_word' id='word_1_121' title='bbox 545 1339 759 1389; x_wconf 74' lang='lat' dir='ltr'><strong>descripsisse</strong></span> <span class='ocrx_word' id='word_1_122' title='bbox 781 1340 923 1378; x_wconf 84' lang='lat' dir='ltr'><strong>volunt.</strong></span> <span class='ocrx_word' id='word_1_123' title='bbox 951 1349 1096 1377; x_wconf 83' lang='lat' dir='ltr'><strong>autores</strong></span> <span class='ocrx_word' id='word_1_124' title='bbox 1123 1337 1273 1382; x_wconf 79' lang='lat' dir='ltr'><strong>Suidas,</strong></span> 
     </span>
     <span class='ocr_line' id='line_1_20' title="bbox 222 1389 1273 1440; baseline -0.007 -7"><span class='ocrx_word' id='word_1_125' title='bbox 222 1394 352 1439; x_wconf 73' lang='lat' dir='ltr'><strong>Istrus,</strong></span> <span class='ocrx_word' id='word_1_126' title='bbox 383 1393 602 1431; x_wconf 79' lang='lat' dir='ltr'><strong>Acesidorus</strong></span> <span class='ocrx_word' id='word_1_127' title='bbox 636 1394 673 1429; x_wconf 64' lang='grc' dir='ltr'><strong>ὅς</strong></span> <span class='ocrx_word' id='word_1_128' title='bbox 706 1392 921 1429; x_wconf 76' lang='lat' dir='ltr'><strong>Androtion</strong></span> <span class='ocrx_word' id='word_1_129' title='bbox 946 1419 955 1434; x_wconf 95' lang='lat'>‚</span> <span class='ocrx_word' id='word_1_130' title='bbox 994 1399 1034 1429; x_wconf 89' lang='lat' dir='ltr'><strong>ut</strong></span> <span class='ocrx_word' id='word_1_131' title='bbox 1057 1389 1210 1440; x_wconf 88' lang='lat' dir='ltr'><strong>quidem</strong></span> <span class='ocrx_word' id='word_1_132' title='bbox 1235 1389 1273 1426; x_wconf 90' lang='lat' dir='ltr'><strong>in</strong></span> 
     </span>
     <span class='ocr_line' id='line_1_21' title="bbox 221 1440 1272 1493; baseline -0.007 -9"><span class='ocrx_word' id='word_1_133' title='bbox 221 1446 500 1484; x_wconf 86' lang='lat' dir='ltr'><strong>commentariis</strong></span> <span class='ocrx_word' id='word_1_134' title='bbox 520 1443 711 1493; x_wconf 89' lang='lat' dir='ltr'><strong>Sophoclis</strong></span> <span class='ocrx_word' id='word_1_135' title='bbox 733 1443 874 1480; x_wconf 81' lang='lat' dir='ltr'><strong>citatur.</strong></span> <span class='ocrx_word' id='word_1_136' title='bbox 929 1442 1106 1479; x_wconf 72' lang='lat' dir='ltr'><strong>Ceterum</strong></span> <span class='ocrx_word' id='word_1_137' title='bbox 1133 1441 1170 1478; x_wconf 87' lang='lat' dir='ltr'><strong>in</strong></span> <span class='ocrx_word' id='word_1_138' title='bbox 1194 1440 1272 1488; x_wconf 86' lang='lat' dir='ltr'><strong>epi·</strong></span> 
     </span>
     <span class='ocr_line' id='line_1_22' title="bbox 222 1491 1275 1545; baseline -0.006 -11"><span class='ocrx_word' id='word_1_139' title='bbox 222 1498 351 1545; x_wconf 74' lang='lat' dir='ltr'><strong>taphio</strong></span> <span class='ocrx_word' id='word_1_140' title='bbox 370 1496 512 1534; x_wconf 85' lang='lat' dir='ltr'><strong>Musaei</strong></span> <span class='ocrx_word' id='word_1_141' title='bbox 531 1507 608 1532; x_wconf 90' lang='lat' dir='ltr'><strong>non</strong></span> <span class='ocrx_word' id='word_1_142' title='bbox 629 1503 731 1542; x_wconf 88' lang='lat' dir='ltr'><strong>pater</strong></span> <span class='ocrx_word' id='word_1_143' title='bbox 749 1493 953 1542; x_wconf 88' lang='lat' dir='ltr'><strong>Eumolpi,</strong></span> <span class='ocrx_word' id='word_1_144' title='bbox 981 1493 1040 1532; x_wconf 90' lang='lat' dir='ltr'><strong>sed</strong></span> <span class='ocrx_word' id='word_1_145' title='bbox 1059 1492 1153 1530; x_wconf 90' lang='lat' dir='ltr'><strong>filius</strong></span> <span class='ocrx_word' id='word_1_146' title='bbox 1174 1491 1275 1529; x_wconf 88' lang='lat' dir='ltr'><strong>idem</strong></span> 
     </span>
    </p>
   </div>
   <div class='ocr_carea' id='block_1_8' title="bbox 144 1546 724 1601">
    <p class='ocr_par' dir='ltr' id='par_1_8' title="bbox 144 1546 724 1601">
     <span class='ocr_line' id='line_1_23' title="bbox 144 1546 724 1601; baseline -0.009 -14"><span class='ocrx_word' id='word_1_147' title='bbox 144 1592 150 1601; x_wconf 24' lang='grc' dir='ltr'><em>ἦ</em></span> <span class='ocrx_word' id='word_1_148' title='bbox 226 1548 372 1587; x_wconf 81' lang='lat' dir='ltr'><strong>dicitur.</strong></span> <span class='ocrx_word' id='word_1_149' title='bbox 400 1549 450 1585; x_wconf 90' lang='lat' dir='ltr'><strong>ita</strong></span> <span class='ocrx_word' id='word_1_150' title='bbox 472 1548 571 1584; x_wconf 89' lang='lat' dir='ltr'><strong>enim</strong></span> <span class='ocrx_word' id='word_1_151' title='bbox 594 1546 724 1583; x_wconf 84' lang='lat' dir='ltr'><strong>habet:</strong></span> 
     </span>
    </p>
   </div>
   <div class='ocr_carea' id='block_1_9' title="bbox 226 1593 1312 2763">
    <p class='ocr_par' dir='ltr' id='par_1_9' title="bbox 226 1593 1279 1943">
     <span class='ocr_line' id='line_1_24' title="bbox 300 1593 1228 1644; baseline -0.003 -10"><span class='ocrx_word' id='word_1_152' title='bbox 300 1598 493 1643; x_wconf 78' lang='grc' dir='ltr'>Εὐμόλπου</span> <span class='ocrx_word' id='word_1_153' title='bbox 512 1597 623 1644; x_wconf 71' lang='grc' dir='ltr'><strong>φίλον</strong></span> <span class='ocrx_word' id='word_1_154' title='bbox 645 1597 716 1632; x_wconf 72' lang='grc' dir='ltr'><strong>ὑιὸν</strong></span> <span class='ocrx_word' id='word_1_155' title='bbox 735 1594 816 1642; x_wconf 71' lang='grc' dir='ltr'><strong>ἔχει</strong></span> <span class='ocrx_word' id='word_1_156' title='bbox 839 1595 883 1632; x_wconf 71' lang='grc' dir='ltr'><strong>τὸ</strong></span> <span class='ocrx_word' id='word_1_157' title='bbox 904 1595 1103 1638; x_wconf 67' lang='grc' dir='ltr'><strong>Φαληρικὸν</strong></span> <span class='ocrx_word' id='word_1_158' title='bbox 1124 1593 1228 1640; x_wconf 69' lang='grc' dir='ltr'><em>οὖδας</em></span> 
     </span>
     <span class='ocr_line' id='line_1_25' title="bbox 357 1643 1223 1696; baseline -0.001 -10"><span class='ocrx_word' id='word_1_159' title='bbox 357 1651 537 1686; x_wconf 75' lang='grc' dir='ltr'><em>Μουσαῖον</em></span> <span class='ocrx_word' id='word_1_160' title='bbox 552 1677 561 1693; x_wconf 94' lang='grc'><strong><em>,</em></strong></span> <span class='ocrx_word' id='word_1_161' title='bbox 583 1647 745 1695; x_wconf 65' lang='grc' dir='ltr'><em>Φῧῑμενου</em></span> <span class='ocrx_word' id='word_1_162' title='bbox 767 1643 853 1689; x_wconf 81' lang='grc' dir='ltr'><em>σῶμ’</em></span> <span class='ocrx_word' id='word_1_163' title='bbox 879 1646 949 1683; x_wconf 73' lang='grc' dir='ltr'><strong>ὑπὸ</strong></span> <span class='ocrx_word' id='word_1_164' title='bbox 973 1650 1021 1694; x_wconf 65' lang='grc' dir='ltr'><strong>’τῷ</strong></span> <span class='ocrx_word' id='word_1_165' title='bbox 1041 1645 1082 1683; x_wconf 69' lang='grc' dir='ltr'><strong>δὲ</strong></span> <span class='ocrx_word' id='word_1_166' title='bbox 1103 1648 1223 1696; x_wconf 69' lang='grc' dir='ltr'><em>τάφῳ.</em></span> 
     </span>
     <span class='ocr_line' id='line_1_26' title="bbox 228 1698 1279 1748; baseline -0.003 -9"><span class='ocrx_word' id='word_1_167' title='bbox 228 1700 299 1739; x_wconf 87' lang='lat' dir='ltr'><strong>Sed</strong></span> <span class='ocrx_word' id='word_1_168' title='bbox 320 1709 445 1738; x_wconf 88' lang='lat' dir='ltr'><strong>tamen</strong></span> <span class='ocrx_word' id='word_1_169' title='bbox 468 1700 587 1748; x_wconf 87' lang='lat' dir='ltr'><strong>plures</strong></span> <span class='ocrx_word' id='word_1_170' title='bbox 610 1710 652 1735; x_wconf 90' lang='lat' dir='ltr'><strong>ac</strong></span> <span class='ocrx_word' id='word_1_171' title='bbox 670 1698 833 1746; x_wconf 86' lang='lat' dir='ltr'><strong>potiores</strong></span> <span class='ocrx_word' id='word_1_172' title='bbox 853 1706 998 1735; x_wconf 84' lang='lat' dir='ltr'><strong>autores</strong></span> <span class='ocrx_word' id='word_1_173' title='bbox 1030 1699 1279 1743; x_wconf 83' lang='lat' dir='ltr'><strong>consentiunt,</strong></span> 
     </span>
     <span class='ocr_line' id='line_1_27' title="bbox 228 1746 1278 1798; baseline -0.003 -9"><span class='ocrx_word' id='word_1_174' title='bbox 228 1751 372 1789; x_wconf 80' lang='lat' dir='ltr'><strong>Musaei</strong></span> <span class='ocrx_word' id='word_1_175' title='bbox 392 1751 509 1789; x_wconf 89' lang='lat' dir='ltr'><strong>filium</strong></span> <span class='ocrx_word' id='word_1_176' title='bbox 533 1750 762 1798; x_wconf 87' lang='lat' dir='ltr'><strong>Eumolpum</strong></span> <span class='ocrx_word' id='word_1_177' title='bbox 785 1749 884 1786; x_wconf 89' lang='lat' dir='ltr'><strong>hunc</strong></span> <span class='ocrx_word' id='word_1_178' title='bbox 907 1746 1020 1786; x_wconf 81' lang='lat' dir='ltr'><strong>fuiffe.</strong></span> <span class='ocrx_word' id='word_1_179' title='bbox 1052 1751 1278 1788; x_wconf 70' lang='lat' dir='ltr'><strong>Micrttus.</strong></span> 
     </span>
     <span class='ocr_line' id='line_1_28' title="bbox 228 1799 1279 1850; baseline -0.001 -10"><span class='ocrx_word' id='word_1_180' title='bbox 228 1802 471 1850; x_wconf 84' lang='lat' dir='ltr'><strong>Manuscripti</strong></span> <span class='ocrx_word' id='word_1_181' title='bbox 489 1813 621 1839; x_wconf 88' lang='lat' dir='ltr'><strong>omnes</strong></span> <span class='ocrx_word' id='word_1_182' title='bbox 642 1799 842 1848; x_wconf 80' lang='lat' dir='ltr'><strong>Eumolpho.</strong></span> <span class='ocrx_word' id='word_1_183' title='bbox 869 1812 947 1849; x_wconf 88' lang='lat' dir='ltr'><strong>quo</strong></span> <span class='ocrx_word' id='word_1_184' title='bbox 962 1800 1079 1838; x_wconf 89' lang='lat' dir='ltr'><strong>modo</strong></span> <span class='ocrx_word' id='word_1_185' title='bbox 1101 1801 1279 1850; x_wconf 81' lang='lat' dir='ltr'><strong>impreffit</strong></span> 
     </span>
     <span class='ocr_line' id='line_1_29' title="bbox 229 1851 1279 1900; baseline 0 -10"><span class='ocrx_word' id='word_1_186' title='bbox 229 1853 347 1890; x_wconf 90' lang='lat' dir='ltr'><strong>Aldus</strong></span> <span class='ocrx_word' id='word_1_187' title='bbox 378 1853 522 1897; x_wconf 85' lang='lat' dir='ltr'><strong>senior,</strong></span> <span class='ocrx_word' id='word_1_188' title='bbox 559 1853 597 1889; x_wconf 69' lang='grc' dir='ltr'><strong>ὅ(</strong></span> <span class='ocrx_word' id='word_1_189' title='bbox 626 1851 850 1888; x_wconf 86' lang='lat' dir='ltr'><strong>Sebastianus</strong></span> <span class='ocrx_word' id='word_1_190' title='bbox 888 1851 1074 1900; x_wconf 85' lang='lat' dir='ltr'><strong>Gryphius</strong></span> <span class='ocrx_word' id='word_1_191' title='bbox 1103 1852 1193 1892; x_wconf 87' lang='lat' dir='ltr'><strong>illud</strong></span> <span class='ocrx_word' id='word_1_192' title='bbox 1217 1865 1279 1892; x_wconf 83' lang='lat'><strong>111.</strong></span> 
     </span>
     <span class='ocr_line' id='line_1_30' title="bbox 226 1903 458 1943; baseline -0.009 0"><span class='ocrx_word' id='word_1_193' title='bbox 226 1903 290 1943; x_wconf 77' lang='lat' dir='ltr'><strong>De</strong></span> <span class='ocrx_word' id='word_1_194' title='bbox 311 1904 434 1941; x_wconf 81' lang='lat' dir='ltr'><strong>Ponto</strong></span> <span class='ocrx_word' id='word_1_195' title='bbox 451 1917 458 1941; x_wconf 91' lang='lat'><strong>:</strong></span> 
     </span>
    </p>

    <p class='ocr_par' dir='ltr' id='par_1_10' title="bbox 230 1951 1312 2763">
     <span class='ocr_line' id='line_1_31' title="bbox 282 1951 1202 2002; baseline 0.001 -11"><span class='ocrx_word' id='word_1_196' title='bbox 282 1960 339 1991; x_wconf 85' lang='lat' dir='ltr'><strong>At</strong></span> <span class='ocrx_word' id='word_1_197' title='bbox 359 1968 428 1991; x_wconf 82' lang='lat' dir='ltr'><strong>non</strong></span> <span class='ocrx_word' id='word_1_198' title='bbox 449 1953 634 1991; x_wconf 78' lang='lat' dir='ltr'><strong>Chionides</strong></span> <span class='ocrx_word' id='word_1_199' title='bbox 659 1951 869 2001; x_wconf 79' lang='lat' dir='ltr'><strong>Eumolphus</strong></span> <span class='ocrx_word' id='word_1_200' title='bbox 889 1952 928 1989; x_wconf 83' lang='lat' dir='ltr'><strong>in</strong></span> <span class='ocrx_word' id='word_1_201' title='bbox 951 1952 1088 2002; x_wconf 85' lang='lat' dir='ltr'><strong>Orphea</strong></span> <span class='ocrx_word' id='word_1_202' title='bbox 1105 1954 1202 1993; x_wconf 74' lang='lat' dir='ltr'><strong>talis.</strong></span> 
     </span>
     <span class='ocr_line' id='line_1_32' title="bbox 230 2003 1280 2054; baseline 0.002 -12"><span class='ocrx_word' id='word_1_203' title='bbox 230 2005 452 2043; x_wconf 53' lang='lat' dir='ltr'><strong>emimus.</strong></span> <span class='ocrx_word' id='word_1_204' title='bbox 507 2005 704 2053; x_wconf 78' lang='lat' dir='ltr'><strong>Cecropium</strong></span> <span class='ocrx_word' id='word_1_205' title='bbox 725 2003 858 2040; x_wconf 85' lang='lat' dir='ltr'><strong>Noster</strong></span> <span class='ocrx_word' id='word_1_206' title='bbox 891 2012 1001 2041; x_wconf 85' lang='lat' dir='ltr'><strong>vocat</strong></span> <span class='ocrx_word' id='word_1_207' title='bbox 1024 2032 1033 2048; x_wconf 95' lang='lat'><strong>,</strong></span> <span class='ocrx_word' id='word_1_208' title='bbox 1070 2016 1184 2054; x_wconf 88' lang='lat' dir='ltr'><strong>quem</strong></span> <span class='ocrx_word' id='word_1_209' title='bbox 1219 2006 1280 2044; x_wconf 84' lang='lat' dir='ltr'><strong>alii</strong></span> 
     </span>
     <span class='ocr_line' id='line_1_33' title="bbox 234 2055 1280 2106; baseline 0.001 -12"><span class='ocrx_word' id='word_1_210' title='bbox 234 2056 424 2094; x_wconf 85' lang='lat' dir='ltr'><strong>Thracem</strong></span> <span class='ocrx_word' id='word_1_211' title='bbox 448 2057 606 2099; x_wconf 89' lang='lat' dir='ltr'><strong>faciunt,</strong></span> <span class='ocrx_word' id='word_1_212' title='bbox 637 2055 804 2103; x_wconf 84' lang='lat' dir='ltr'><strong>Neptuni</strong></span> <span class='ocrx_word' id='word_1_213' title='bbox 826 2055 863 2090; x_wconf 84' lang='lat'>&amp;</span> <span class='ocrx_word' id='word_1_214' title='bbox 877 2055 1042 2092; x_wconf 89' lang='lat' dir='ltr'><strong>Chiones</strong></span> <span class='ocrx_word' id='word_1_215' title='bbox 1062 2055 1177 2094; x_wconf 91' lang='lat' dir='ltr'><strong>filium</strong></span> <span class='ocrx_word' id='word_1_216' title='bbox 1194 2057 1280 2106; x_wconf 82' lang='lat' dir='ltr'><strong>‚qui</strong></span> 
     </span>
     <span class='ocr_line' id='line_1_34' title="bbox 235 2105 1282 2156; baseline 0.001 -12"><span class='ocrx_word' id='word_1_217' title='bbox 235 2107 371 2145; x_wconf 91' lang='lat' dir='ltr'><strong>bellum</strong></span> <span class='ocrx_word' id='word_1_218' title='bbox 384 2107 486 2156; x_wconf 74' lang='lat' dir='ltr'><strong>gessit</strong></span> <span class='ocrx_word' id='word_1_219' title='bbox 500 2118 584 2144; x_wconf 85' lang='lat' dir='ltr'><strong>cuin</strong></span> <span class='ocrx_word' id='word_1_220' title='bbox 601 2106 808 2143; x_wconf 87' lang='lat' dir='ltr'><strong>Erechtheo</strong></span> <span class='ocrx_word' id='word_1_221' title='bbox 823 2105 1054 2143; x_wconf 83' lang='lat' dir='ltr'><strong>Athenarum</strong></span> <span class='ocrx_word' id='word_1_222' title='bbox 1067 2118 1152 2155; x_wconf 83' lang='lat' dir='ltr'><strong>rege</strong></span> <span class='ocrx_word' id='word_1_223' title='bbox 1163 2135 1174 2151; x_wconf 86' lang='lat'><strong>,</strong></span> <span class='ocrx_word' id='word_1_224' title='bbox 1193 2108 1231 2144; x_wconf 90' lang='lat'>&amp;</span> <span class='ocrx_word' id='word_1_225' title='bbox 1243 2109 1282 2145; x_wconf 87' lang='lat' dir='ltr'><strong>in</strong></span> 
     </span>
     <span class='ocr_line' id='line_1_35' title="bbox 233 2156 1283 2207; baseline 0.001 -12"><span class='ocrx_word' id='word_1_226' title='bbox 233 2170 282 2195; x_wconf 84' lang='lat' dir='ltr'><strong>eo</strong></span> <span class='ocrx_word' id='word_1_227' title='bbox 293 2158 389 2195; x_wconf 88' lang='lat' dir='ltr'><strong>bello</strong></span> <span class='ocrx_word' id='word_1_228' title='bbox 411 2157 528 2195; x_wconf 61' lang='lat' dir='ltr'><strong>*lidius</strong></span> <span class='ocrx_word' id='word_1_229' title='bbox 553 2158 703 2194; x_wconf 81' lang='lat' dir='ltr'><strong>interiit.</strong></span> <span class='ocrx_word' id='word_1_230' title='bbox 726 2156 1283 2207; x_wconf 83' lang='lat' dir='ltr'><strong>Hygin.Fab.46.157.&amp;273.</strong></span> 
     </span>
     <span class='ocr_line' id='line_1_36' title="bbox 232 2207 1283 2259; baseline -0.001 -12"><span class='ocrx_word' id='word_1_231' title='bbox 232 2208 338 2259; x_wconf 84' lang='lat' dir='ltr'><strong>quod</strong></span> <span class='ocrx_word' id='word_1_232' title='bbox 359 2209 494 2246; x_wconf 91' lang='lat' dir='ltr'><strong>bellum</strong></span> <span class='ocrx_word' id='word_1_233' title='bbox 514 2207 636 2246; x_wconf 89' lang='lat' dir='ltr'><strong>intulit</strong></span> <span class='ocrx_word' id='word_1_234' title='bbox 657 2207 715 2245; x_wconf 91' lang='lat' dir='ltr'><strong>vel</strong></span> <span class='ocrx_word' id='word_1_235' title='bbox 735 2207 914 2245; x_wconf 87' lang='lat' dir='ltr'><strong>auxilium</strong></span> <span class='ocrx_word' id='word_1_236' title='bbox 938 2208 1055 2244; x_wconf 90' lang='lat' dir='ltr'><strong>ferens</strong></span> <span class='ocrx_word' id='word_1_237' title='bbox 1078 2208 1283 2253; x_wconf 83' lang='lat' dir='ltr'><strong>Eleusiniis,</strong></span> 
     </span>
     <span class='ocr_line' id='line_1_37' title="bbox 234 2257 1281 2307; baseline 0 -10"><span class='ocrx_word' id='word_1_238' title='bbox 234 2260 296 2297; x_wconf 75' lang='lat' dir='ltr'><strong>vel</strong></span> <span class='ocrx_word' id='word_1_239' title='bbox 321 2259 369 2297; x_wconf 92' lang='lat' dir='ltr'><strong>ob</strong></span> <span class='ocrx_word' id='word_1_240' title='bbox 389 2268 555 2297; x_wconf 88' lang='lat' dir='ltr'><strong>veterem</strong></span> <span class='ocrx_word' id='word_1_241' title='bbox 578 2258 743 2307; x_wconf 87' lang='lat' dir='ltr'><strong>Neptuni</strong></span> <span class='ocrx_word' id='word_1_242' title='bbox 768 2269 854 2295; x_wconf 90' lang='lat' dir='ltr'><strong>cnm</strong></span> <span class='ocrx_word' id='word_1_243' title='bbox 876 2258 1020 2296; x_wconf 82' lang='lat' dir='ltr'><strong>Pallade</strong></span> <span class='ocrx_word' id='word_1_244' title='bbox 1045 2257 1281 2297; x_wconf 87' lang='lat' dir='ltr'><strong>simultatem.</strong></span> 
     </span>
     <span class='ocr_line' id='line_1_38' title="bbox 233 2308 1287 2358; baseline 0.001 -11"><span class='ocrx_word' id='word_1_245' title='bbox 233 2310 320 2348; x_wconf 77' lang='lat' dir='ltr'><strong>vide</strong></span> <span class='ocrx_word' id='word_1_246' title='bbox 343 2310 478 2348; x_wconf 87' lang='lat' dir='ltr'><strong>Meurs.</strong></span> <span class='ocrx_word' id='word_1_247' title='bbox 499 2309 544 2348; x_wconf 91' lang='lat' dir='ltr'><strong>de</strong></span> <span class='ocrx_word' id='word_1_248' title='bbox 564 2310 682 2358; x_wconf 76' lang='lat' dir='ltr'><strong>Regu.</strong></span> <span class='ocrx_word' id='word_1_249' title='bbox 705 2308 835 2346; x_wconf 85' lang='lat' dir='ltr'><strong>Attico</strong></span> <span class='ocrx_word' id='word_1_250' title='bbox 857 2309 918 2347; x_wconf 92' lang='lat' dir='ltr'><strong>lib.</strong></span> <span class='ocrx_word' id='word_1_251' title='bbox 941 2320 986 2347; x_wconf 86' lang='lat'><strong>11.</strong></span> <span class='ocrx_word' id='word_1_252' title='bbox 1006 2320 1082 2358; x_wconf 90' lang='lat' dir='ltr'><strong>cap.</strong></span> <span class='ocrx_word' id='word_1_253' title='bbox 1098 2309 1133 2347; x_wconf 90' lang='lat'><strong>8.</strong></span> <span class='ocrx_word' id='word_1_254' title='bbox 1170 2310 1287 2348; x_wconf 89' lang='lat' dir='ltr'><strong>Scho-</strong></span> 
     </span>
     <span class='ocr_line' id='line_1_39' title="bbox 233 2359 1312 2410; baseline 0.001 -12"><span class='ocrx_word' id='word_1_255' title='bbox 233 2360 350 2399; x_wconf 83' lang='lat' dir='ltr'><strong>liastes</strong></span> <span class='ocrx_word' id='word_1_256' title='bbox 381 2372 534 2410; x_wconf 86' lang='lat' dir='ltr'><strong>quoque</strong></span> <span class='ocrx_word' id='word_1_257' title='bbox 569 2360 742 2409; x_wconf 84' lang='lat' dir='ltr'><strong>Sophocl.</strong></span> <span class='ocrx_word' id='word_1_258' title='bbox 771 2359 816 2398; x_wconf 88' lang='lat' dir='ltr'><strong>ad</strong></span> <span class='ocrx_word' id='word_1_259' title='bbox 841 2359 939 2397; x_wconf 88' lang='lat' dir='ltr'><strong>Oed.</strong></span> <span class='ocrx_word' id='word_1_260' title='bbox 963 2360 1047 2397; x_wconf 88' lang='lat' dir='ltr'><strong>Col.</strong></span> <span class='ocrx_word' id='word_1_261' title='bbox 1079 2371 1185 2406; x_wconf 80' lang='lat'><strong>1041.</strong></span> <span class='ocrx_word' id='word_1_262' title='bbox 1215 2370 1312 2399; x_wconf 38' lang='lat' dir='ltr'><strong>tress</strong></span> 
     </span>
     <span class='ocr_line' id='line_1_40' title="bbox 234 2410 1287 2460; baseline 0.002 -12"><span class='ocrx_word' id='word_1_263' title='bbox 234 2411 625 2460; x_wconf 85' lang='lat' dir='ltr'><strong>Eumolposrecenset‚</strong></span> <span class='ocrx_word' id='word_1_264' title='bbox 653 2420 692 2449; x_wconf 91' lang='lat' dir='ltr'><strong>ut</strong></span> <span class='ocrx_word' id='word_1_265' title='bbox 704 2410 804 2448; x_wconf 62' lang='lat' dir='ltr'><strong>reete</strong></span> <span class='ocrx_word' id='word_1_266' title='bbox 824 2411 999 2460; x_wconf 85' lang='lat' dir='ltr'><strong>Micyllus</strong></span> <span class='ocrx_word' id='word_1_267' title='bbox 1012 2439 1021 2454; x_wconf 91' lang='lat'>‚</span> <span class='ocrx_word' id='word_1_268' title='bbox 1034 2423 1194 2459; x_wconf 88' lang='lat' dir='ltr'><strong>quorum</strong></span> <span class='ocrx_word' id='word_1_269' title='bbox 1216 2421 1287 2450; x_wconf 85' lang='lat' dir='ltr'><strong>ter-</strong></span> 
     </span>
     <span class='ocr_line' id='line_1_41' title="bbox 240 2461 1287 2512; baseline 0.004 -15"><span class='ocrx_word' id='word_1_270' title='bbox 240 2462 315 2498; x_wconf 81' lang='lat' dir='ltr'><strong>tius</strong></span> <span class='ocrx_word' id='word_1_271' title='bbox 347 2463 513 2510; x_wconf 88' lang='lat' dir='ltr'><strong>mysteria</strong></span> <span class='ocrx_word' id='word_1_272' title='bbox 541 2462 692 2500; x_wconf 80' lang='lat' dir='ltr'><strong>instituit</strong></span> <span class='ocrx_word' id='word_1_273' title='bbox 712 2490 725 2506; x_wconf 93' lang='lat'><strong>‚</strong></span> <span class='ocrx_word' id='word_1_274' title='bbox 761 2463 800 2499; x_wconf 68' lang='grc' dir='ltr'><strong>ὅτ</strong></span> <span class='ocrx_word' id='word_1_275' title='bbox 831 2461 1046 2508; x_wconf 68' lang='grc' dir='ltr'><em>ἱεροφάντης</em></span> <span class='ocrx_word' id='word_1_276' title='bbox 1075 2463 1156 2500; x_wconf 82' lang='lat' dir='ltr'><strong>fuit.</strong></span> <span class='ocrx_word' id='word_1_277' title='bbox 1176 2474 1287 2512; x_wconf 88' lang='lat' dir='ltr'><strong>quare</strong></span> 
     </span>
     <span class='ocr_line' id='line_1_42' title="bbox 242 2511 1288 2561; baseline 0.003 -14"><span class='ocrx_word' id='word_1_278' title='bbox 242 2512 452 2549; x_wconf 77' lang='lat' dir='ltr'><strong>verosimile</strong></span> <span class='ocrx_word' id='word_1_279' title='bbox 474 2513 520 2550; x_wconf 88' lang='lat' dir='ltr'><strong>est</strong></span> <span class='ocrx_word' id='word_1_280' title='bbox 542 2513 609 2550; x_wconf 88' lang='lat' dir='ltr'><strong>hos</strong></span> <span class='ocrx_word' id='word_1_281' title='bbox 631 2513 839 2561; x_wconf 87' lang='lat' dir='ltr'><strong>Eumolpos</strong></span> <span class='ocrx_word' id='word_1_282' title='bbox 860 2511 962 2550; x_wconf 79' lang='lat' dir='ltr'><strong>fuisse</strong></span> <span class='ocrx_word' id='word_1_283' title='bbox 985 2513 1167 2550; x_wconf 88' lang='lat' dir='ltr'><strong>confusos.</strong></span> <span class='ocrx_word' id='word_1_284' title='bbox 1201 2526 1288 2551; x_wconf 91' lang='lat' dir='ltr'><strong>nam</strong></span> 
     </span>
     <span class='ocr_line' id='line_1_43' title="bbox 238 2560 1291 2612; baseline 0.007 -15"><span class='ocrx_word' id='word_1_285' title='bbox 238 2560 265 2597; x_wconf 88' lang='lat' dir='ltr'><strong>fi</strong></span> <span class='ocrx_word' id='word_1_286' title='bbox 278 2561 321 2598; x_wconf 86' lang='lat' dir='ltr'><strong>de</strong></span> <span class='ocrx_word' id='word_1_287' title='bbox 336 2564 456 2609; x_wconf 87' lang='lat' dir='ltr'><strong>primo</strong></span> <span class='ocrx_word' id='word_1_288' title='bbox 471 2564 675 2612; x_wconf 88' lang='lat' dir='ltr'><strong>Eumolpo,</strong></span> <span class='ocrx_word' id='word_1_289' title='bbox 687 2564 853 2611; x_wconf 85' lang='lat' dir='ltr'><strong>Neptuni</strong></span> <span class='ocrx_word' id='word_1_290' title='bbox 870 2565 906 2600; x_wconf 67' lang='grc' dir='ltr'><strong>ὃς</strong></span> <span class='ocrx_word' id='word_1_291' title='bbox 921 2564 1084 2601; x_wconf 86' lang='lat' dir='ltr'><strong>Chiones</strong></span> <span class='ocrx_word' id='word_1_292' title='bbox 1097 2563 1291 2609; x_wconf 86' lang='lat' dir='ltr'><strong>filio‚haec</strong></span> 
     </span>
     <span class='ocr_line' id='line_1_44' title="bbox 246 2611 1292 2662; baseline 0.006 -14"><span class='ocrx_word' id='word_1_293' title='bbox 246 2611 378 2649; x_wconf 79' lang='lat' dir='ltr'><strong>Ovidii</strong></span> <span class='ocrx_word' id='word_1_294' title='bbox 407 2614 592 2660; x_wconf 81' lang='lat' dir='ltr'><strong>capiamus</strong></span> <span class='ocrx_word' id='word_1_295' title='bbox 615 2641 625 2657; x_wconf 90' lang='lat'><strong>,</strong></span> <span class='ocrx_word' id='word_1_296' title='bbox 671 2613 760 2662; x_wconf 88' lang='lat' dir='ltr'><strong>quid</strong></span> <span class='ocrx_word' id='word_1_297' title='bbox 780 2615 956 2652; x_wconf 86' lang='lat' dir='ltr'><strong>faciemus</strong></span> <span class='ocrx_word' id='word_1_298' title='bbox 976 2615 1116 2653; x_wconf 71' lang='lat' dir='ltr'><strong>Poetae</strong></span> <span class='ocrx_word' id='word_1_299' title='bbox 1144 2615 1292 2660; x_wconf 88' lang='lat' dir='ltr'><strong>nostro,</strong></span> 
     </span>
     <span class='ocr_line' id='line_1_45' title="bbox 247 2662 1292 2714; baseline 0.006 -16"><span class='ocrx_word' id='word_1_300' title='bbox 247 2662 312 2710; x_wconf 87' lang='lat' dir='ltr'><strong>qui</strong></span> <span class='ocrx_word' id='word_1_301' title='bbox 337 2663 374 2698; x_wconf 90' lang='lat' dir='ltr'><strong>in</strong></span> <span class='ocrx_word' id='word_1_302' title='bbox 395 2663 845 2712; x_wconf 81' lang='lat' dir='ltr'><strong>Ponticislib.11.cleg.xx.</strong></span> <span class='ocrx_word' id='word_1_303' title='bbox 868 2665 994 2714; x_wconf 83' lang='lat' dir='ltr'><strong>Cotyn</strong></span> <span class='ocrx_word' id='word_1_304' title='bbox 1007 2667 1056 2703; x_wconf 88' lang='lat' dir='ltr'><strong>ait</strong></span> <span class='ocrx_word' id='word_1_305' title='bbox 1071 2666 1292 2705; x_wconf 83' lang='lat' dir='ltr'><strong>descendere</strong></span> 
     </span>
     <span class='ocr_line' id='line_1_46' title="bbox 244 2712 1294 2763; baseline 0.007 -15"><span class='ocrx_word' id='word_1_306' title='bbox 244 2724 290 2749; x_wconf 85' lang='lat' dir='ltr'><strong>ex</strong></span> <span class='ocrx_word' id='word_1_307' title='bbox 310 2712 540 2760; x_wconf 84' lang='lat' dir='ltr'><strong>Eumolpo&amp;</strong></span> <span class='ocrx_word' id='word_1_308' title='bbox 564 2714 770 2750; x_wconf 89' lang='lat' dir='ltr'><strong>Erechtheo</strong></span> <span class='ocrx_word' id='word_1_309' title='bbox 787 2741 796 2756; x_wconf 95' lang='lat'><strong>,</strong></span> <span class='ocrx_word' id='word_1_310' title='bbox 813 2726 926 2761; x_wconf 85' lang='lat' dir='ltr'><strong>quem</strong></span> <span class='ocrx_word' id='word_1_311' title='bbox 947 2717 1109 2763; x_wconf 81' lang='lat' dir='ltr'><strong>priorem</strong></span> <span class='ocrx_word' id='word_1_312' title='bbox 1136 2718 1294 2755; x_wconf 88' lang='lat' dir='ltr'><strong>Eumol-</strong></span> 
     </span>
    </p>
   </div>
   <div class='ocr_carea' id='block_1_10' title="bbox 242 2763 1293 2862">
    <p class='ocr_par' dir='ltr' id='par_1_11' title="bbox 242 2763 1293 2862">
     <span class='ocr_line' id='line_1_47' title="bbox 242 2763 1293 2812; baseline 0.009 -14"><span class='ocrx_word' id='word_1_313' title='bbox 242 2774 294 2811; x_wconf 89' lang='lat' dir='ltr'><strong>po</strong></span> <span class='ocrx_word' id='word_1_314' title='bbox 315 2765 420 2806; x_wconf 85' lang='lat' dir='ltr'><strong>facit,</strong></span> <span class='ocrx_word' id='word_1_315' title='bbox 451 2763 511 2799; x_wconf 88' lang='lat' dir='ltr'><strong>ubi</strong></span> <span class='ocrx_word' id='word_1_316' title='bbox 525 2763 649 2810; x_wconf 87' lang='lat' dir='ltr'><strong>Cotyn</strong></span> <span class='ocrx_word' id='word_1_317' title='bbox 661 2774 722 2811; x_wconf 88' lang='lat' dir='ltr'><strong>per</strong></span> <span class='ocrx_word' id='word_1_318' title='bbox 746 2765 915 2812; x_wconf 86' lang='lat' dir='ltr'><strong>exempla</strong></span> <span class='ocrx_word' id='word_1_319' title='bbox 939 2766 1139 2804; x_wconf 83' lang='lat' dir='ltr'><strong>domestica</strong></span> <span class='ocrx_word' id='word_1_320' title='bbox 1158 2768 1293 2806; x_wconf 84' lang='lat' dir='ltr'><strong>adhor-</strong></span> 
     </span>
     <span class='ocr_line' id='line_1_48' title="bbox 243 2813 631 2862; baseline -0.005 -12"><span class='ocrx_word' id='word_1_321' title='bbox 243 2821 323 2851; x_wconf 86' lang='lat' dir='ltr'><strong>tans</strong></span> <span class='ocrx_word' id='word_1_322' title='bbox 345 2814 393 2850; x_wconf 87' lang='lat' dir='ltr'><strong>ita</strong></span> <span class='ocrx_word' id='word_1_323' title='bbox 414 2813 631 2862; x_wconf 79' lang='lat' dir='ltr'><strong>alloquitur:</strong></span> 
     </span>
    </p>
   </div>
   <div class='ocr_carea' id='block_1_11' title="bbox 294 2873 1269 2974">
    <p class='ocr_par' dir='ltr' id='par_1_12' title="bbox 294 2873 1269 2974">
     <span class='ocr_line' id='line_1_49' title="bbox 294 2873 1269 2924; baseline 0.008 -17"><span class='ocrx_word' id='word_1_324' title='bbox 294 2880 366 2910; x_wconf 77' lang='lat' dir='ltr'><strong>,Hoc</strong></span> <span class='ocrx_word' id='word_1_325' title='bbox 388 2873 451 2911; x_wconf 83' lang='lat' dir='ltr'><strong>tibi</strong></span> <span class='ocrx_word' id='word_1_326' title='bbox 474 2884 517 2912; x_wconf 64' lang='grc' dir='ltr'><strong>ω’</strong></span> <span class='ocrx_word' id='word_1_327' title='bbox 535 2873 721 2923; x_wconf 70' lang='lat' dir='ltr'><strong>Eumolpus</strong></span> <span class='ocrx_word' id='word_1_328' title='bbox 734 2901 743 2915; x_wconf 97' lang='lat'>‚</span> <span class='ocrx_word' id='word_1_329' title='bbox 767 2874 897 2921; x_wconf 78' lang='lat' dir='ltr'><strong>generis</strong></span> <span class='ocrx_word' id='word_1_330' title='bbox 918 2874 1269 2924; x_wconf 73' lang='lat' dir='ltr'><strong>clariffimusauHor,</strong></span> 
     </span>
     <span class='ocr_line' id='line_1_50' title="bbox 353 2924 1094 2974; baseline 0.001 -12"><span class='ocrx_word' id='word_1_331' title='bbox 353 2929 399 2961; x_wconf 76' lang='lat' dir='ltr'><strong>Et</strong></span> <span class='ocrx_word' id='word_1_332' title='bbox 418 2925 510 2974; x_wconf 73' lang='lat' dir='ltr'><strong>prior</strong></span> <span class='ocrx_word' id='word_1_333' title='bbox 536 2925 700 2973; x_wconf 80' lang='lat' dir='ltr'><strong>Eumolpo</strong></span> <span class='ocrx_word' id='word_1_334' title='bbox 713 2924 841 2972; x_wconf 82' lang='lat' dir='ltr'><strong>suadet</strong></span> <span class='ocrx_word' id='word_1_335' title='bbox 861 2925 1094 2964; x_wconf 75' lang='lat' dir='ltr'><strong>Erichtonius.</strong></span> 
     </span>
    </p>
   </div>
   <div class='ocr_carea' id='block_1_12' title="bbox 246 2985 1301 3339">
    <p class='ocr_par' dir='ltr' id='par_1_13' title="bbox 246 2985 1301 3339">
     <span class='ocr_line' id='line_1_51' title="bbox 246 2985 1298 3035; baseline 0.004 -12"><span class='ocrx_word' id='word_1_336' title='bbox 246 2989 359 3035; x_wconf 82' lang='lat' dir='ltr'><strong>Quae</strong></span> <span class='ocrx_word' id='word_1_337' title='bbox 389 2985 434 3023; x_wconf 87' lang='lat' dir='ltr'><strong>de</strong></span> <span class='ocrx_word' id='word_1_338' title='bbox 463 2985 651 3033; x_wconf 87' lang='lat' dir='ltr'><strong>Eumolpo</strong></span> <span class='ocrx_word' id='word_1_339' title='bbox 688 2986 809 3032; x_wconf 84' lang='lat' dir='ltr'><strong>primo</strong></span> <span class='ocrx_word' id='word_1_340' title='bbox 839 2985 992 3034; x_wconf 80' lang='lat' dir='ltr'><strong>intelligi</strong></span> <span class='ocrx_word' id='word_1_341' title='bbox 1021 2998 1097 3024; x_wconf 89' lang='lat' dir='ltr'><strong>non</strong></span> <span class='ocrx_word' id='word_1_342' title='bbox 1126 2986 1298 3035; x_wconf 82' lang='lat' dir='ltr'><strong>poffiiiit,</strong></span> 
     </span>
     <span class='ocr_line' id='line_1_52' title="bbox 248 3036 1298 3086; baseline 0.001 -11"><span class='ocrx_word' id='word_1_343' title='bbox 248 3039 314 3086; x_wconf 77' lang='lat' dir='ltr'><strong>qui</strong></span> <span class='ocrx_word' id='word_1_344' title='bbox 335 3036 444 3074; x_wconf 85' lang='lat' dir='ltr'><strong>hostis</strong></span> <span class='ocrx_word' id='word_1_345' title='bbox 459 3036 655 3073; x_wconf 84' lang='lat' dir='ltr'><strong>Erechthei</strong></span> <span class='ocrx_word' id='word_1_346' title='bbox 669 3037 723 3077; x_wconf 63' lang='grc' dir='ltr'><strong>,ὃς</strong></span> <span class='ocrx_word' id='word_1_347' title='bbox 737 3044 862 3073; x_wconf 81' lang='lat' dir='ltr'><strong>contra</strong></span> <span class='ocrx_word' id='word_1_348' title='bbox 877 3047 961 3072; x_wconf 90' lang='lat' dir='ltr'><strong>eum</strong></span> <span class='ocrx_word' id='word_1_349' title='bbox 984 3037 1187 3075; x_wconf 79' lang='lat' dir='ltr'><strong>Eleusinios</strong></span> <span class='ocrx_word' id='word_1_350' title='bbox 1207 3040 1298 3076; x_wconf 87' lang='lat' dir='ltr'><strong>inci-</strong></span> 
     </span>
     <span class='ocr_line' id='line_1_53' title="bbox 249 3086 1298 3135; baseline 0.002 -10"><span class='ocrx_word' id='word_1_351' title='bbox 249 3087 336 3125; x_wconf 70' lang='lat' dir='ltr'><strong>tasse</strong></span> <span class='ocrx_word' id='word_1_352' title='bbox 358 3087 503 3125; x_wconf 83' lang='lat' dir='ltr'><strong>videtur</strong></span> <span class='ocrx_word' id='word_1_353' title='bbox 533 3087 621 3135; x_wconf 85' lang='lat' dir='ltr'><strong>(vid</strong></span> <span class='ocrx_word' id='word_1_354' title='bbox 646 3086 727 3124; x_wconf 85' lang='lat' dir='ltr'><strong>Sch.</strong></span> <span class='ocrx_word' id='word_1_355' title='bbox 747 3087 881 3135; x_wconf 85' lang='lat' dir='ltr'><strong>Eurip.</strong></span> <span class='ocrx_word' id='word_1_356' title='bbox 899 3086 1168 3125; x_wconf 80' lang='lat' dir='ltr'><strong>Phoenis.861.</strong></span> <span class='ocrx_word' id='word_1_357' title='bbox 1183 3093 1194 3135; x_wconf 90' lang='lat'>)</span> <span class='ocrx_word' id='word_1_358' title='bbox 1210 3091 1298 3127; x_wconf 84' lang='lat' dir='ltr'><strong>&amp;in</strong></span> 
     </span>
     <span class='ocr_line' id='line_1_54' title="bbox 250 3137 1299 3187; baseline 0.001 -11"><span class='ocrx_word' id='word_1_359' title='bbox 250 3139 390 3187; x_wconf 74' lang='lat' dir='ltr'><strong>praelio</strong></span> <span class='ocrx_word' id='word_1_360' title='bbox 412 3146 541 3176; x_wconf 85' lang='lat' dir='ltr'><strong>contra</strong></span> <span class='ocrx_word' id='word_1_361' title='bbox 564 3137 812 3175; x_wconf 83' lang='lat' dir='ltr'><strong>Erechtheum</strong></span> <span class='ocrx_word' id='word_1_362' title='bbox 838 3137 1013 3176; x_wconf 84' lang='lat' dir='ltr'><strong>occubuit</strong></span> <span class='ocrx_word' id='word_1_363' title='bbox 1042 3139 1157 3186; x_wconf 87' lang='lat' dir='ltr'><strong>(licet</strong></span> <span class='ocrx_word' id='word_1_364' title='bbox 1175 3140 1233 3177; x_wconf 82' lang='lat' dir='ltr'><strong>alii</strong></span> <span class='ocrx_word' id='word_1_365' title='bbox 1257 3139 1299 3177; x_wconf 87' lang='lat' dir='ltr'><strong>fi-</strong></span> 
     </span>
     <span class='ocr_line' id='line_1_55' title="bbox 246 3186 1298 3238; baseline 0.003 -12"><span class='ocrx_word' id='word_1_366' title='bbox 246 3187 344 3227; x_wconf 83' lang='lat' dir='ltr'><strong>lium</strong></span> <span class='ocrx_word' id='word_1_367' title='bbox 369 3189 444 3238; x_wconf 75' lang='lat' dir='ltr'><strong>ejus</strong></span> <span class='ocrx_word' id='word_1_368' title='bbox 468 3188 717 3226; x_wconf 84' lang='lat' dir='ltr'><strong>lmrnaradum</strong></span> <span class='ocrx_word' id='word_1_369' title='bbox 741 3186 909 3229; x_wconf 83' lang='lat' dir='ltr'><strong>cecidisse</strong></span> <span class='ocrx_word' id='word_1_370' title='bbox 941 3190 1112 3236; x_wconf 84' lang='lat' dir='ltr'><strong>narrent)</strong></span> <span class='ocrx_word' id='word_1_371' title='bbox 1153 3191 1191 3228; x_wconf 69' lang='grc' dir='ltr'>δί</span> <span class='ocrx_word' id='word_1_372' title='bbox 1211 3191 1298 3229; x_wconf 89' lang='lat' dir='ltr'><strong>ideo</strong></span> 
     </span>
     <span class='ocr_line' id='line_1_56' title="bbox 248 3237 1300 3289; baseline 0.003 -13"><span class='ocrx_word' id='word_1_373' title='bbox 248 3241 292 3276; x_wconf 81' lang='lat' dir='ltr'><strong>ab</strong></span> <span class='ocrx_word' id='word_1_374' title='bbox 315 3240 534 3277; x_wconf 84' lang='lat' dir='ltr'><strong>Erichtonio</strong></span> <span class='ocrx_word' id='word_1_375' title='bbox 558 3251 674 3288; x_wconf 83' lang='lat' dir='ltr'><strong>genus</strong></span> <span class='ocrx_word' id='word_1_376' title='bbox 703 3237 840 3277; x_wconf 77' lang='lat' dir='ltr'><strong>duxisse</strong></span> <span class='ocrx_word' id='word_1_377' title='bbox 860 3251 936 3276; x_wconf 86' lang='lat' dir='ltr'><strong>riou</strong></span> <span class='ocrx_word' id='word_1_378' title='bbox 965 3241 1096 3287; x_wconf 87' lang='lat' dir='ltr'><strong>potuit.</strong></span> <span class='ocrx_word' id='word_1_379' title='bbox 1114 3249 1300 3289; x_wconf 82' lang='lat' dir='ltr'><strong>praeterea</strong></span> 
     </span>
     <span class='ocr_line' id='line_1_57' title="bbox 250 3290 1301 3339; baseline 0.006 -13"><span class='ocrx_word' id='word_1_380' title='bbox 250 3290 310 3328; x_wconf 67' lang='lat' dir='ltr'><strong>ille</strong></span> <span class='ocrx_word' id='word_1_381' title='bbox 333 3291 471 3337; x_wconf 78' lang='lat' dir='ltr'><strong>primus</strong></span> <span class='ocrx_word' id='word_1_382' title='bbox 492 3291 620 3329; x_wconf 75' lang='lat' dir='ltr'><strong>Thrax</strong></span> <span class='ocrx_word' id='word_1_383' title='bbox 637 3316 649 3338; x_wconf 83' lang='lat'><strong>,</strong></span> <span class='ocrx_word' id='word_1_384' title='bbox 674 3302 753 3337; x_wconf 76' lang='lat' dir='ltr'><strong>non</strong></span> <span class='ocrx_word' id='word_1_385' title='bbox 772 3290 1031 3339; x_wconf 68' lang='lat' dir='ltr'><strong>Atheniensis,</strong></span> <span class='ocrx_word' id='word_1_386' title='bbox 1059 3291 1136 3332; x_wconf 76' lang='lat' dir='ltr'><strong>sive</strong></span> <span class='ocrx_word' id='word_1_387' title='bbox 1160 3293 1301 3333; x_wconf 85' lang='lat' dir='ltr'><strong>Cecro-</strong></span> 
     </span>
    </p>
   </div>
   <div class='ocr_carea' id='block_1_13' title="bbox 1330 1234 2478 3029">
    <p class='ocr_par' dir='ltr' id='par_1_14' title="bbox 1330 1234 2478 2610">
     <span class='ocr_line' id='line_1_58' title="bbox 1330 1234 2403 1281; baseline -0.002 -9"><span class='ocrx_word' id='word_1_388' title='bbox 1330 1246 1417 1272; x_wconf 89' lang='lat' dir='ltr'><strong>cum</strong></span> <span class='ocrx_word' id='word_1_389' title='bbox 1436 1235 1614 1273; x_wconf 88' lang='lat' dir='ltr'><strong>nonnulla</strong></span> <span class='ocrx_word' id='word_1_390' title='bbox 1635 1235 1915 1273; x_wconf 83' lang='lat' dir='ltr'><strong>Erechtidarum</strong></span> <span class='ocrx_word' id='word_1_391' title='bbox 1946 1234 2226 1273; x_wconf 81' lang='lat' dir='ltr'><strong>matrimonium</strong></span> <span class='ocrx_word' id='word_1_392' title='bbox 2242 1234 2403 1281; x_wconf 84' lang='lat' dir='ltr'><strong>iniiffe‚.</strong></span> 
     </span>
     <span class='ocr_line' id='line_1_59' title="bbox 1340 1285 2383 1335; baseline -0.001 -12"><span class='ocrx_word' id='word_1_393' title='bbox 1340 1285 1444 1323; x_wconf 89' lang='lat' dir='ltr'><strong>unde</strong></span> <span class='ocrx_word' id='word_1_394' title='bbox 1472 1286 1589 1335; x_wconf 89' lang='lat' dir='ltr'><strong>Cotys</strong></span> <span class='ocrx_word' id='word_1_395' title='bbox 1620 1286 1801 1334; x_wconf 84' lang='lat' dir='ltr'><strong>originem</strong></span> <span class='ocrx_word' id='word_1_396' title='bbox 1831 1287 1940 1324; x_wconf 82' lang='lat' dir='ltr'><strong>traxit</strong></span> <span class='ocrx_word' id='word_1_397' title='bbox 1978 1298 2023 1324; x_wconf 83' lang='lat' dir='ltr'><strong>ex</strong></span> <span class='ocrx_word' id='word_1_398' title='bbox 2056 1286 2246 1334; x_wconf 89' lang='lat' dir='ltr'><strong>Eumolpo</strong></span> <span class='ocrx_word' id='word_1_399' title='bbox 2274 1286 2310 1322; x_wconf 70' lang='grc' dir='ltr'><strong>ὃ(</strong></span> <span class='ocrx_word' id='word_1_400' title='bbox 2335 1287 2383 1323; x_wconf 87' lang='lat' dir='ltr'><strong>E-</strong></span> 
     </span>
     <span class='ocr_line' id='line_1_60' title="bbox 1330 1336 2384 1381; baseline -0.001 -7"><span class='ocrx_word' id='word_1_401' title='bbox 1330 1338 1520 1374; x_wconf 81' lang='lat' dir='ltr'><strong>rechtheo.</strong></span> <span class='ocrx_word' id='word_1_402' title='bbox 1549 1338 1608 1374; x_wconf 86' lang='lat' dir='ltr'><strong>Sic</strong></span> <span class='ocrx_word' id='word_1_403' title='bbox 1631 1337 1886 1381; x_wconf 77' lang='lat' dir='ltr'><strong>Hercules,ab</strong></span> <span class='ocrx_word' id='word_1_404' title='bbox 1908 1337 2030 1375; x_wconf 84' lang='lat' dir='ltr'><strong>inferis</strong></span> <span class='ocrx_word' id='word_1_405' title='bbox 2045 1348 2128 1374; x_wconf 90' lang='lat' dir='ltr'><strong>cum</strong></span> <span class='ocrx_word' id='word_1_406' title='bbox 2154 1336 2315 1374; x_wconf 83' lang='lat' dir='ltr'><strong>Cerbero</strong></span> <span class='ocrx_word' id='word_1_407' title='bbox 2327 1348 2384 1374; x_wconf 91' lang='lat' dir='ltr'><strong>re-</strong></span> 
     </span>
     <span class='ocr_line' id='line_1_61' title="bbox 1331 1387 2402 1438; baseline 0 -13"><span class='ocrx_word' id='word_1_408' title='bbox 1331 1388 1421 1432; x_wconf 78' lang='lat' dir='ltr'><strong>dux,</strong></span> <span class='ocrx_word' id='word_1_409' title='bbox 1436 1388 1605 1426; x_wconf 89' lang='lat' dir='ltr'><strong>Eleusine</strong></span> <span class='ocrx_word' id='word_1_410' title='bbox 1627 1388 1671 1425; x_wconf 90' lang='lat' dir='ltr'><strong>ab</strong></span> <span class='ocrx_word' id='word_1_411' title='bbox 1694 1389 1884 1438; x_wconf 86' lang='lat' dir='ltr'><strong>Eumolpo</strong></span> <span class='ocrx_word' id='word_1_412' title='bbox 1906 1389 1976 1426; x_wconf 89' lang='lat' dir='ltr'><strong>fuit</strong></span> <span class='ocrx_word' id='word_1_413' title='bbox 1995 1388 2167 1426; x_wconf 85' lang='lat' dir='ltr'><strong>initiatus.</strong></span> <span class='ocrx_word' id='word_1_414' title='bbox 2186 1387 2260 1424; x_wconf 91' lang='lat' dir='ltr'><strong>vid.</strong></span> <span class='ocrx_word' id='word_1_415' title='bbox 2279 1387 2402 1425; x_wconf 80' lang='lat' dir='ltr'><strong>Ano--</strong></span> 
     </span>
     <span class='ocr_line' id='line_1_62' title="bbox 1330 1438 2406 1488; baseline -0.001 -12"><span class='ocrx_word' id='word_1_416' title='bbox 1330 1451 1435 1488; x_wconf 83' lang='lat' dir='ltr'><strong>nym.</strong></span> <span class='ocrx_word' id='word_1_417' title='bbox 1455 1439 1503 1476; x_wconf 89' lang='lat' dir='ltr'><strong>de</strong></span> <span class='ocrx_word' id='word_1_418' title='bbox 1521 1452 1592 1477; x_wconf 76' lang='lat' dir='ltr'><strong>xxi.</strong></span> <span class='ocrx_word' id='word_1_419' title='bbox 1611 1439 1726 1477; x_wconf 89' lang='lat' dir='ltr'><strong>labor.</strong></span> <span class='ocrx_word' id='word_1_420' title='bbox 1745 1439 1897 1477; x_wconf 85' lang='lat' dir='ltr'><strong>Hercul.</strong></span> <span class='ocrx_word' id='word_1_421' title='bbox 1920 1439 1964 1476; x_wconf 86' lang='lat' dir='ltr'><strong>ab</strong></span> <span class='ocrx_word' id='word_1_422' title='bbox 1987 1439 2123 1476; x_wconf 86' lang='lat' dir='ltr'><strong>Allatio</strong></span> <span class='ocrx_word' id='word_1_423' title='bbox 2147 1438 2288 1475; x_wconf 90' lang='lat' dir='ltr'><strong>editum</strong></span> <span class='ocrx_word' id='word_1_424' title='bbox 2308 1449 2406 1487; x_wconf 70' lang='lat' dir='ltr'><strong>cap.-</strong></span> 
     </span>
     <span class='ocr_line' id='line_1_63' title="bbox 1332 1489 2403 1539; baseline -0.003 -11"><span class='ocrx_word' id='word_1_425' title='bbox 1332 1503 1401 1528; x_wconf 81' lang='lat' dir='ltr'><strong>xu.</strong></span> <span class='ocrx_word' id='word_1_426' title='bbox 1429 1490 1488 1527; x_wconf 92' lang='lat' dir='ltr'><strong>ille</strong></span> <span class='ocrx_word' id='word_1_427' title='bbox 1518 1499 1644 1528; x_wconf 88' lang='lat' dir='ltr'><strong>autem</strong></span> <span class='ocrx_word' id='word_1_428' title='bbox 1677 1491 1883 1539; x_wconf 85' lang='lat' dir='ltr'><strong>Eumolpus</strong></span> <span class='ocrx_word' id='word_1_429' title='bbox 1906 1490 2098 1538; x_wconf 81' lang='lat' dir='ltr'><strong>discipulus</strong></span> <span class='ocrx_word' id='word_1_430' title='bbox 2130 1489 2272 1537; x_wconf 87' lang='lat' dir='ltr'><strong>Orphei</strong></span> <span class='ocrx_word' id='word_1_431' title='bbox 2294 1489 2403 1534; x_wconf 75' lang='lat' dir='ltr'><strong>fuit..</strong></span> 
     </span>
     <span class='ocr_line' id='line_1_64' title="bbox 1338 1540 2388 1588; baseline 0 -10"><span class='ocrx_word' id='word_1_432' title='bbox 1338 1542 1377 1578; x_wconf 91' lang='lat'>&amp;</span> <span class='ocrx_word' id='word_1_433' title='bbox 1400 1541 1691 1579; x_wconf 83' lang='lat' dir='ltr'><strong>MusaeiPo&#39;e‘tae</strong></span> <span class='ocrx_word' id='word_1_434' title='bbox 1713 1540 1829 1586; x_wconf 89' lang='lat' dir='ltr'><strong>filius,</strong></span> <span class='ocrx_word' id='word_1_435' title='bbox 1855 1542 1990 1578; x_wconf 83' lang='lat' dir='ltr'><strong>licet&amp;</strong></span> <span class='ocrx_word' id='word_1_436' title='bbox 2010 1541 2071 1578; x_wconf 90' lang='lat' dir='ltr'><strong>hic</strong></span> <span class='ocrx_word' id='word_1_437' title='bbox 2090 1540 2274 1588; x_wconf 85' lang='lat' dir='ltr'><strong>duplicem</strong></span> <span class='ocrx_word' id='word_1_438' title='bbox 2299 1540 2388 1578; x_wconf 86' lang='lat' dir='ltr'><strong>Mu—</strong></span> 
     </span>
     <span class='ocr_line' id='line_1_65' title="bbox 1338 1590 2392 1641; baseline -0.002 -12"><span class='ocrx_word' id='word_1_439' title='bbox 1338 1591 1458 1629; x_wconf 81' lang='lat' dir='ltr'><strong>saeum</strong></span> <span class='ocrx_word' id='word_1_440' title='bbox 1486 1593 1622 1630; x_wconf 86' lang='lat' dir='ltr'><strong>faciant</strong></span> <span class='ocrx_word' id='word_1_441' title='bbox 1645 1592 1935 1641; x_wconf 85' lang='lat' dir='ltr'><strong>Mythographi,</strong></span> <span class='ocrx_word' id='word_1_442' title='bbox 1964 1592 2002 1628; x_wconf 74' lang='grc' dir='ltr'><strong>δε</strong></span> <span class='ocrx_word' id='word_1_443' title='bbox 2029 1591 2202 1629; x_wconf 85' lang='lat' dir='ltr'><strong>Eusebius</strong></span> <span class='ocrx_word' id='word_1_444' title='bbox 2220 1591 2256 1627; x_wconf 87' lang='lat' dir='ltr'><strong>in</strong></span> <span class='ocrx_word' id='word_1_445' title='bbox 2269 1590 2392 1628; x_wconf 74' lang='lat' dir='ltr'><strong>Chro«</strong></span> 
     </span>
     <span class='ocr_line' id='line_1_66' title="bbox 1337 1639 2477 1692; baseline 0.001 -11"><span class='ocrx_word' id='word_1_446' title='bbox 1337 1645 1429 1681; x_wconf 89' lang='lat' dir='ltr'><strong>nicis</strong></span> <span class='ocrx_word' id='word_1_447' title='bbox 1452 1643 1646 1681; x_wconf 86' lang='lat' dir='ltr'><strong>Musaeum</strong></span> <span class='ocrx_word' id='word_1_448' title='bbox 1662 1643 1880 1691; x_wconf 87' lang='lat' dir='ltr'><strong>discipulum</strong></span> <span class='ocrx_word' id='word_1_449' title='bbox 1895 1643 2039 1692; x_wconf 88' lang='lat' dir='ltr'><strong>Orphei</strong></span> <span class='ocrx_word' id='word_1_450' title='bbox 2059 1642 2236 1690; x_wconf 88' lang='lat' dir='ltr'><strong>Eumolpi</strong></span> <span class='ocrx_word' id='word_1_451' title='bbox 2255 1640 2387 1686; x_wconf 86' lang='lat' dir='ltr'><strong>filium,</strong></span> <span class='ocrx_word' id='word_1_452' title='bbox 2405 1669 2408 1672; x_wconf 22' lang='grc' dir='ltr'><strong>Δ</strong></span> <span class='ocrx_word' id='word_1_453' title='bbox 2476 1639 2477 1682; x_wconf 64' lang='grc' dir='ltr'>ζ</span> 
     </span>
     <span class='ocr_line' id='line_1_67' title="bbox 1337 1693 2407 1745; baseline -0.001 -14"><span class='ocrx_word' id='word_1_454' title='bbox 1337 1694 1385 1731; x_wconf 92' lang='lat' dir='ltr'><strong>de</strong></span> <span class='ocrx_word' id='word_1_455' title='bbox 1404 1706 1481 1745; x_wconf 87' lang='lat' dir='ltr'><strong>quo</strong></span> <span class='ocrx_word' id='word_1_456' title='bbox 1504 1695 1590 1733; x_wconf 88' lang='lat' dir='ltr'><strong>vide</strong></span> <span class='ocrx_word' id='word_1_457' title='bbox 1611 1694 1738 1732; x_wconf 89' lang='lat' dir='ltr'><strong>Celeb.</strong></span> <span class='ocrx_word' id='word_1_458' title='bbox 1758 1695 1874 1733; x_wconf 79' lang='lat' dir='ltr'><strong>Periz.</strong></span> <span class='ocrx_word' id='word_1_459' title='bbox 1893 1693 1940 1732; x_wconf 88' lang='lat' dir='ltr'><strong>ad</strong></span> <span class='ocrx_word' id='word_1_460' title='bbox 1961 1694 2106 1731; x_wconf 85' lang='lat' dir='ltr'><strong>Aelian.</strong></span> <span class='ocrx_word' id='word_1_461' title='bbox 2124 1693 2185 1730; x_wconf 82' lang='lat' dir='ltr'><strong>lib.</strong></span> <span class='ocrx_word' id='word_1_462' title='bbox 2205 1705 2284 1729; x_wconf 79' lang='lat' dir='ltr'><strong>XIV.</strong></span> <span class='ocrx_word' id='word_1_463' title='bbox 2309 1703 2407 1740; x_wconf 88' lang='lat' dir='ltr'><strong>cap.-</strong></span> 
     </span>
     <span class='ocr_line' id='line_1_68' title="bbox 1337 1740 2477 1796; baseline -0.001 -14"><span class='ocrx_word' id='word_1_464' title='bbox 1337 1757 1397 1782; x_wconf 84' lang='lat'><strong>21.</strong></span> <span class='ocrx_word' id='word_1_465' title='bbox 1431 1745 1664 1783; x_wconf 89' lang='lat' dir='ltr'><strong>Atheniensis</strong></span> <span class='ocrx_word' id='word_1_466' title='bbox 1685 1757 1839 1796; x_wconf 85' lang='lat' dir='ltr'><strong>quoque</strong></span> <span class='ocrx_word' id='word_1_467' title='bbox 1862 1744 2068 1794; x_wconf 86' lang='lat' dir='ltr'><strong>Eumolpus</strong></span> <span class='ocrx_word' id='word_1_468' title='bbox 2097 1743 2229 1781; x_wconf 88' lang='lat' dir='ltr'><strong>dicitur</strong></span> <span class='ocrx_word' id='word_1_469' title='bbox 2247 1741 2269 1779; x_wconf 69' lang='lat' dir='ltr'><strong>{a</strong></span> <span class='ocrx_word' id='word_1_470' title='bbox 2294 1743 2409 1781; x_wconf 63' lang='lat' dir='ltr'><strong>Plin.v</strong></span> <span class='ocrx_word' id='word_1_471' title='bbox 2476 1740 2477 1792; x_wconf 55' lang='grc' dir='ltr'>ᾗ</span> 
     </span>
     <span class='ocr_line' id='line_1_69' title="bbox 1335 1793 2477 1846; baseline -0.002 -13"><span class='ocrx_word' id='word_1_472' title='bbox 1335 1797 1396 1834; x_wconf 92' lang='lat' dir='ltr'><strong>lib.</strong></span> <span class='ocrx_word' id='word_1_473' title='bbox 1437 1809 1508 1833; x_wconf 82' lang='lat' dir='ltr'><strong>vir.</strong></span> <span class='ocrx_word' id='word_1_474' title='bbox 1536 1809 1614 1845; x_wconf 87' lang='lat' dir='ltr'><strong>cap.</strong></span> <span class='ocrx_word' id='word_1_475' title='bbox 1638 1797 1694 1846; x_wconf 79' lang='lat'><strong>56.</strong></span> <span class='ocrx_word' id='word_1_476' title='bbox 1732 1798 1796 1845; x_wconf 87' lang='lat' dir='ltr'><strong>qui</strong></span> <span class='ocrx_word' id='word_1_477' title='bbox 1827 1797 1983 1835; x_wconf 82' lang='lat' dir='ltr'><strong>culturas</strong></span> <span class='ocrx_word' id='word_1_478' title='bbox 2005 1796 2137 1833; x_wconf 82' lang='lat' dir='ltr'><strong>vitium</strong></span> <span class='ocrx_word' id='word_1_479' title='bbox 2162 1795 2199 1831; x_wconf 63' lang='grc' dir='ltr'><strong>ὃς</strong></span> <span class='ocrx_word' id='word_1_480' title='bbox 2217 1793 2410 1832; x_wconf 63' lang='lat' dir='ltr'><strong>arborum-³</strong></span> <span class='ocrx_word' id='word_1_481' title='bbox 2476 1816 2477 1820; x_wconf 63' lang='lat'><em>=</em></span> 
     </span>
     <span class='ocr_line' id='line_1_70' title="bbox 1338 1843 2416 1893; baseline -0.003 -9"><span class='ocrx_word' id='word_1_482' title='bbox 1338 1848 1493 1885; x_wconf 87' lang='lat' dir='ltr'><strong>invenit.</strong></span> <span class='ocrx_word' id='word_1_483' title='bbox 1519 1849 1639 1885; x_wconf 88' lang='lat' dir='ltr'><strong>turbat</strong></span> <span class='ocrx_word' id='word_1_484' title='bbox 1669 1856 1795 1885; x_wconf 87' lang='lat' dir='ltr'><strong>tamen</strong></span> <span class='ocrx_word' id='word_1_485' title='bbox 1828 1849 1866 1885; x_wconf 65' lang='grc' dir='ltr'><strong>ὃς</strong></span> <span class='ocrx_word' id='word_1_486' title='bbox 1890 1846 2086 1886; x_wconf 90' lang='lat' dir='ltr'><strong>confundit</strong></span> <span class='ocrx_word' id='word_1_487' title='bbox 2115 1846 2183 1883; x_wconf 90' lang='lat' dir='ltr'><strong>hos</strong></span> <span class='ocrx_word' id='word_1_488' title='bbox 2205 1843 2297 1882; x_wconf 89' lang='lat' dir='ltr'><strong>duos</strong></span> <span class='ocrx_word' id='word_1_489' title='bbox 2320 1844 2416 1893; x_wconf 69' lang='lat' dir='ltr'><strong>ipse:</strong></span> 
     </span>
     <span class='ocr_line' id='line_1_71' title="bbox 1337 1895 2412 1940; baseline -0.003 -5"><span class='ocrx_word' id='word_1_490' title='bbox 1337 1899 1497 1936; x_wconf 89' lang='lat' dir='ltr'><strong>Ovidius</strong></span> <span class='ocrx_word' id='word_1_491' title='bbox 1528 1911 1611 1936; x_wconf 90' lang='lat' dir='ltr'><strong>cum</strong></span> <span class='ocrx_word' id='word_1_492' title='bbox 1631 1899 1768 1936; x_wconf 76' lang='lat' dir='ltr'><strong>libiir.</strong></span> <span class='ocrx_word' id='word_1_493' title='bbox 1784 1899 1894 1937; x_wconf 89' lang='lat' dir='ltr'><strong>Pont.</strong></span> <span class='ocrx_word' id='word_1_494' title='bbox 1916 1909 2070 1940; x_wconf 73' lang='lat'><strong>111.41.</strong></span> <span class='ocrx_word' id='word_1_495' title='bbox 2099 1895 2305 1934; x_wconf 84' lang='lat' dir='ltr'><strong>Chionidem</strong></span> <span class='ocrx_word' id='word_1_496' title='bbox 2325 1906 2412 1933; x_wconf 86' lang='lat' dir='ltr'><strong>vo·-</strong></span> 
     </span>
     <span class='ocr_line' id='line_1_72' title="bbox 1340 1946 2393 1998; baseline -0.004 -11"><span class='ocrx_word' id='word_1_497' title='bbox 1340 1958 1398 1987; x_wconf 87' lang='lat' dir='ltr'><strong>cet</strong></span> <span class='ocrx_word' id='word_1_498' title='bbox 1419 1949 1651 1998; x_wconf 83' lang='lat' dir='ltr'><strong>Eumolpum</strong></span> <span class='ocrx_word' id='word_1_499' title='bbox 1678 1978 1688 1994; x_wconf 94' lang='lat'>‚</span> <span class='ocrx_word' id='word_1_500' title='bbox 1729 1950 1790 1987; x_wconf 87' lang='lat' dir='ltr'><strong>ubi</strong></span> <span class='ocrx_word' id='word_1_501' title='bbox 1824 1950 1863 1987; x_wconf 72' lang='grc' dir='ltr'><strong>δε</strong></span> <span class='ocrx_word' id='word_1_502' title='bbox 1895 1961 1981 1986; x_wconf 88' lang='lat' dir='ltr'><strong>cum</strong></span> <span class='ocrx_word' id='word_1_503' title='bbox 2011 1948 2169 1996; x_wconf 88' lang='lat' dir='ltr'><strong>Orpheo</strong></span> <span class='ocrx_word' id='word_1_504' title='bbox 2190 1946 2393 1996; x_wconf 83' lang='lat' dir='ltr'><strong>conjungit.</strong></span> 
     </span>
     <span class='ocr_line' id='line_1_73' title="bbox 1335 1997 2406 2049; baseline -0.004 -11"><span class='ocrx_word' id='word_1_505' title='bbox 1335 2000 1397 2038; x_wconf 85' lang='lat' dir='ltr'><strong>ubi</strong></span> <span class='ocrx_word' id='word_1_506' title='bbox 1416 2000 1503 2038; x_wconf 87' lang='lat' dir='ltr'><strong>vide</strong></span> <span class='ocrx_word' id='word_1_507' title='bbox 1523 2001 1743 2049; x_wconf 85' lang='lat' dir='ltr'><strong>Micyllum:</strong></span> <span class='ocrx_word' id='word_1_508' title='bbox 1767 2000 1869 2048; x_wconf 87' lang='lat' dir='ltr'><strong>atqui</strong></span> <span class='ocrx_word' id='word_1_509' title='bbox 1898 2001 2036 2048; x_wconf 88' lang='lat' dir='ltr'><strong>primus</strong></span> <span class='ocrx_word' id='word_1_510' title='bbox 2067 1999 2136 2036; x_wconf 85' lang='lat' dir='ltr'><strong>fuit</strong></span> <span class='ocrx_word' id='word_1_511' title='bbox 2157 1998 2322 2035; x_wconf 85' lang='lat' dir='ltr'><strong>Chiones</strong></span> <span class='ocrx_word' id='word_1_512' title='bbox 2349 1997 2406 2035; x_wconf 82' lang='lat'><strong>&amp;-</strong></span> 
     </span>
     <span class='ocr_line' id='line_1_74' title="bbox 1339 2048 2410 2100; baseline -0.004 -11"><span class='ocrx_word' id='word_1_513' title='bbox 1339 2052 1505 2100; x_wconf 85' lang='lat' dir='ltr'><strong>Neptuni</strong></span> <span class='ocrx_word' id='word_1_514' title='bbox 1525 2051 1617 2089; x_wconf 89' lang='lat' dir='ltr'><strong>filius</strong></span> <span class='ocrx_word' id='word_1_515' title='bbox 1633 2079 1644 2095; x_wconf 91' lang='lat'>‚</span> <span class='ocrx_word' id='word_1_516' title='bbox 1659 2062 1735 2088; x_wconf 87' lang='lat' dir='ltr'><strong>non</strong></span> <span class='ocrx_word' id='word_1_517' title='bbox 1748 2052 1876 2088; x_wconf 85' lang='lat' dir='ltr'><strong>tertius</strong></span> <span class='ocrx_word' id='word_1_518' title='bbox 1890 2051 2031 2099; x_wconf 86' lang='lat' dir='ltr'><strong>Orphei</strong></span> <span class='ocrx_word' id='word_1_519' title='bbox 2044 2049 2247 2098; x_wconf 88' lang='lat' dir='ltr'><strong>discipulus.</strong></span> <span class='ocrx_word' id='word_1_520' title='bbox 2260 2048 2410 2086; x_wconf 89' lang='lat' dir='ltr'><strong>Theo--</strong></span> 
     </span>
     <span class='ocr_line' id='line_1_75' title="bbox 1339 2099 2391 2151; baseline -0.004 -12"><span class='ocrx_word' id='word_1_521' title='bbox 1339 2102 1447 2140; x_wconf 84' lang='lat' dir='ltr'><strong>critus</strong></span> <span class='ocrx_word' id='word_1_522' title='bbox 1471 2114 1561 2140; x_wconf 88' lang='lat' dir='ltr'><strong>vero</strong></span> <span class='ocrx_word' id='word_1_523' title='bbox 1585 2102 1717 2151; x_wconf 87' lang='lat' dir='ltr'><strong>Idyllio</strong></span> <span class='ocrx_word' id='word_1_524' title='bbox 1737 2114 1843 2138; x_wconf 79' lang='lat' dir='ltr'><strong>xxiv.</strong></span> <span class='ocrx_word' id='word_1_525' title='bbox 1872 2102 1954 2139; x_wconf 83' lang='lat'><strong>108.</strong></span> <span class='ocrx_word' id='word_1_526' title='bbox 1982 2099 2292 2138; x_wconf 76' lang='lat' dir='ltr'><strong>Philammont&#39;den</strong></span> <span class='ocrx_word' id='word_1_527' title='bbox 2322 2110 2391 2136; x_wconf 88' lang='lat' dir='ltr'><strong>vo-</strong></span> 
     </span>
     <span class='ocr_line' id='line_1_76' title="bbox 1340 2148 2414 2200; baseline -0.004 -9"><span class='ocrx_word' id='word_1_528' title='bbox 1340 2161 1418 2196; x_wconf 89' lang='lat' dir='ltr'><strong>cat,</strong></span> <span class='ocrx_word' id='word_1_529' title='bbox 1448 2165 1534 2191; x_wconf 89' lang='lat' dir='ltr'><strong>cum</strong></span> <span class='ocrx_word' id='word_1_530' title='bbox 1566 2154 1807 2191; x_wconf 90' lang='lat' dir='ltr'><strong>Philammon</strong></span> <span class='ocrx_word' id='word_1_531' title='bbox 1831 2152 1995 2190; x_wconf 88' lang='lat' dir='ltr'><strong>Chiones</strong></span> <span class='ocrx_word' id='word_1_532' title='bbox 2031 2152 2069 2189; x_wconf 68' lang='grc' dir='ltr'><strong>ὅ(</strong></span> <span class='ocrx_word' id='word_1_533' title='bbox 2092 2151 2276 2200; x_wconf 85' lang='lat' dir='ltr'><strong>Apollinis</strong></span> <span class='ocrx_word' id='word_1_534' title='bbox 2299 2148 2414 2188; x_wconf 37' lang='lat' dir='ltr'><strong>filius.-</strong></span> 
     </span>
     <span class='ocr_line' id='line_1_77' title="bbox 1338 2201 2406 2251; baseline -0.002 -10"><span class='ocrx_word' id='word_1_535' title='bbox 1338 2203 1540 2242; x_wconf 88' lang='lat' dir='ltr'><strong>secundum</strong></span> <span class='ocrx_word' id='word_1_536' title='bbox 1563 2204 1740 2242; x_wconf 85' lang='lat' dir='ltr'><strong>Nostrum</strong></span> <span class='ocrx_word' id='word_1_537' title='bbox 1761 2216 1852 2241; x_wconf 84' lang='lat' dir='ltr'><strong>mox</strong></span> <span class='ocrx_word' id='word_1_538' title='bbox 1878 2204 2032 2251; x_wconf 63' lang='lat'><strong>33&#39;8317·</strong></span> <span class='ocrx_word' id='word_1_539' title='bbox 2060 2202 2182 2240; x_wconf 89' lang='lat' dir='ltr'><strong>fuerit.</strong></span> <span class='ocrx_word' id='word_1_540' title='bbox 2206 2210 2243 2240; x_wconf 88' lang='lat' dir='ltr'><strong>at</strong></span> <span class='ocrx_word' id='word_1_541' title='bbox 2266 2201 2406 2250; x_wconf 84' lang='lat' dir='ltr'><strong>Hygi·-</strong></span> 
     </span>
     <span class='ocr_line' id='line_1_78' title="bbox 1339 2253 2478 2304; baseline -0.003 -12"><span class='ocrx_word' id='word_1_542' title='bbox 1339 2266 1391 2292; x_wconf 91' lang='lat' dir='ltr'><strong>no</strong></span> <span class='ocrx_word' id='word_1_543' title='bbox 1412 2256 1459 2293; x_wconf 85' lang='lat' dir='ltr'><strong>est</strong></span> <span class='ocrx_word' id='word_1_544' title='bbox 1479 2255 1715 2304; x_wconf 83' lang='lat' dir='ltr'><strong>Apollinis&amp;</strong></span> <span class='ocrx_word' id='word_1_545' title='bbox 1739 2256 1966 2293; x_wconf 76' lang='lat' dir='ltr'><strong>Leuconoes</strong></span> <span class='ocrx_word' id='word_1_546' title='bbox 1979 2253 2252 2303; x_wconf 71' lang='lat' dir='ltr'><strong>Fab.ctxi.qui</strong></span> <span class='ocrx_word' id='word_1_547' title='bbox 2266 2261 2413 2290; x_wconf 80' lang='lat' dir='ltr'><strong>tamen·</strong></span> <span class='ocrx_word' id='word_1_548' title='bbox 2475 2281 2478 2288; x_wconf 75' lang='grc'>,</span> 
     </span>
     <span class='ocr_line' id='line_1_79' title="bbox 1345 2304 2477 2344; baseline -0.001 -1"><span class='ocrx_word' id='word_1_549' title='bbox 1345 2305 1430 2343; x_wconf 83' lang='lat' dir='ltr'><strong>Fab.</strong></span> <span class='ocrx_word' id='word_1_550' title='bbox 1452 2318 1505 2344; x_wconf 88' lang='lat' dir='ltr'><strong>cc.</strong></span> <span class='ocrx_word' id='word_1_551' title='bbox 1527 2319 1573 2344; x_wconf 83' lang='lat' dir='ltr'><strong>ex</strong></span> <span class='ocrx_word' id='word_1_552' title='bbox 1595 2308 1744 2344; x_wconf 89' lang='lat' dir='ltr'><strong>Chione</strong></span> <span class='ocrx_word' id='word_1_553' title='bbox 1764 2305 1839 2343; x_wconf 86' lang='lat' dir='ltr'><strong>five</strong></span> <span class='ocrx_word' id='word_1_554' title='bbox 1866 2304 2063 2344; x_wconf 85' lang='lat' dir='ltr'><strong>Philonide</strong></span> <span class='ocrx_word' id='word_1_555' title='bbox 2091 2304 2415 2342; x_wconf 70' lang='lat' dir='ltr'><strong>Philammonem=</strong></span> <span class='ocrx_word' id='word_1_556' title='bbox 2476 2338 2477 2342; x_wconf 72' lang='grc'>,</span> 
     </span>
     <span class='ocr_line' id='line_1_80' title="bbox 1346 2355 2478 2404; baseline -0.001 -10"><span class='ocrx_word' id='word_1_557' title='bbox 1346 2365 1509 2395; x_wconf 86' lang='lat' dir='ltr'><strong>creatum</strong></span> <span class='ocrx_word' id='word_1_558' title='bbox 1545 2359 1606 2395; x_wconf 88' lang='lat' dir='ltr'><strong>ait.</strong></span> <span class='ocrx_word' id='word_1_559' title='bbox 1646 2359 1705 2396; x_wconf 90' lang='lat' dir='ltr'><strong>cui</strong></span> <span class='ocrx_word' id='word_1_560' title='bbox 1736 2355 1880 2395; x_wconf 82' lang='lat' dir='ltr'><strong>affentit</strong></span> <span class='ocrx_word' id='word_1_561' title='bbox 1904 2357 2068 2401; x_wconf 87' lang='lat' dir='ltr'><strong>Conon,</strong></span> <span class='ocrx_word' id='word_1_562' title='bbox 2095 2357 2160 2404; x_wconf 91' lang='lat' dir='ltr'><strong>qui</strong></span> <span class='ocrx_word' id='word_1_563' title='bbox 2184 2355 2413 2392; x_wconf 76' lang='lat' dir='ltr'><strong>narratione:</strong></span> <span class='ocrx_word' id='word_1_564' title='bbox 2476 2372 2478 2393; x_wconf 69' lang='grc' dir='ltr'>ι</span> 
     </span>
     <span class='ocr_line' id='line_1_81' title="bbox 1344 2403 2478 2457; baseline -0.003 -13"><span class='ocrx_word' id='word_1_565' title='bbox 1344 2420 1416 2445; x_wconf 82' lang='lat' dir='ltr'><strong>vn.</strong></span> <span class='ocrx_word' id='word_1_566' title='bbox 1434 2408 1636 2446; x_wconf 88' lang='lat' dir='ltr'><strong>Philonidis</strong></span> <span class='ocrx_word' id='word_1_567' title='bbox 1652 2435 1661 2453; x_wconf 87' lang='lat'><strong>‚</strong></span> <span class='ocrx_word' id='word_1_568' title='bbox 1689 2408 1893 2457; x_wconf 79' lang='lat' dir='ltr'><strong>Phosphori</strong></span> <span class='ocrx_word' id='word_1_569' title='bbox 1916 2409 1953 2446; x_wconf 87' lang='lat'>&amp;</span> <span class='ocrx_word' id='word_1_570' title='bbox 1977 2406 2182 2444; x_wconf 83' lang='lat' dir='ltr'><strong>Cleobaeae</strong></span> <span class='ocrx_word' id='word_1_571' title='bbox 2206 2405 2302 2442; x_wconf 84' lang='lat' dir='ltr'><strong>filiae</strong></span> <span class='ocrx_word' id='word_1_572' title='bbox 2318 2433 2328 2447; x_wconf 95' lang='lat'><strong>,</strong></span> <span class='ocrx_word' id='word_1_573' title='bbox 2351 2403 2393 2442; x_wconf 89' lang='lat' dir='ltr'><strong>fi-</strong></span> <span class='ocrx_word' id='word_1_574' title='bbox 2474 2429 2478 2456; x_wconf 28' lang='grc' dir='ltr'><strong><em>ἦ</em></strong></span> 
     </span>
     <span class='ocr_line' id='line_1_82' title="bbox 1344 2455 2478 2507; baseline -0.004 -12"><span class='ocrx_word' id='word_1_575' title='bbox 1344 2458 1435 2496; x_wconf 89' lang='lat' dir='ltr'><strong>lium</strong></span> <span class='ocrx_word' id='word_1_576' title='bbox 1456 2460 1553 2497; x_wconf 84' lang='lat' dir='ltr'><strong>facit.</strong></span> <span class='ocrx_word' id='word_1_577' title='bbox 1580 2460 1639 2497; x_wconf 90' lang='lat' dir='ltr'><strong>illa</strong></span> <span class='ocrx_word' id='word_1_578' title='bbox 1660 2471 1750 2497; x_wconf 89' lang='lat' dir='ltr'><strong>vero</strong></span> <span class='ocrx_word' id='word_1_579' title='bbox 1772 2460 1921 2497; x_wconf 88' lang='lat' dir='ltr'><strong>Chione</strong></span> <span class='ocrx_word' id='word_1_580' title='bbox 1942 2458 1986 2495; x_wconf 83' lang='lat' dir='ltr'><strong>ab</strong></span> <span class='ocrx_word' id='word_1_581' title='bbox 2013 2457 2170 2507; x_wconf 76' lang='lat' dir='ltr'><strong>Hygino</strong></span> <span class='ocrx_word' id='word_1_582' title='bbox 2200 2455 2285 2493; x_wconf 80' lang='lat' dir='ltr'><strong>Fab.</strong></span> <span class='ocrx_word' id='word_1_583' title='bbox 2314 2466 2413 2503; x_wconf 81' lang='lat'><strong>157..</strong></span> <span class='ocrx_word' id='word_1_584' title='bbox 2476 2462 2478 2474; x_wconf 73' lang='grc'>’</span> 
     </span>
     <span class='ocr_line' id='line_1_83' title="bbox 1347 2505 2477 2559; baseline -0.003 -13"><span class='ocrx_word' id='word_1_585' title='bbox 1347 2510 1545 2559; x_wconf 84' lang='lat' dir='ltr'><strong>Aquilonis</strong></span> <span class='ocrx_word' id='word_1_586' title='bbox 1564 2509 1637 2548; x_wconf 79' lang='lat' dir='ltr'><strong>filia</strong></span> <span class='ocrx_word' id='word_1_587' title='bbox 1654 2510 1798 2548; x_wconf 87' lang='lat' dir='ltr'><strong>dicitur.</strong></span> <span class='ocrx_word' id='word_1_588' title='bbox 1827 2511 1864 2548; x_wconf 89' lang='lat'>&amp;</span> <span class='ocrx_word' id='word_1_589' title='bbox 1878 2509 1999 2548; x_wconf 82' lang='lat' dir='ltr'><strong>Schol.</strong></span> <span class='ocrx_word' id='word_1_590' title='bbox 2012 2507 2138 2558; x_wconf 81' lang='lat' dir='ltr'><strong>Apoll.</strong></span> <span class='ocrx_word' id='word_1_591' title='bbox 2163 2519 2290 2546; x_wconf 88' lang='lat'><strong>1.211.</strong></span> <span class='ocrx_word' id='word_1_592' title='bbox 2308 2505 2391 2544; x_wconf 69' lang='lat' dir='ltr'><strong>Ort·</strong></span> <span class='ocrx_word' id='word_1_593' title='bbox 2408 2526 2413 2527; x_wconf 31' lang='grc' dir='ltr'><em>ν</em></span> <span class='ocrx_word' id='word_1_594' title='bbox 2476 2527 2477 2531; x_wconf 64' lang='lat'><em>=</em></span> 
     </span>
     <span class='ocr_line' id='line_1_84' title="bbox 1346 2561 1879 2610; baseline 0.002 -12"><span class='ocrx_word' id='word_1_595' title='bbox 1346 2562 1459 2610; x_wconf 85' lang='lat' dir='ltr'><strong>thyae</strong></span> <span class='ocrx_word' id='word_1_596' title='bbox 1483 2562 1520 2599; x_wconf 62' lang='grc' dir='ltr'><strong>ὃς</strong></span> <span class='ocrx_word' id='word_1_597' title='bbox 1541 2561 1692 2599; x_wconf 89' lang='lat' dir='ltr'><strong>Boreae.</strong></span> <span class='ocrx_word' id='word_1_598' title='bbox 1749 2561 1879 2599; x_wconf 69' lang='lat' dir='ltr'><strong>Euam.</strong></span> 
     </span>
    </p>

    <p class='ocr_par' dir='ltr' id='par_1_15' title="bbox 1348 2608 2419 2762">
     <span class='ocr_line' id='line_1_85' title="bbox 1399 2608 2416 2662; baseline -0.005 -13"><span class='ocrx_word' id='word_1_599' title='bbox 1399 2623 1458 2660; x_wconf 69' lang='lat'><strong>94.</strong></span> <span class='ocrx_word' id='word_1_600' title='bbox 1487 2611 1714 2662; x_wconf 58' lang='lat' dir='ltr'><strong>Qifimul]</strong></span> <span class='ocrx_word' id='word_1_601' title='bbox 1730 2615 1845 2661; x_wconf 53' lang='lat' dir='ltr'><strong>(Quem</strong></span> <span class='ocrx_word' id='word_1_602' title='bbox 1862 2610 2150 2655; x_wconf 74' lang='lat' dir='ltr'><strong>fimulundecini</strong></span> <span class='ocrx_word' id='word_1_603' title='bbox 2172 2608 2265 2647; x_wconf 89' lang='lat' dir='ltr'><strong>libri.</strong></span> <span class='ocrx_word' id='word_1_604' title='bbox 2288 2619 2389 2653; x_wconf 75' lang='lat' dir='ltr'><strong>mox,</strong></span> <span class='ocrx_word' id='word_1_605' title='bbox 2411 2635 2416 2643; x_wconf 93' lang='lat'><strong>.</strong></span> 
     </span>
     <span class='ocr_line' id='line_1_86' title="bbox 1348 2659 2417 2711; baseline -0.004 -13"><span class='ocrx_word' id='word_1_606' title='bbox 1348 2666 1396 2698; x_wconf 85' lang='lat' dir='ltr'><strong>Et</strong></span> <span class='ocrx_word' id='word_1_607' title='bbox 1417 2663 1466 2700; x_wconf 84' lang='lat' dir='ltr'><strong>bis</strong></span> <span class='ocrx_word' id='word_1_608' title='bbox 1488 2664 1641 2711; x_wconf 73' lang='lat' dir='ltr'><strong>quinque</strong></span> <span class='ocrx_word' id='word_1_609' title='bbox 1669 2663 1739 2700; x_wconf 73' lang='lat' dir='ltr'><strong>dies</strong></span> <span class='ocrx_word' id='word_1_610' title='bbox 1775 2675 1867 2701; x_wconf 83' lang='lat' dir='ltr'><strong>unus</strong></span> <span class='ocrx_word' id='word_1_611' title='bbox 1900 2663 2055 2701; x_wconf 82' lang='lat' dir='ltr'><strong>Heinsii.</strong></span> <span class='ocrx_word' id='word_1_612' title='bbox 2090 2670 2147 2709; x_wconf 85' lang='lat' dir='ltr'><strong>per</strong></span> <span class='ocrx_word' id='word_1_613' title='bbox 2176 2661 2253 2710; x_wconf 80' lang='lat' dir='ltr'><strong>quis</strong></span> <span class='ocrx_word' id='word_1_614' title='bbox 2275 2659 2417 2710; x_wconf 54' lang='lat' dir='ltr'><strong>quinos»</strong></span> 
     </span>
     <span class='ocr_line' id='line_1_87' title="bbox 1348 2712 2419 2762; baseline -0.005 -12"><span class='ocrx_word' id='word_1_615' title='bbox 1348 2724 1442 2750; x_wconf 86' lang='lat' dir='ltr'><strong>unus</strong></span> <span class='ocrx_word' id='word_1_616' title='bbox 1463 2714 1602 2750; x_wconf 86' lang='lat' dir='ltr'><strong>Medic.</strong></span> <span class='ocrx_word' id='word_1_617' title='bbox 1624 2714 1721 2750; x_wconf 86' lang='lat' dir='ltr'><strong>unde</strong></span> <span class='ocrx_word' id='word_1_618' title='bbox 1736 2714 1930 2758; x_wconf 79' lang='lat' dir='ltr'><strong>Heinsius,</strong></span> <span class='ocrx_word' id='word_1_619' title='bbox 1959 2714 2008 2749; x_wconf 84' lang='lat' dir='ltr'><strong>bis</strong></span> <span class='ocrx_word' id='word_1_620' title='bbox 2022 2713 2208 2762; x_wconf 77' lang='lat' dir='ltr'><strong>quinosque</strong></span> <span class='ocrx_word' id='word_1_621' title='bbox 2227 2712 2392 2756; x_wconf 47' lang='lat' dir='ltr'><strong>dionem.</strong></span> <span class='ocrx_word' id='word_1_622' title='bbox 2415 2736 2419 2738; x_wconf 87' lang='lat'><em>-</em></span> 
     </span>
    </p>

    <p class='ocr_par' dir='ltr' id='par_1_16' title="bbox 1349 2764 2478 2958">
     <span class='ocr_line' id='line_1_88' title="bbox 1401 2764 2417 2812; baseline -0.005 -12"><span class='ocrx_word' id='word_1_623' title='bbox 1401 2775 1460 2810; x_wconf 88' lang='lat'><strong>97.</strong></span> <span class='ocrx_word' id='word_1_624' title='bbox 1490 2768 1536 2798; x_wconf 80' lang='lat' dir='ltr'><strong>Et</strong></span> <span class='ocrx_word' id='word_1_625' title='bbox 1549 2764 1629 2812; x_wconf 83' lang='lat' dir='ltr'><strong>jam</strong></span> <span class='ocrx_word' id='word_1_626' title='bbox 1641 2764 1824 2809; x_wconf 74' lang='lat' dir='ltr'><strong>stellarum</strong></span> <span class='ocrx_word' id='word_1_627' title='bbox 1846 2765 1991 2807; x_wconf 77' lang='lat' dir='ltr'><strong>sublime</strong></span> <span class='ocrx_word' id='word_1_628' title='bbox 2012 2766 2158 2811; x_wconf 54' lang='lat' dir='ltr'><strong>coegerat</strong></span> <span class='ocrx_word' id='word_1_629' title='bbox 2182 2775 2303 2810; x_wconf 76' lang='lat' dir='ltr'><strong>agmen</strong></span> <span class='ocrx_word' id='word_1_630' title='bbox 2325 2765 2392 2796; x_wconf 86' lang='lat' dir='ltr'><strong>Lu·</strong></span> <span class='ocrx_word' id='word_1_631' title='bbox 2413 2778 2417 2779; x_wconf 41' lang='lat'><em>⁷</em></span> 
     </span>
     <span class='ocr_line' id='line_1_89' title="bbox 1349 2809 2478 2863; baseline -0.004 -13"><span class='ocrx_word' id='word_1_632' title='bbox 1349 2813 1431 2860; x_wconf 79' lang='lat' dir='ltr'><strong>cifer</strong></span> <span class='ocrx_word' id='word_1_633' title='bbox 1449 2813 1689 2863; x_wconf 71' lang='lat' dir='ltr'><strong>undecimus.]</strong></span> <span class='ocrx_word' id='word_1_634' title='bbox 1719 2815 1776 2852; x_wconf 74' lang='lat' dir='ltr'><strong>Sic</strong></span> <span class='ocrx_word' id='word_1_635' title='bbox 1800 2813 1860 2851; x_wconf 84' lang='lat' dir='ltr'><strong>lib.</strong></span> <span class='ocrx_word' id='word_1_636' title='bbox 1886 2826 1930 2851; x_wconf 79' lang='lat' dir='ltr'><strong>tt.</strong></span> <span class='ocrx_word' id='word_1_637' title='bbox 1959 2825 2037 2859; x_wconf 66' lang='lat'><strong>114.</strong></span> <span class='ocrx_word' id='word_1_638' title='bbox 2075 2826 2226 2861; x_wconf 71' lang='lat' dir='ltr'><strong>qnarum</strong></span> <span class='ocrx_word' id='word_1_639' title='bbox 2256 2810 2415 2853; x_wconf 41' lang='lat' dir='ltr'><strong>(stella-⁷</strong></span> <span class='ocrx_word' id='word_1_640' title='bbox 2474 2809 2478 2828; x_wconf 71' lang='lat'>⁸</span> 
     </span>
     <span class='ocr_line' id='line_1_90' title="bbox 1349 2860 2393 2913; baseline -0.002 -13"><span class='ocrx_word' id='word_1_641' title='bbox 1349 2863 1458 2911; x_wconf 86' lang='lat' dir='ltr'><strong>rum)</strong></span> <span class='ocrx_word' id='word_1_642' title='bbox 1486 2864 1629 2911; x_wconf 78' lang='lat' dir='ltr'><strong>agmina</strong></span> <span class='ocrx_word' id='word_1_643' title='bbox 1657 2864 1741 2913; x_wconf 78' lang='lat' dir='ltr'><strong>cogit</strong></span> <span class='ocrx_word' id='word_1_644' title='bbox 1767 2864 1915 2910; x_wconf 78' lang='lat' dir='ltr'><strong>Lucifer.</strong></span> <span class='ocrx_word' id='word_1_645' title='bbox 1946 2864 2003 2901; x_wconf 83' lang='lat' dir='ltr'><strong>Sic</strong></span> <span class='ocrx_word' id='word_1_646' title='bbox 2021 2866 2058 2901; x_wconf 63' lang='grc' dir='ltr'>ἃ</span> <span class='ocrx_word' id='word_1_647' title='bbox 2074 2866 2237 2907; x_wconf 78' lang='lat' dir='ltr'><strong>Seneca,</strong></span> <span class='ocrx_word' id='word_1_648' title='bbox 2266 2860 2393 2900; x_wconf 77' lang='lat' dir='ltr'><strong>Ovidii</strong></span> 
     </span>
     <span class='ocr_line' id='line_1_91' title="bbox 1351 2914 2226 2958; baseline 0 -8"><span class='ocrx_word' id='word_1_649' title='bbox 1351 2917 1536 2951; x_wconf 77' lang='lat' dir='ltr'><strong>maximus</strong></span> <span class='ocrx_word' id='word_1_650' title='bbox 1556 2915 1742 2958; x_wconf 86' lang='lat' dir='ltr'><strong>imitator,</strong></span> <span class='ocrx_word' id='word_1_651' title='bbox 1771 2915 1808 2951; x_wconf 91' lang='lat' dir='ltr'><strong>in</strong></span> <span class='ocrx_word' id='word_1_652' title='bbox 1830 2916 1940 2952; x_wconf 76' lang='lat' dir='ltr'><strong>Herc.</strong></span> <span class='ocrx_word' id='word_1_653' title='bbox 1964 2915 2122 2953; x_wconf 74' lang='lat' dir='ltr'><strong>Furente</strong></span> <span class='ocrx_word' id='word_1_654' title='bbox 2146 2914 2226 2953; x_wconf 86' lang='lat'><strong>128.</strong></span> 
     </span>
    </p>

    <p class='ocr_par' dir='ltr' id='par_1_17' title="bbox 1456 2978 2109 3029">
     <span class='ocr_line' id='line_1_92' title="bbox 1456 2978 2109 3029; baseline 0.005 -14"><span class='ocrx_word' id='word_1_655' title='bbox 1456 2978 1555 3028; x_wconf 74' lang='lat' dir='ltr'><strong>Cogit</strong></span> <span class='ocrx_word' id='word_1_656' title='bbox 1573 2978 1728 3015; x_wconf 65' lang='lat' dir='ltr'><strong>nitidam</strong></span> <span class='ocrx_word' id='word_1_657' title='bbox 1753 2978 1957 3028; x_wconf 74' lang='lat' dir='ltr'><strong>Phosphoros</strong></span> <span class='ocrx_word' id='word_1_658' title='bbox 1973 2994 2109 3029; x_wconf 81' lang='lat' dir='ltr'><strong>agmen.</strong></span> 
     </span>
    </p>
   </div>
   <div class='ocr_carea' id='block_1_14' title="bbox 1356 3039 2478 3388">
    <p class='ocr_par' dir='ltr' id='par_1_18' title="bbox 1356 3039 2478 3388">
     <span class='ocr_line' id='line_1_93' title="bbox 1356 3039 2398 3092; baseline -0.002 -13"><span class='ocrx_word' id='word_1_659' title='bbox 1356 3041 1516 3080; x_wconf 83' lang='lat' dir='ltr'><strong>Videtur</strong></span> <span class='ocrx_word' id='word_1_660' title='bbox 1538 3051 1663 3080; x_wconf 84' lang='lat' dir='ltr'><strong>autem</strong></span> <span class='ocrx_word' id='word_1_661' title='bbox 1699 3044 1836 3092; x_wconf 75' lang='lat' dir='ltr'><strong>cogendi</strong></span> <span class='ocrx_word' id='word_1_662' title='bbox 1861 3044 2012 3083; x_wconf 78' lang='lat' dir='ltr'><strong>verbum</strong></span> <span class='ocrx_word' id='word_1_663' title='bbox 2047 3045 2101 3082; x_wconf 86' lang='lat' dir='ltr'><strong>liis</strong></span> <span class='ocrx_word' id='word_1_664' title='bbox 2122 3041 2212 3082; x_wconf 85' lang='lat' dir='ltr'><strong>locis</strong></span> <span class='ocrx_word' id='word_1_665' title='bbox 2232 3041 2276 3078; x_wconf 90' lang='lat' dir='ltr'><strong>de</strong></span> <span class='ocrx_word' id='word_1_666' title='bbox 2300 3039 2398 3078; x_wconf 75' lang='lat' dir='ltr'><strong>mili·</strong></span> 
     </span>
     <span class='ocr_line' id='line_1_94' title="bbox 1357 3093 2477 3135; baseline -0.002 -6"><span class='ocrx_word' id='word_1_667' title='bbox 1357 3093 1420 3129; x_wconf 79' lang='lat' dir='ltr'><strong>tari</strong></span> <span class='ocrx_word' id='word_1_668' title='bbox 1447 3093 1712 3131; x_wconf 87' lang='lat' dir='ltr'><strong>consuetudine</strong></span> <span class='ocrx_word' id='word_1_669' title='bbox 1740 3096 1965 3135; x_wconf 82' lang='lat' dir='ltr'><strong>translatum.</strong></span> <span class='ocrx_word' id='word_1_670' title='bbox 1995 3097 2121 3133; x_wconf 78' lang='lat' dir='ltr'><strong>Livius</strong></span> <span class='ocrx_word' id='word_1_671' title='bbox 2149 3093 2209 3130; x_wconf 88' lang='lat' dir='ltr'><strong>lib.</strong></span> <span class='ocrx_word' id='word_1_672' title='bbox 2237 3103 2409 3129; x_wconf 55' lang='lat' dir='ltr'><strong>xxxvxr.</strong></span> <span class='ocrx_word' id='word_1_673' title='bbox 2474 3108 2477 3133; x_wconf 65' lang='lat' dir='ltr'><strong>i</strong></span> 
     </span>
     <span class='ocr_line' id='line_1_95' title="bbox 1357 3137 2478 3192; baseline -0.002 -14"><span class='ocrx_word' id='word_1_674' title='bbox 1357 3142 1504 3191; x_wconf 78' lang='lat' dir='ltr'><strong>Cogebat</strong></span> <span class='ocrx_word' id='word_1_675' title='bbox 1523 3157 1645 3192; x_wconf 74' lang='lat' dir='ltr'><strong>agmen</strong></span> <span class='ocrx_word' id='word_1_676' title='bbox 1664 3145 1861 3183; x_wconf 66' lang='lat' dir='ltr'><strong>Chariclus.</strong></span> <span class='ocrx_word' id='word_1_677' title='bbox 1902 3147 2006 3185; x_wconf 88' lang='lat' dir='ltr'><strong>Idem</strong></span> <span class='ocrx_word' id='word_1_678' title='bbox 2028 3144 2185 3183; x_wconf 81' lang='lat' dir='ltr'><strong>ibidem:</strong></span> <span class='ocrx_word' id='word_1_679' title='bbox 2214 3142 2318 3192; x_wconf 51' lang='lat' dir='ltr'><strong>{Quod</strong></span> <span class='ocrx_word' id='word_1_680' title='bbox 2339 3139 2402 3177; x_wconf 72' lang='lat' dir='ltr'><strong>ubi</strong></span> <span class='ocrx_word' id='word_1_681' title='bbox 2423 3150 2429 3168; x_wconf 68' lang='lat'><em>1</em></span> <span class='ocrx_word' id='word_1_682' title='bbox 2474 3137 2478 3169; x_wconf 74' lang='lat'><strong>7:</strong></span> 
     </span>
     <span class='ocr_line' id='line_1_96' title="bbox 1358 3186 2477 3246; baseline 0 -18"><span class='ocrx_word' id='word_1_683' title='bbox 1358 3194 1562 3238; x_wconf 72' lang='lat' dir='ltr'><strong>Eudamus,</strong></span> <span class='ocrx_word' id='word_1_684' title='bbox 1592 3195 1651 3243; x_wconf 80' lang='lat' dir='ltr'><strong>qui</strong></span> <span class='ocrx_word' id='word_1_685' title='bbox 1673 3196 1806 3244; x_wconf 75' lang='lat' dir='ltr'><strong>cogebat</strong></span> <span class='ocrx_word' id='word_1_686' title='bbox 1832 3211 1979 3246; x_wconf 83' lang='lat' dir='ltr'><strong>agmen,</strong></span> <span class='ocrx_word' id='word_1_687' title='bbox 2005 3195 2122 3238; x_wconf 82' lang='lat' dir='ltr'><strong>vidit,</strong></span> <span class='ocrx_word' id='word_1_688' title='bbox 2150 3195 2222 3230; x_wconf 62' lang='lat' dir='ltr'><strong>&amp;Q</strong></span> <span class='ocrx_word' id='word_1_689' title='bbox 2254 3193 2398 3230; x_wconf 78' lang='lat' dir='ltr'><strong>Curtius</strong></span> <span class='ocrx_word' id='word_1_690' title='bbox 2474 3186 2477 3242; x_wconf 60' lang='lat' dir='ltr'><em>J</em></span> 
     </span>
     <span class='ocr_line' id='line_1_97' title="bbox 1357 3240 2477 3297; baseline -0.002 -17"><span class='ocrx_word' id='word_1_691' title='bbox 1357 3243 1419 3281; x_wconf 84' lang='lat' dir='ltr'><strong>lib.</strong></span> <span class='ocrx_word' id='word_1_692' title='bbox 1444 3258 1506 3281; x_wconf 81' lang='lat'><strong>111.</strong></span> <span class='ocrx_word' id='word_1_693' title='bbox 1535 3245 1658 3282; x_wconf 83' lang='lat' dir='ltr'><strong>Ultimi</strong></span> <span class='ocrx_word' id='word_1_694' title='bbox 1675 3258 1776 3283; x_wconf 79' lang='lat' dir='ltr'><strong>erant</strong></span> <span class='ocrx_word' id='word_1_695' title='bbox 1795 3261 1873 3284; x_wconf 84' lang='lat' dir='ltr'><strong>cum</strong></span> <span class='ocrx_word' id='word_1_696' title='bbox 1889 3249 1965 3297; x_wconf 84' lang='lat' dir='ltr'><strong>suis</strong></span> <span class='ocrx_word' id='word_1_697' title='bbox 1983 3246 2123 3297; x_wconf 77' lang='lat' dir='ltr'><strong>quisque</strong></span> <span class='ocrx_word' id='word_1_698' title='bbox 2146 3244 2286 3280; x_wconf 80' lang='lat' dir='ltr'><strong>ducibus</strong></span> <span class='ocrx_word' id='word_1_699' title='bbox 2300 3272 2307 3285; x_wconf 92' lang='lat'><strong>,</strong></span> <span class='ocrx_word' id='word_1_700' title='bbox 2338 3240 2404 3291; x_wconf 66' lang='lat' dir='ltr'><strong>qui</strong></span> <span class='ocrx_word' id='word_1_701' title='bbox 2424 3252 2429 3267; x_wconf 74' lang='grc'><strong>’</strong></span> <span class='ocrx_word' id='word_1_702' title='bbox 2474 3256 2477 3291; x_wconf 67' lang='lat' dir='ltr'><em>f</em></span> 
     </span>
     <span class='ocr_line' id='line_1_98' title="bbox 1358 3291 2476 3346; baseline 0.001 -15"><span class='ocrx_word' id='word_1_703' title='bbox 1358 3306 1506 3344; x_wconf 70' lang='lat' dir='ltr'><strong>cogerent</strong></span> <span class='ocrx_word' id='word_1_704' title='bbox 1527 3309 1653 3346; x_wconf 70' lang='lat' dir='ltr'><strong>agmen</strong></span> <span class='ocrx_word' id='word_1_705' title='bbox 1674 3298 1963 3337; x_wconf 58' lang='lat' dir='ltr'><strong>levitenasmati.</strong></span> <span class='ocrx_word' id='word_1_706' title='bbox 1992 3299 2125 3336; x_wconf 82' lang='lat' dir='ltr'><strong>Cicero</strong></span> <span class='ocrx_word' id='word_1_707' title='bbox 2143 3296 2203 3335; x_wconf 85' lang='lat' dir='ltr'><strong>lib.</strong></span> <span class='ocrx_word' id='word_1_708' title='bbox 2217 3291 2399 3341; x_wconf 47' lang='lat' dir='ltr'><strong>xv.&gt;Epist.</strong></span> <span class='ocrx_word' id='word_1_709' title='bbox 2474 3311 2476 3317; x_wconf 94' lang='lat'>·</span> 
     </span>
     <span class='ocr_line' id='line_1_99' title="bbox 2345 3351 2417 3388; baseline 0 -9"><span class='ocrx_word' id='word_1_710' title='bbox 2345 3351 2417 3388; x_wconf 67' lang='lat'><strong>130),</strong></span> 
     </span>
    </p>
   </div>
   <div class='ocr_carea' id='block_1_15' title="bbox 2468 1843 2483 3095">
    <p class='ocr_par' dir='ltr' id='par_1_19' title="bbox 2468 1843 2483 3095">
     <span class='ocr_line' id='line_1_100' title="bbox 2468 1843 2483 3095; baseline 0 0"><span class='ocrx_word' id='word_1_711' title='bbox 2468 1843 2483 3095; x_wconf 95' lang='lat' dir='ltr'><strong> </strong></span> 
     </span>
    </p>
   </div>
  </div>
 </body>
</html>
