2483 3616
373 64 1612 166 METAMORPHOSEON
1685 109 1826 166 Lm.
1889 113 2029 173 XV.

2151 137 2277 187 1053

374 272 399 282 „
424 231 705 304 Corpora,
742 244 878 298 quae
902 226 1096 298 poffint
1122 229 1317 283 animas
1340 228 1568 283 habuisse
1592 231 1888 301 parentum.

294 304 402 371 46‘6
437 301 826 379 Auis‘isratrum,
865 313 953 353 aut
979 301 1155 373 aliquo
1176 300 1481 371 junPtorum
1509 302 1730 357 foedere
1754 303 1936 366 nobi3‚

433 372 552 428 Aut*
572 372 850 426 hominum
877 376 1024 425 certe
1042 412 1057 435 ‚
1097 385 1208 426 tuta
1236 372 1338 426 effe
1362 373 1417 425 &
1442 373 1657 428 honesta
1686 376 1930 431 sinamus:

358 451 383 511 f
427 446 581 500 Neve
604 444 883 516 Thyesteis
908 445 1242 498 cumulemur
1266 444 1462 498 viscera
1486 446 1687 500 mensis,

426 516 613 588 Quam
642 518 775 570 male
801 516 1120 579 consuescit,
1158 517 1320 589 quam
1344 516 1396 569 se
1424 530 1568 586 parat
1594 518 1680 571 ille
1704 521 1886 574 cruori

429 588 624 660 Impius
649 589 912 649 humano;
954 589 1104 642 vituli
1131 589 1222 660 qui
1247 601 1461 659 guttura
1485 590 1658 642 cultro

288 665 392 730 465
431 661 689 731 Rumpit3
732 659 787 714 δε
809 661 1055 714 immotas
1080 660 1296 732 praebet
1318 659 1610 731 mugitibus
1636 666 1810 717 aures!

428 735 543 788 Aut
568 732 660 804 qui
683 733 885 802 vagitus
911 732 1097 786 fimiles
1122 732 1408 803 puerilibus
1435 733 1669 787 haedum

433 804 958 874 Edentemjugulare
981 804 1183 876 potest;
1223 817 1312 858 aut
1336 804 1457 857 alite
1481 804 1619 858 vesci
1635 844 1651 868 ‚

430 877 538 931 Cui
565 876 713 930 dedit
740 877 847 946 ipse
872 877 1021 930 cibos
1051 879 1061 929 l
1103 890 1360 948 quantum
1385 875 1484 938 est,
1523 876 1673 948 quod
1697 878 1830 932 defit
1855 879 1911 934 in
1938 879 2044 935 istis

432 948 524 1002 Ad
550 949 764 1020 plenum
788 948 986 1001 facinus
1013 950 1023 1001 !
1065 947 1176 1019 quo
1205 948 1442 1002 transitus
1466 948 1593 1002 inde
1618 954 1854 1021 paratur!

288 1040 390 1093 470
429 1019 535 1075 Bos
560 1033 705 1079 aret3
745 1033 834 1073 aut
862 1033 1094 1073 mortem
1121 1020 1412 1073 senioribus
1440 1021 1668 1092 imputet
1692 1024 1865 1077 annis:

430 1091 781 1147 Horriferum
806 1105 992 1145 contra
1017 1091 1228 1145 Borean
1255 1093 1369 1145 ovis
1396 1110 1538 1146 arma
1567 1093 1840 1150 ministret.

428 1164 606 1218 Ubera
631 1163 759 1217 dent
783 1162 983 1217 saturae
1009 1163 1248 1217 manibus
1275 1163 1547 1234 pressanda
1571 1167 1818 1236 capellae.

426 1235 736 1301 Retiacum
760 1236 990 1305 pediciS‚
1027 1237 1352 1309 laqueosque
1379 1250 1623 1309 artesque
1654 1237 1857 1294 dolosas

434 1308 641 1362 Tollite
669 1325 680 1360 :
721 1325 822 1361 nec
849 1309 1121 1362 volucrem
1144 1308 1333 1361 viscata
1356 1307 1517 1362 fallite
1541 1309 1714 1382 virga:

282 1399 384 1452 475
421 1381 537 1436 Nec
565 1379 861 1434 formidatis
887 1398 1075 1435 cervos
1100 1380 1358 1434 includite
1387 1381 1556 1451 pinnis
1580 1400 1592 1436 :

430 1453 548 1509 Nec
575 1453 741 1508 celate
766 1452 894 1508 cibis
920 1471 1086 1510 uncos
1110 1452 1376 1509 fallacibus
1404 1452 1608 1509 hamos.

139 1668 251 1716 prim.
281 1667 452 1708 GronOV.
483 1670 522 1708 δε
551 1671 657 1710 multi
678 1673 749 1711 alii.
766 1671 835 1710 sec.
856 1671 997 1710 Medic.
1016 1671 1102 1721 quid
1123 1671 1184 1722 qui

132 1727 289 1767 paratur
317 1722 422 1767 prim.
452 1722 656 1771 Hamburg.
688 1725 725 1762 δί
751 1723 825 1761 duo
845 1723 915 1761 alii.
934 1736 999 1770 quo
1018 1723 1186 1769 tranfitus

139 1768 220 1804 inde
236 1778 389 1817 paratur
410 1774 516 1819 prim.
536 1773 668 1811 Erfurt.
691 1776 727 1812 ὃς
751 1775 857 1822 prim.
883 1773 1052 1811 Ambros.
1075 1774 1186 1812 κᾶε.

138 1826 286 1866 paratur
309 1822 366 1857 alii
391 1823 501 1859 etiam
526 1824 684 1871 plurimi.
713 1825 856 1862 Heius.

144 1880 277 1956 Μὲἰῐῒ.
305 1872 561 1923 Ηοννψενκηπ.]
605 1874 813 1922 Horrificum
853 1875 983 1912 Oxon.
1012 1875 1051 1913 &
1080 1876 1188 1924 prim.

239 1930 257 1955 e
278 1947 286 1955 .

147 1978 279 2054 ἴίς471-ιῖ
311 1975 379 2005 Nec
400 1971 595 2022 volumen]
627 1973 799 2012 Volucrem
822 1988 867 2013 ex
889 1975 1069 2024 plerisque
1080 1976 1187 2026 scrip-

196 2045 206 2054 .
275 2030 375 2055 Ems.

198 2078 282 2123 475.
313 2075 381 2105 Nec
404 2070 609 2116 firmidatis
627 2086 737 2111 cervos
755 2075 924 2112 includite
938 2076 1096 2125 pennis]
1126 2077 1184 2114 Sic

145 2117 297 2164 quidem
328 2119 479 2167 legitur,
507 2121 803 2168 sedfhrmidantis
820 2127 967 2163 forsitan
991 2127 1038 2163 est
1058 2127 1184 2175 legen-

145 2168 234 2204 dum
252 2196 261 2211 ,
290 2177 330 2206 ut
359 2182 554 2209 cervorum
585 2172 625 2209 fit
652 2175 867 2221 epitheton,
894 2177 956 2224 qui
977 2185 1101 2212 natura
1123 2177 1182 2214 vel
1212 2174 1215 2177 ’

143 2217 306 2256 Homeri
328 2220 541 2258 testimonio
568 2224 783 2262 timidissimi
801 2225 892 2262 sunt.
923 2226 1061 2268 Pennis,
1084 2225 1120 2262 id
1134 2226 1181 2263 est

141 2266 285 2316 sagittis.
313 2268 333 2306 a
365 2280 464 2318 parte
494 2284 656 2322 namque
684 2282 807 2312 totum
836 2288 899 2323 per
925 2274 1183 2324 synecdochen

141 2318 355 2367 frequenter
384 2320 623 2368 significatur,
651 2336 794 2371 pennae
827 2326 927 2362 enim
959 2325 1090 2374 sagittis
1121 2326 1184 2363 ad-

143 2368 378 2417 glutinantur.
426 2372 591 2410 Riiorus.
637 2375 714 2422 Qui
755 2376 987 2420 formidantes
1020 2375 1147 2424 legunt
1173 2404 1183 2420 ‚

142 2422 280 2475 poetae
299 2432 377 2458 non
397 2422 602 2471 intelligunt
620 2423 772 2462 sensum.
791 2427 906 2474 tangit
928 2427 1026 2462 enim
1046 2438 1186 2463 venan-

143 2476 238 2506 tium
277 2482 405 2509 cervos
433 2483 603 2518 morem,
639 2476 701 2523 qui
731 2475 851 2512 rubras
882 2476 1025 2513 funibus
1048 2488 1186 2525 pennas

142 2518 387 2567 suspendunt,
411 2533 631 2573 quacunque
657 2526 746 2562 retia
766 2538 842 2562 non
861 2526 1041 2564 locantur:
1064 2535 1104 2564 ut
1126 2540 1187 2564 ea-

142 2579 225 2607 rum
264 2571 463 2609 formidine
499 2576 598 2611 cervi
633 2575 732 2612 illinc
769 2576 803 2612 se
842 2576 938 2613 reeta
974 2578 1187 2626 proripiant.

147 2618 245 2659 Eum
268 2633 412 2659 morem
437 2624 552 2672 tangit
570 2625 745 2673 Virg.111.
766 2626 1055 2676 Georg.371.de
1072 2629 1187 2666 cervis

147 2668 303 2718 loquens
324 2672 378 2709 his
399 2673 554 2712 versibus
568 2702 579 2719 ,

199 2738 268 2768 Hos
290 2747 356 2788 quon
378 2735 530 2783 immiffis
548 2736 688 2774 canibus
701 2765 711 2782 ‚
733 2751 800 2774 non
818 2737 953 2786 caffibus
968 2739 1049 2776 ullis
1059 2769 1075 2785 ,.

202 2789 414 2820 Punlceaeve
434 2788 546 2833 agitat
562 2788 708 2835 pavidos
720 2789 910 2832 fbrmidine
919 2799 1062 2836 pennae.

147 2845 327 2900 Legimus
350 2852 474 2899 tamen
505 2848 543 2883 ὃς
562 2849 645 2887 alias
668 2850 758 2887 feras
781 2849 835 2887 his
856 2851 985 2889 artibus
1005 2854 1096 2902 capi.
1122 2853 1187 2892 Se-

147 2906 244 2935 neca
263 2906 300 2931 111
321 2894 532 2943 Hippolyto
546 2922 555 2937 ,
582 2901 641 2942 46.

200 2958 301 2995 Pieia
320 2957 456 2994 rubenti
471 2967 586 3007 penna
608 2965 699 2996 Vano
718 2963 860 3002 claudat
881 2975 1005 3002 terrore
1015 2967 1126 3012 feras.

148 3019 198 3058 Et
224 3021 263 3057 in
294 3020 454 3058 secundo
474 3020 518 3058 de
534 3021 612 3065 Ira,
641 3032 716 3069 cap.
742 3033 795 3059 η.
834 3033 925 3064 Cum
947 3029 1117 3065 maximos
1131 3029 1183 3075 fe.

151 3083 274 3107 rarum
299 3084 407 3119 greges
433 3070 524 3107 linea
547 3072 667 3120 pennis
703 3070 862 3117 distinffa
889 3080 1060 3117 contineat
1084 3108 1094 3123 ‚
1144 3089 1188 3118 ω’

150 3121 200 3157 ad
245 3120 386 3169 insidias
425 3131 517 3168 agat.
569 3122 628 3159 Ac
667 3122 776 3170 paulo
814 3123 902 3169 post.
943 3130 1023 3166 106.
1060 3128 1188 3165 Umbra

148 3170 196 3206 ab
232 3170 426 3217 infantibus
450 3199 459 3214 ‚
511 3169 536 3207 ιὶ
573 3172 660 3217 feris
701 3170 823 3208 rubens
864 3182 978 3221 penna
1009 3181 1187 3216 metuitur.

153 3220 306 3262 Cosszr.
334 3221 430 3262 FAN,
458 3221 504 3260 Et
533 3221 632 3260 recle
659 3222 789 3271 legitur
809 3222 1038 3270 formidatis,
1075 3236 1113 3264 ut
1141 3228 1187 3266 ad

2154 1532 2288 1589 Per-

1239 1684 1375 1722 pennas
1400 1673 1598 1714 referatur.
1629 1673 1667 1712 &
1692 1672 1796 1711 falsus
1823 1672 1871 1710 est
1890 1673 2047 1721 Regius,
2076 1672 2138 1720 qui
2154 1680 2286 1720 pennas

1240 1726 1314 1761 hoc
1331 1725 1417 1762 loco
1430 1736 1496 1773 pro
1506 1725 1637 1773 sagittis
1649 1725 1793 1771 accipit.
1808 1724 1896 1760 Non
1913 1725 2012 1760 enim
2026 1722 2165 1770 sagittas
2177 1722 2286 1759 intel-

1240 1775 1318 1823 ligit
1342 1779 1474 1823 poeta,
1502 1775 1562 1813 sed
1584 1787 1708 1813 revera
1727 1786 1862 1821 pennas
1877 1802 1886 1817 ‚
1916 1774 2045 1821 quibus
2066 1773 2284 1820 plerumque

1243 1827 1407 1874 puniceis
1428 1854 1438 1870 ‚
1478 1826 1663 1863 interdum
1689 1826 1799 1862 etiam
1830 1824 2015 1866 odoratis,
2039 1822 2200 1860 solebant
2221 1834 2286 1858 ve-

1243 1884 1389 1913 natores
1418 1877 1698 1923 perterrefacere
1727 1886 1855 1912 cervos
1875 1902 1885 1917 ,
1923 1884 2040 1921 eaque
2060 1873 2166 1928 loca,
2192 1873 2287 1927 intra

1243 1938 1340 1976 quae
1368 1927 1465 1964 cervi
1497 1927 1747 1969 versarentur,
1785 1923 2022 1961 circumdare.
2077 1923 2179 1959 Hinc
2198 1922 2285 1959 Vir-

1242 1976 1348 2025 gilius
1387 1988 1539 2025 quoque
1559 2004 1570 2021 ,
1594 1977 1640 2013 de
1672 1975 1785 2012 cervis
1805 1974 1982 2021 loquens,
2009 1974 2117 2009 tertio
2146 1972 2285 2019 Georg.

1242 2027 1357 2071 dixit,
1384 2033 1453 2063 Hos
1479 2039 1548 2062 non
1573 2025 1731 2075 immiffis·
1747 2035 1817 2062 &a
1846 2025 1893 2059 Et
1909 2024 2081 2059 Lucanus
2104 2033 2154 2059 ιν.
2172 2033 2257 2069 451.

1471 2085 1523 2120 Sic
1542 2085 1627 2120 dum
1642 2083 1790 2132 pavidos
1805 2082 1996 2129 formidine
2019 2096 2132 2122 cervos

1291 2134 1449 2170 Claudat
1469 2134 1629 2170 odoratae
1649 2143 1836 2170 metuentes
1857 2137 1943 2170 aera
1956 2142 2103 2183 pennae.

1239 2197 1335 2235 Item
1355 2199 1540 2237 Ausonius
1565 2198 1662 2248 apud
1683 2198 1887 2237 Theonem
1907 2212 1916 2236 ι

1291 2266 1355 2298 An
1373 2275 1452 2299 cum
1466 2263 1583 2309 fratre
1602 2275 1706 2310 vagos
1727 2261 1868 2298 dumeta
1885 2271 1942 2310 per
1961 2262 2047 2297 avia
2065 2274 2185 2299 cervos-

1294 2312 1501 2349 circumdas
1521 2312 1667 2349 maculis
1682 2340 1692 2357 ,
1720 2324 1761 2351 (φ
1781 2311 1913 2348 multae
1935 2311 2094 2360 indagine
2107 2313 2248 2361 pinnae:

1240 2373 1367 2420 Atque
1390 2375 1518 2413 eadem
1539 2377 1632 2413 haec
1650 2376 1794 2413 Caelius
1814 2387 1964 2425 quoque
1987 2376 2292 2413 annotavitlibro

1217 2423 1390 2464 ,decimo
1421 2426 1521 2463 sexto
1552 2426 1672 2474 capite
1702 2425 1901 2463 undecimo
1942 2426 2115 2463 chru..
2148 2426 2297 2462 illudine-

1242 2474 1349 2521 prim.
1378 2476 1485 2514 Palat.
1522 2476 1691 2514 Cantabr.
1709 2484 1790 2513 tert.
1812 2476 1950 2513 Medic.
1972 2477 2103 2513 Urbin.
2126 2476 2285 2523 Neapol.

1245 2525 1393 2563 Thuan.
1410 2528 1517 2575 prim.
1541 2528 1675 2565 Erfurt.
1696 2536 1849 2575 uterque
1862 2526 2183 2575 Hamburg.prim.
2197 2527 2289 2563 Mo-

1243 2583 1308 2613 ret.
1339 2577 1475 2625 aliique
1505 2578 1722 2625 complures.
1749 2576 1875 2614 eludite
1902 2577 2007 2624 prim.
2038 2575 2208 2615 Ambros.
2224 2575 2287 2614 sed

1243 2626 1380 2664 frustra.
1400 2628 1447 2664 sic
1468 2628 1598 2665 Noster
1619 2628 1708 2664 Fast.
1731 2639 1765 2663 v.
1787 2639 1870 2676 371.
2139 2648 2141 2653 ·

1297 2689 1379 2698 ·-”
1417 2687 1476 2726 pro
1497 2677 1628 2726 Libycis
1648 2677 1863 2715 clauduntur
1881 2687 1951 2719 rete
1968 2676 2093 2714 leaenis

1297 2726 1451 2764 Imbelles
1471 2738 1615 2776 capreae.

1242 2776 1415 2815 Lucanus
1439 2777 1673 2816 similiterlib.
1693 2790 1747 2815 vr.
1771 2790 1829 2823 42.
1857 2784 1957 2814 Feras
1977 2777 2135 2823 indagine
2146 2775 2285 2812 claude·

1244 2840 1291 2864 re.
1319 2828 1416 2865 Vide
1436 2829 1537 2876 plura
1558 2829 1669 2867 nostri
1688 2829 1793 2866 Vlitii
1813 2829 1921 2866 Notis
1942 2827 1985 2862 ad
2008 2827 2121 2861 Grani
2141 2825 2193 2866 >Vs-
2219 2837 2280 2870 49·

1241 2879 1381 2924 primae
1411 2890 1452 2915 ac
1479 2879 1657 2917 secundae
1689 2889 1807 2916 curae.
1834 2876 1928 2923 apud
1959 2874 2134 2910 Senecam
2156 2883 2283 2912 tamen

1243 2927 1454 2976 Hippolyto
1476 2929 1584 2966 scribe
1599 2958 1609 2973 ‚
1638 2942 1715 2982 403
2215 2938 2218 2942 ·

1297 2979 1394 3014 Pina
1416 2979 1552 3015 rubenti
1569 2979 1660 3013 linea
1679 2973 1798 3023 pinna}-

1296 3035 1389 3065 Vano
1410 3029 1512 3064 ludat
1533 3037 1657 3061 terrore
1669 3026 1777 3069 feras.

1242 3090 1327 3115 nam
1362 3076 1574 3112 veterrimus
1597 3075 1812 3118 Mediceus,
1841 3073 1969 3112 cludat.
1998 3074 2155 3122 vulgati,
2185 3074 2282 3112 clau-

1242 3129 1317 3163 dat.
1346 3126 1520 3161 Ceterum
1543 3125 1660 3173 pinnis
1688 3126 1725 3162 in
1759 3125 1906 3162 Nasone
1937 3125 2202 3169 reponendum.
2230 3127 2281 3163 ita

1244 3178 1343 3212 enim
1375 3174 1521 3212 Gratius
1557 3185 1599 3212 ac
1641 3175 1882 3214 Nemesianus
1913 3175 2051 3223 passim.
2093 3176 2280 3214 Ausonius

1242 3226 1315 3275 Ep.
1334 3237 1372 3265 v.

1411 3275 1578 3315 Rrrrrr
1599 3286 1631 3325 3
2217 3280 2301 3320 <Aa
