<?xml version="1.0" encoding="UTF-8"?>
<!DOCTYPE html PUBLIC "-//W3C//DTD XHTML 1.0 Transitional//EN"
    "http://www.w3.org/TR/xhtml1/DTD/xhtml1-transitional.dtd">
<html xmlns="http://www.w3.org/1999/xhtml" xml:lang="en" lang="en">
 <head>
  <title>
</title>
<meta http-equiv="Content-Type" content="text/html;charset=utf-8" />
  <meta name='ocr-system' content='tesseract 3.04.00' />
  <meta name='ocr-capabilities' content='ocr_page ocr_carea ocr_par ocr_line ocrx_word'/>
</head>
<body>
  <div class='ocr_page' id='page_1' title='image "./publiiovidiinaso02ovid_1009.png"; bbox 0 0 2483 3616; ppageno 0'>
   <div class='ocr_carea' id='block_1_1' title="bbox 314 186 1965 251">
    <p class='ocr_par' dir='ltr' id='par_1_1' title="bbox 314 186 1965 251">
     <span class='ocr_line' id='line_1_1' title="bbox 314 186 1965 251; baseline -0.001 -2"><span class='ocrx_word' id='word_1_1' title='bbox 314 186 1538 251; x_wconf 86' lang='lat' dir='ltr'>METAMORPHOSEON</span> <span class='ocrx_word' id='word_1_2' title='bbox 1611 190 1965 248; x_wconf 70' lang='lat' dir='ltr'><strong>LmXIV.</strong></span> 
     </span>
    </p>
   </div>
   <div class='ocr_carea' id='block_1_2' title="bbox 2080 203 2209 244">
    <p class='ocr_par' dir='ltr' id='par_1_2' title="bbox 2080 203 2209 244">
     <span class='ocr_line' id='line_1_2' title="bbox 2080 203 2209 244; baseline -0.016 0"><span class='ocrx_word' id='word_1_3' title='bbox 2080 203 2209 244; x_wconf 81' lang='lat'><em>1001</em></span> 
     </span>
    </p>
   </div>
   <div class='ocr_carea' id='block_1_3' title="bbox 211 303 1838 1027">
    <p class='ocr_par' dir='ltr' id='par_1_3' title="bbox 211 303 1838 1027">
     <span class='ocr_line' id='line_1_3' title="bbox 360 303 1687 379; baseline -0.003 -16"><span class='ocrx_word' id='word_1_4' title='bbox 360 308 490 363; x_wconf 92' lang='lat' dir='ltr'><strong>Inde</strong></span> <span class='ocrx_word' id='word_1_5' title='bbox 513 307 604 362; x_wconf 87' lang='lat' dir='ltr'><strong>sati</strong></span> <span class='ocrx_word' id='word_1_6' title='bbox 627 303 886 367; x_wconf 76' lang='lat' dir='ltr'><strong>CuribuS,</strong></span> <span class='ocrx_word' id='word_1_7' title='bbox 923 305 1208 359; x_wconf 87' lang='lat' dir='ltr'><strong>tacitorum</strong></span> <span class='ocrx_word' id='word_1_8' title='bbox 1234 322 1386 361; x_wconf 92' lang='lat' dir='ltr'><strong>more</strong></span> <span class='ocrx_word' id='word_1_9' title='bbox 1409 308 1687 379; x_wconf 87' lang='lat' dir='ltr'><strong>luporum,</strong></span> 
     </span>
     <span class='ocr_line' id='line_1_4' title="bbox 365 378 1692 450; baseline -0.003 -16"><span class='ocrx_word' id='word_1_10' title='bbox 365 381 477 434; x_wconf 88' lang='lat' dir='ltr'><strong>Ore</strong></span> <span class='ocrx_word' id='word_1_11' title='bbox 505 391 754 449; x_wconf 88' lang='lat' dir='ltr'><strong>premunt</strong></span> <span class='ocrx_word' id='word_1_12' title='bbox 780 395 969 438; x_wconf 77' lang='lat' dir='ltr'><strong>voce83</strong></span> <span class='ocrx_word' id='word_1_13' title='bbox 1012 378 1067 431; x_wconf 71' lang='grc' dir='ltr'><strong>δε</strong></span> <span class='ocrx_word' id='word_1_14' title='bbox 1093 395 1319 448; x_wconf 88' lang='lat' dir='ltr'><strong>corpora</strong></span> <span class='ocrx_word' id='word_1_15' title='bbox 1344 378 1479 432; x_wconf 62' lang='lat' dir='ltr'><strong>vicia</strong></span> <span class='ocrx_word' id='word_1_16' title='bbox 1502 379 1692 450; x_wconf 90' lang='lat' dir='ltr'><strong>sopore</strong></span> 
     </span>
     <span class='ocr_line' id='line_1_5' title="bbox 219 450 1778 522; baseline -0.003 -17"><span class='ocrx_word' id='word_1_17' title='bbox 219 450 322 516; x_wconf 85' lang='lat'><strong>780</strong></span> <span class='ocrx_word' id='word_1_18' title='bbox 359 451 619 505; x_wconf 84' lang='lat' dir='ltr'>Invadunt</span> <span class='ocrx_word' id='word_1_19' title='bbox 646 468 656 503; x_wconf 93' lang='lat'>:</span> <span class='ocrx_word' id='word_1_20' title='bbox 699 463 986 522; x_wconf 87' lang='lat' dir='ltr'><strong>portasque</strong></span> <span class='ocrx_word' id='word_1_21' title='bbox 1015 464 1236 521; x_wconf 74' lang='lat' dir='ltr'><strong>petunt3</strong></span> <span class='ocrx_word' id='word_1_22' title='bbox 1275 468 1403 521; x_wconf 84' lang='lat' dir='ltr'><strong>quas</strong></span> <span class='ocrx_word' id='word_1_23' title='bbox 1427 451 1598 519; x_wconf 89' lang='lat' dir='ltr'><strong>objice</strong></span> <span class='ocrx_word' id='word_1_24' title='bbox 1625 450 1778 503; x_wconf 61' lang='lat' dir='ltr'><strong>firma</strong></span> 
     </span>
     <span class='ocr_line' id='line_1_6' title="bbox 360 522 1657 592; baseline -0.001 -16"><span class='ocrx_word' id='word_1_25' title='bbox 360 522 630 576; x_wconf 84' lang='lat' dir='ltr'>Clauserat</span> <span class='ocrx_word' id='word_1_26' title='bbox 654 522 852 577; x_wconf 78' lang='lat' dir='ltr'>Iliades.</span> <span class='ocrx_word' id='word_1_27' title='bbox 892 540 1050 577; x_wconf 87' lang='lat' dir='ltr'><strong>unam</strong></span> <span class='ocrx_word' id='word_1_28' title='bbox 1075 535 1253 575; x_wconf 90' lang='lat' dir='ltr'><strong>tamen</strong></span> <span class='ocrx_word' id='word_1_29' title='bbox 1275 522 1379 592; x_wconf 92' lang='lat' dir='ltr'><strong>ipsa</strong></span> <span class='ocrx_word' id='word_1_30' title='bbox 1404 523 1657 585; x_wconf 82' lang='lat' dir='ltr'><strong>recludit,</strong></span> 
     </span>
     <span class='ocr_line' id='line_1_7' title="bbox 356 594 1631 666; baseline -0.002 -18"><span class='ocrx_word' id='word_1_31' title='bbox 356 595 473 648; x_wconf 92' lang='lat' dir='ltr'><strong>Nec</strong></span> <span class='ocrx_word' id='word_1_32' title='bbox 500 595 775 666; x_wconf 86' lang='lat' dir='ltr'><strong>strepitum</strong></span> <span class='ocrx_word' id='word_1_33' title='bbox 804 595 956 649; x_wconf 86' lang='lat' dir='ltr'><strong>verso</strong></span> <span class='ocrx_word' id='word_1_34' title='bbox 982 594 1223 648; x_wconf 87' lang='lat' dir='ltr'><strong>Saturnia</strong></span> <span class='ocrx_word' id='word_1_35' title='bbox 1246 594 1461 647; x_wconf 90' lang='lat' dir='ltr'><strong>cardine</strong></span> <span class='ocrx_word' id='word_1_36' title='bbox 1488 594 1631 647; x_wconf 86' lang='lat' dir='ltr'><strong>fecit.</strong></span> 
     </span>
     <span class='ocr_line' id='line_1_8' title="bbox 356 665 1642 738; baseline -0.002 -19"><span class='ocrx_word' id='word_1_37' title='bbox 356 665 477 719; x_wconf 79' lang='lat' dir='ltr'><strong>Sola</strong></span> <span class='ocrx_word' id='word_1_38' title='bbox 506 667 688 721; x_wconf 82' lang='lat' dir='ltr'><strong>Venus</strong></span> <span class='ocrx_word' id='word_1_39' title='bbox 713 680 898 738; x_wconf 86' lang='lat' dir='ltr'><strong>portae</strong></span> <span class='ocrx_word' id='word_1_40' title='bbox 924 666 1169 720; x_wconf 87' lang='lat' dir='ltr'><strong>cecidisse</strong></span> <span class='ocrx_word' id='word_1_41' title='bbox 1194 667 1439 736; x_wconf 85' lang='lat' dir='ltr'><strong>repagula</strong></span> <span class='ocrx_word' id='word_1_42' title='bbox 1466 665 1642 719; x_wconf 84' lang='lat' dir='ltr'><strong>sensit:</strong></span> 
     </span>
     <span class='ocr_line' id='line_1_9' title="bbox 358 738 1792 810; baseline -0.001 -19"><span class='ocrx_word' id='word_1_43' title='bbox 358 738 429 791; x_wconf 83' lang='lat' dir='ltr'><strong>Et</strong></span> <span class='ocrx_word' id='word_1_44' title='bbox 457 739 690 793; x_wconf 89' lang='lat' dir='ltr'><strong>clausu-ra</strong></span> <span class='ocrx_word' id='word_1_45' title='bbox 712 740 841 799; x_wconf 89' lang='lat' dir='ltr'><strong>fuit;</strong></span> <span class='ocrx_word' id='word_1_46' title='bbox 884 738 977 792; x_wconf 85' lang='lat' dir='ltr'><strong>nisi</strong></span> <span class='ocrx_word' id='word_1_47' title='bbox 1004 739 1151 810; x_wconf 81' lang='lat' dir='ltr'><strong>quod</strong></span> <span class='ocrx_word' id='word_1_48' title='bbox 1177 738 1476 792; x_wconf 81' lang='lat' dir='ltr'><strong>rescindere</strong></span> <span class='ocrx_word' id='word_1_49' title='bbox 1500 752 1792 808; x_wconf 78' lang='lat' dir='ltr'><strong>numquam</strong></span> 
     </span>
     <span class='ocr_line' id='line_1_10' title="bbox 211 807 1730 879; baseline -0.001 -17"><span class='ocrx_word' id='word_1_50' title='bbox 211 808 310 878; x_wconf 81' lang='lat'><strong>785</strong></span> <span class='ocrx_word' id='word_1_51' title='bbox 352 811 449 864; x_wconf 77' lang='lat' dir='ltr'><strong>Dis</strong></span> <span class='ocrx_word' id='word_1_52' title='bbox 474 812 597 865; x_wconf 87' lang='lat' dir='ltr'><strong>licet</strong></span> <span class='ocrx_word' id='word_1_53' title='bbox 622 811 731 865; x_wconf 64' lang='lat' dir='ltr'><strong>acia</strong></span> <span class='ocrx_word' id='word_1_54' title='bbox 760 807 953 864; x_wconf 76' lang='lat' dir='ltr'><strong>Deum.</strong></span> <span class='ocrx_word' id='word_1_55' title='bbox 985 810 1119 879; x_wconf 88' lang='lat' dir='ltr'><strong>Jano</strong></span> <span class='ocrx_word' id='word_1_56' title='bbox 1146 813 1260 863; x_wconf 94' lang='lat' dir='ltr'><strong>loca</strong></span> <span class='ocrx_word' id='word_1_57' title='bbox 1280 810 1455 879; x_wconf 67' lang='lat' dir='ltr'><strong>juncia</strong></span> <span class='ocrx_word' id='word_1_58' title='bbox 1480 809 1730 864; x_wconf 84' lang='lat' dir='ltr'><strong>tenebant</strong></span> 
     </span>
     <span class='ocr_line' id='line_1_11' title="bbox 361 883 1564 953; baseline 0.001 -18"><span class='ocrx_word' id='word_1_59' title='bbox 361 883 562 937; x_wconf 74' lang='lat' dir='ltr'><strong>Naides</strong></span> <span class='ocrx_word' id='word_1_60' title='bbox 588 883 883 945; x_wconf 86' lang='lat' dir='ltr'><strong>Ausoniae,</strong></span> <span class='ocrx_word' id='word_1_61' title='bbox 921 883 1101 953; x_wconf 86' lang='lat' dir='ltr'><strong>gelido</strong></span> <span class='ocrx_word' id='word_1_62' title='bbox 1129 883 1357 936; x_wconf 85' lang='lat' dir='ltr'><strong>rorantia</strong></span> <span class='ocrx_word' id='word_1_63' title='bbox 1382 883 1564 936; x_wconf 87' lang='lat' dir='ltr'><strong>fonte:</strong></span> 
     </span>
     <span class='ocr_line' id='line_1_12' title="bbox 358 954 1838 1027; baseline -0.001 -17"><span class='ocrx_word' id='word_1_64' title='bbox 358 954 474 1010; x_wconf 84' lang='lat' dir='ltr'><strong>Has</strong></span> <span class='ocrx_word' id='word_1_65' title='bbox 497 969 654 1027; x_wconf 86' lang='lat' dir='ltr'><strong>rogat</strong></span> <span class='ocrx_word' id='word_1_66' title='bbox 678 955 946 1010; x_wconf 78' lang='lat' dir='ltr'><strong>auxilium.</strong></span> <span class='ocrx_word' id='word_1_67' title='bbox 987 972 1087 1008; x_wconf 87' lang='lat' dir='ltr'><strong>nec</strong></span> <span class='ocrx_word' id='word_1_68' title='bbox 1111 955 1389 1026; x_wconf 81' lang='lat' dir='ltr'><strong>Nymphae</strong></span> <span class='ocrx_word' id='word_1_69' title='bbox 1410 956 1542 1026; x_wconf 88' lang='lat' dir='ltr'><strong>justa</strong></span> <span class='ocrx_word' id='word_1_70' title='bbox 1564 965 1838 1027; x_wconf 89' lang='lat' dir='ltr'><strong>petentem</strong></span> 
     </span>
    </p>
   </div>
   <div class='ocr_carea' id='block_1_4' title="bbox 61 1164 1118 1873">
    <p class='ocr_par' dir='ltr' id='par_1_4' title="bbox 61 1164 1118 1873">
     <span class='ocr_line' id='line_1_13' title="bbox 71 1164 1116 1216; baseline 0.004 -14"><span class='ocrx_word' id='word_1_71' title='bbox 71 1177 141 1214; x_wconf 82' lang='lat' dir='ltr'><strong>pos</strong></span> <span class='ocrx_word' id='word_1_72' title='bbox 160 1179 168 1203; x_wconf 77' lang='lat' dir='ltr'><strong><em>z</em></strong></span> <span class='ocrx_word' id='word_1_73' title='bbox 205 1164 325 1203; x_wconf 83' lang='lat' dir='ltr'><strong>Sabini</strong></span> <span class='ocrx_word' id='word_1_74' title='bbox 358 1165 396 1202; x_wconf 84' lang='lat' dir='ltr'><strong>ob</strong></span> <span class='ocrx_word' id='word_1_75' title='bbox 433 1175 550 1216; x_wconf 86' lang='lat' dir='ltr'><strong>raptas</strong></span> <span class='ocrx_word' id='word_1_76' title='bbox 586 1165 714 1205; x_wconf 82' lang='lat' dir='ltr'><strong>bellum</strong></span> <span class='ocrx_word' id='word_1_77' title='bbox 751 1167 918 1216; x_wconf 74' lang='lat' dir='ltr'><strong>adversas</strong></span> <span class='ocrx_word' id='word_1_78' title='bbox 948 1173 1116 1206; x_wconf 78' lang='lat' dir='ltr'><strong>Romanas</strong></span> 
     </span>
     <span class='ocr_line' id='line_1_14' title="bbox 61 1216 1116 1270; baseline 0.004 -18"><span class='ocrx_word' id='word_1_79' title='bbox 61 1216 286 1265; x_wconf 74' lang='lat' dir='ltr'><strong>sumpserunt</strong></span> <span class='ocrx_word' id='word_1_80' title='bbox 300 1245 309 1260; x_wconf 90' lang='lat'><strong>,</strong></span> <span class='ocrx_word' id='word_1_81' title='bbox 337 1228 400 1261; x_wconf 66' lang='lat'><strong>(5¹,</strong></span> <span class='ocrx_word' id='word_1_82' title='bbox 427 1218 506 1255; x_wconf 65' lang='lat' dir='ltr'><strong>ciem</strong></span> <span class='ocrx_word' id='word_1_83' title='bbox 526 1225 651 1256; x_wconf 88' lang='lat' dir='ltr'><strong>Romae</strong></span> <span class='ocrx_word' id='word_1_84' title='bbox 668 1220 974 1270; x_wconf 65' lang='lat' dir='ltr'><strong>appropinquarent</strong></span> <span class='ocrx_word' id='word_1_85' title='bbox 990 1247 1000 1263; x_wconf 94' lang='lat'><strong>,</strong></span> <span class='ocrx_word' id='word_1_86' title='bbox 1030 1226 1116 1256; x_wconf 85' lang='lat' dir='ltr'><strong>Tar-</strong></span> 
     </span>
     <span class='ocr_line' id='line_1_15' title="bbox 68 1266 1114 1320; baseline 0.004 -18"><span class='ocrx_word' id='word_1_87' title='bbox 68 1266 184 1315; x_wconf 84' lang='lat' dir='ltr'><strong>peiam</strong></span> <span class='ocrx_word' id='word_1_88' title='bbox 217 1268 391 1315; x_wconf 81' lang='lat' dir='ltr'><strong>Virginem</strong></span> <span class='ocrx_word' id='word_1_89' title='bbox 423 1269 539 1313; x_wconf 62' lang='lat' dir='ltr'><strong>nafii,</strong></span> <span class='ocrx_word' id='word_1_90' title='bbox 567 1282 654 1320; x_wconf 79' lang='lat' dir='ltr'><strong>quae</strong></span> <span class='ocrx_word' id='word_1_91' title='bbox 681 1270 790 1319; x_wconf 73' lang='lat' dir='ltr'><strong>caussa</strong></span> <span class='ocrx_word' id='word_1_92' title='bbox 812 1283 922 1318; x_wconf 82' lang='lat' dir='ltr'><strong>aquae</strong></span> <span class='ocrx_word' id='word_1_93' title='bbox 934 1270 1114 1317; x_wconf 74' lang='lat' dir='ltr'><strong>sacrorum</strong></span> 
     </span>
     <span class='ocr_line' id='line_1_16' title="bbox 71 1318 1116 1367; baseline 0.005 -15"><span class='ocrx_word' id='word_1_94' title='bbox 71 1318 190 1364; x_wconf 87' lang='lat' dir='ltr'><strong>gratia</strong></span> <span class='ocrx_word' id='word_1_95' title='bbox 216 1318 426 1355; x_wconf 81' lang='lat' dir='ltr'><strong>hauriendae</strong></span> <span class='ocrx_word' id='word_1_96' title='bbox 454 1320 646 1366; x_wconf 77' lang='lat' dir='ltr'><strong>desederat,</strong></span> <span class='ocrx_word' id='word_1_97' title='bbox 674 1331 717 1359; x_wconf 66' lang='grc' dir='ltr'><strong>ω’</strong></span> <span class='ocrx_word' id='word_1_98' title='bbox 749 1325 786 1357; x_wconf 88' lang='lat' dir='ltr'><strong>T.</strong></span> <span class='ocrx_word' id='word_1_99' title='bbox 813 1321 932 1357; x_wconf 80' lang='lat' dir='ltr'><strong>Tatius</strong></span> <span class='ocrx_word' id='word_1_100' title='bbox 951 1321 1116 1367; x_wconf 81' lang='lat' dir='ltr'><strong>optionem</strong></span> 
     </span>
     <span class='ocr_line' id='line_1_17' title="bbox 73 1367 1116 1420; baseline 0.003 -15"><span class='ocrx_word' id='word_1_101' title='bbox 73 1369 227 1405; x_wconf 81' lang='lat' dir='ltr'><strong>muneris</strong></span> <span class='ocrx_word' id='word_1_102' title='bbox 245 1368 341 1404; x_wconf 85' lang='lat' dir='ltr'><strong>dedit</strong></span> <span class='ocrx_word' id='word_1_103' title='bbox 355 1397 364 1413; x_wconf 92' lang='lat'><strong>,</strong></span> <span class='ocrx_word' id='word_1_104' title='bbox 384 1367 420 1418; x_wconf 83' lang='lat' dir='ltr'><em>fi</em></span> <span class='ocrx_word' id='word_1_105' title='bbox 433 1371 618 1407; x_wconf 82' lang='lat' dir='ltr'><strong>exercitum</strong></span> <span class='ocrx_word' id='word_1_106' title='bbox 631 1371 739 1418; x_wconf 84' lang='lat' dir='ltr'><strong>suum</strong></span> <span class='ocrx_word' id='word_1_107' title='bbox 761 1370 798 1406; x_wconf 84' lang='lat' dir='ltr'><strong>in</strong></span> <span class='ocrx_word' id='word_1_108' title='bbox 817 1370 1026 1420; x_wconf 76' lang='lat' dir='ltr'><strong>Capitolium</strong></span> <span class='ocrx_word' id='word_1_109' title='bbox 1040 1381 1116 1420; x_wconf 88' lang='lat' dir='ltr'><strong>per-</strong></span> 
     </span>
     <span class='ocr_line' id='line_1_18' title="bbox 74 1417 1118 1470; baseline 0.006 -17"><span class='ocrx_word' id='word_1_110' title='bbox 74 1417 231 1467; x_wconf 79' lang='lat' dir='ltr'><strong>duxtffet.</strong></span> <span class='ocrx_word' id='word_1_111' title='bbox 284 1419 350 1456; x_wconf 72' lang='lat' dir='ltr'><strong>illa</strong></span> <span class='ocrx_word' id='word_1_112' title='bbox 373 1421 499 1468; x_wconf 86' lang='lat' dir='ltr'><strong>petiit,</strong></span> <span class='ocrx_word' id='word_1_113' title='bbox 535 1421 625 1470; x_wconf 81' lang='lat' dir='ltr'><strong>quod</strong></span> <span class='ocrx_word' id='word_1_114' title='bbox 651 1421 690 1457; x_wconf 87' lang='lat' dir='ltr'><strong>in</strong></span> <span class='ocrx_word' id='word_1_115' title='bbox 709 1420 854 1469; x_wconf 81' lang='lat' dir='ltr'><strong>finistris</strong></span> <span class='ocrx_word' id='word_1_116' title='bbox 880 1421 935 1458; x_wconf 84' lang='lat' dir='ltr'><strong>illi</strong></span> <span class='ocrx_word' id='word_1_117' title='bbox 954 1421 1118 1459; x_wconf 78' lang='lat' dir='ltr'><strong>manibus</strong></span> 
     </span>
     <span class='ocr_line' id='line_1_19' title="bbox 71 1468 1117 1520; baseline 0.004 -16"><span class='ocrx_word' id='word_1_118' title='bbox 71 1468 254 1517; x_wconf 75' lang='lat' dir='ltr'><strong>gerebant,</strong></span> <span class='ocrx_word' id='word_1_119' title='bbox 292 1469 452 1507; x_wconf 84' lang='lat' dir='ltr'><strong>videlicet</strong></span> <span class='ocrx_word' id='word_1_120' title='bbox 480 1471 624 1515; x_wconf 82' lang='lat' dir='ltr'><strong>anulos,</strong></span> <span class='ocrx_word' id='word_1_121' title='bbox 651 1471 832 1514; x_wconf 87' lang='lat' dir='ltr'><strong>armillas;</strong></span> <span class='ocrx_word' id='word_1_122' title='bbox 863 1471 984 1520; x_wconf 82' lang='lat' dir='ltr'><strong>quibus</strong></span> <span class='ocrx_word' id='word_1_123' title='bbox 1010 1472 1117 1520; x_wconf 86' lang='lat' dir='ltr'><strong>dolose</strong></span> 
     </span>
     <span class='ocr_line' id='line_1_20' title="bbox 73 1518 1116 1571; baseline 0.004 -16"><span class='ocrx_word' id='word_1_124' title='bbox 73 1518 289 1568; x_wconf 84' lang='lat' dir='ltr'><strong>repromiffi&#39;s‚</strong></span> <span class='ocrx_word' id='word_1_125' title='bbox 318 1520 457 1557; x_wconf 81' lang='lat' dir='ltr'><strong>Sabinos</strong></span> <span class='ocrx_word' id='word_1_126' title='bbox 475 1522 513 1558; x_wconf 87' lang='lat' dir='ltr'><strong>in</strong></span> <span class='ocrx_word' id='word_1_127' title='bbox 529 1535 642 1559; x_wconf 86' lang='lat' dir='ltr'><strong>arcem</strong></span> <span class='ocrx_word' id='word_1_128' title='bbox 661 1522 845 1571; x_wconf 85' lang='lat' dir='ltr'><strong>perduxit:</strong></span> <span class='ocrx_word' id='word_1_129' title='bbox 866 1521 925 1558; x_wconf 86' lang='lat' dir='ltr'><strong>ubi</strong></span> <span class='ocrx_word' id='word_1_130' title='bbox 945 1528 981 1559; x_wconf 89' lang='lat' dir='ltr'><strong>T.</strong></span> <span class='ocrx_word' id='word_1_131' title='bbox 996 1523 1116 1559; x_wconf 81' lang='lat' dir='ltr'><strong>Tatius</strong></span> 
     </span>
     <span class='ocr_line' id='line_1_21' title="bbox 63 1570 1115 1621; baseline 0.006 -16"><span class='ocrx_word' id='word_1_132' title='bbox 63 1570 176 1617; x_wconf 82' lang='lat' dir='ltr'><strong>scutis</strong></span> <span class='ocrx_word' id='word_1_133' title='bbox 194 1583 270 1606; x_wconf 80' lang='lat' dir='ltr'><strong>eam</strong></span> <span class='ocrx_word' id='word_1_134' title='bbox 291 1570 387 1606; x_wconf 79' lang='lat' dir='ltr'><strong>obrui</strong></span> <span class='ocrx_word' id='word_1_135' title='bbox 404 1573 579 1621; x_wconf 81' lang='lat' dir='ltr'><strong>praecepit.</strong></span> <span class='ocrx_word' id='word_1_136' title='bbox 626 1573 715 1610; x_wconf 87' lang='lat' dir='ltr'><strong>Hoc</strong></span> <span class='ocrx_word' id='word_1_137' title='bbox 735 1573 958 1620; x_wconf 87' lang='lat' dir='ltr'><strong>postremum</strong></span> <span class='ocrx_word' id='word_1_138' title='bbox 985 1574 1115 1612; x_wconf 86' lang='lat' dir='ltr'><strong>Livius</strong></span> 
     </span>
     <span class='ocr_line' id='line_1_22' title="bbox 71 1619 1114 1672; baseline 0.005 -16"><span class='ocrx_word' id='word_1_139' title='bbox 71 1620 219 1657; x_wconf 87' lang='lat' dir='ltr'><strong>testatur</strong></span> <span class='ocrx_word' id='word_1_140' title='bbox 235 1619 306 1658; x_wconf 85' lang='lat' dir='ltr'><strong>effe</strong></span> <span class='ocrx_word' id='word_1_141' title='bbox 323 1621 493 1659; x_wconf 79' lang='lat' dir='ltr'><strong>fabulam.</strong></span> <span class='ocrx_word' id='word_1_142' title='bbox 548 1623 665 1671; x_wconf 89' lang='lat' dir='ltr'><strong>Quod</strong></span> <span class='ocrx_word' id='word_1_143' title='bbox 687 1623 833 1660; x_wconf 89' lang='lat' dir='ltr'><strong>cuilibet</strong></span> <span class='ocrx_word' id='word_1_144' title='bbox 850 1635 895 1660; x_wconf 87' lang='lat' dir='ltr'><strong>ex</strong></span> <span class='ocrx_word' id='word_1_145' title='bbox 919 1624 995 1672; x_wconf 85' lang='lat' dir='ltr'><strong>ejus</strong></span> <span class='ocrx_word' id='word_1_146' title='bbox 1012 1624 1071 1661; x_wconf 89' lang='lat' dir='ltr'><strong>lib.</strong></span> <span class='ocrx_word' id='word_1_147' title='bbox 1088 1637 1114 1662; x_wconf 94' lang='lat'><strong>1.</strong></span> 
     </span>
     <span class='ocr_line' id='line_1_23' title="bbox 72 1670 1113 1721; baseline 0.006 -15"><span class='ocrx_word' id='word_1_148' title='bbox 72 1670 110 1706; x_wconf 86' lang='lat' dir='ltr'><strong>in</strong></span> <span class='ocrx_word' id='word_1_149' title='bbox 131 1679 306 1718; x_wconf 87' lang='lat' dir='ltr'><strong>promptu</strong></span> <span class='ocrx_word' id='word_1_150' title='bbox 326 1672 385 1708; x_wconf 85' lang='lat' dir='ltr'><strong>est.</strong></span> <span class='ocrx_word' id='word_1_151' title='bbox 423 1673 591 1710; x_wconf 72' lang='lat' dir='ltr'><strong>CiorAN.</strong></span> <span class='ocrx_word' id='word_1_152' title='bbox 630 1673 748 1721; x_wconf 82' lang='lat' dir='ltr'><strong>Digna</strong></span> <span class='ocrx_word' id='word_1_153' title='bbox 768 1673 873 1711; x_wconf 90' lang='lat' dir='ltr'><strong>multi</strong></span> <span class='ocrx_word' id='word_1_154' title='bbox 895 1683 1045 1711; x_wconf 78' lang='lat' dir='ltr'><strong>veteres.</strong></span> <span class='ocrx_word' id='word_1_155' title='bbox 1075 1675 1113 1712; x_wconf 89' lang='lat'>&amp;</span> 
     </span>
     <span class='ocr_line' id='line_1_24' title="bbox 71 1721 1112 1773; baseline 0.006 -17"><span class='ocrx_word' id='word_1_156' title='bbox 71 1721 184 1757; x_wconf 66' lang='lat' dir='ltr'><strong>reete.</strong></span> <span class='ocrx_word' id='word_1_157' title='bbox 212 1722 366 1769; x_wconf 85' lang='lat' dir='ltr'><strong>Dignam</strong></span> <span class='ocrx_word' id='word_1_158' title='bbox 388 1723 547 1760; x_wconf 80' lang='lat' dir='ltr'><strong>animam</strong></span> <span class='ocrx_word' id='word_1_159' title='bbox 565 1732 687 1773; x_wconf 87' lang='lat' dir='ltr'><strong>poenae</strong></span> <span class='ocrx_word' id='word_1_160' title='bbox 712 1724 851 1761; x_wconf 87' lang='lat' dir='ltr'><strong>Medic.</strong></span> <span class='ocrx_word' id='word_1_161' title='bbox 872 1732 951 1761; x_wconf 85' lang='lat' dir='ltr'><strong>tert.</strong></span> <span class='ocrx_word' id='word_1_162' title='bbox 973 1724 1112 1762; x_wconf 63' lang='lat' dir='ltr'><strong>&amp;osto</strong></span> 
     </span>
     <span class='ocr_line' id='line_1_25' title="bbox 71 1771 1113 1822; baseline 0.005 -15"><span class='ocrx_word' id='word_1_163' title='bbox 71 1771 144 1807; x_wconf 84' lang='lat' dir='ltr'><strong>alii.</strong></span> <span class='ocrx_word' id='word_1_164' title='bbox 168 1772 274 1808; x_wconf 89' lang='lat' dir='ltr'><strong>multi</strong></span> <span class='ocrx_word' id='word_1_165' title='bbox 291 1773 400 1809; x_wconf 85' lang='lat' dir='ltr'><strong>etiam</strong></span> <span class='ocrx_word' id='word_1_166' title='bbox 416 1801 426 1817; x_wconf 86' lang='lat'><strong>,</strong></span> <span class='ocrx_word' id='word_1_167' title='bbox 443 1775 531 1809; x_wconf 83' lang='lat' dir='ltr'><strong>erait</strong></span> <span class='ocrx_word' id='word_1_168' title='bbox 554 1785 639 1811; x_wconf 92' lang='lat' dir='ltr'><strong>cum</strong></span> <span class='ocrx_word' id='word_1_169' title='bbox 655 1775 687 1812; x_wconf 88' lang='lat' dir='ltr'><strong>S.</strong></span> <span class='ocrx_word' id='word_1_170' title='bbox 701 1775 840 1817; x_wconf 87' lang='lat' dir='ltr'><strong>Marci,</strong></span> <span class='ocrx_word' id='word_1_171' title='bbox 870 1775 1025 1822; x_wconf 86' lang='lat' dir='ltr'><strong>Neapol.</strong></span> <span class='ocrx_word' id='word_1_172' title='bbox 1038 1777 1113 1812; x_wconf 91' lang='lat' dir='ltr'><strong>Ur-</strong></span> 
     </span>
     <span class='ocr_line' id='line_1_26' title="bbox 72 1820 1112 1873; baseline 0.006 -16"><span class='ocrx_word' id='word_1_173' title='bbox 72 1820 148 1857; x_wconf 89' lang='lat' dir='ltr'><strong>bin.</strong></span> <span class='ocrx_word' id='word_1_174' title='bbox 170 1823 278 1869; x_wconf 83' lang='lat' dir='ltr'><strong>prim.</strong></span> <span class='ocrx_word' id='word_1_175' title='bbox 300 1823 408 1859; x_wconf 85' lang='lat' dir='ltr'><strong>Palat.</strong></span> <span class='ocrx_word' id='word_1_176' title='bbox 429 1824 901 1873; x_wconf 82' lang='lat' dir='ltr'><strong>Cantabrig.prim.Moret.</strong></span> <span class='ocrx_word' id='word_1_177' title='bbox 913 1834 948 1861; x_wconf 88' lang='lat' dir='ltr'><strong>at</strong></span> <span class='ocrx_word' id='word_1_178' title='bbox 962 1825 1112 1864; x_wconf 78' lang='lat' dir='ltr'><strong>Thuan.</strong></span> 
     </span>
    </p>
   </div>
   <div class='ocr_carea' id='block_1_5' title="bbox 70 1869 1112 1970">
    <p class='ocr_par' dir='ltr' id='par_1_5' title="bbox 70 1869 1112 1970">
     <span class='ocr_line' id='line_1_27' title="bbox 70 1869 1112 1923; baseline 0.007 -17"><span class='ocrx_word' id='word_1_179' title='bbox 70 1869 291 1920; x_wconf 84' lang='lat' dir='ltr'><strong>Bernegger.</strong></span> <span class='ocrx_word' id='word_1_180' title='bbox 315 1873 443 1911; x_wconf 86' lang='lat' dir='ltr'><strong>Oxon.</strong></span> <span class='ocrx_word' id='word_1_181' title='bbox 464 1875 574 1920; x_wconf 88' lang='lat' dir='ltr'><strong>Juret.</strong></span> <span class='ocrx_word' id='word_1_182' title='bbox 593 1877 631 1912; x_wconf 71' lang='grc' dir='ltr'><strong>ὅ(</strong></span> <span class='ocrx_word' id='word_1_183' title='bbox 651 1876 782 1923; x_wconf 83' lang='lat' dir='ltr'><strong>viginti</strong></span> <span class='ocrx_word' id='word_1_184' title='bbox 804 1884 864 1912; x_wconf 82' lang='lat' dir='ltr'><strong>aut</strong></span> <span class='ocrx_word' id='word_1_185' title='bbox 887 1875 1005 1923; x_wconf 87' lang='lat' dir='ltr'><strong>plures</strong></span> <span class='ocrx_word' id='word_1_186' title='bbox 1028 1876 1112 1922; x_wconf 88' lang='lat' dir='ltr'><strong>alii,</strong></span> 
     </span>
     <span class='ocr_line' id='line_1_28' title="bbox 74 1920 480 1970; baseline 0.017 -15"><span class='ocrx_word' id='word_1_187' title='bbox 74 1920 193 1958; x_wconf 80' lang='lat' dir='ltr'><strong>edidit.</strong></span> <span class='ocrx_word' id='word_1_188' title='bbox 219 1922 328 1970; x_wconf 83' lang='lat' dir='ltr'><strong>Epist.</strong></span> <span class='ocrx_word' id='word_1_189' title='bbox 348 1935 398 1959; x_wconf 77' lang='lat' dir='ltr'><strong>ix.</strong></span> <span class='ocrx_word' id='word_1_190' title='bbox 421 1925 480 1962; x_wconf 84' lang='lat'><strong>61.</strong></span> 
     </span>
    </p>
   </div>
   <div class='ocr_carea' id='block_1_6' title="bbox 8 1987 1117 3397">
    <p class='ocr_par' dir='ltr' id='par_1_6' title="bbox 125 1987 1047 2074">
     <span class='ocr_line' id='line_1_29' title="bbox 125 1987 1047 2039; baseline 0.01 -20"><span class='ocrx_word' id='word_1_191' title='bbox 125 1989 252 2032; x_wconf 86' lang='lat' dir='ltr'><strong>Nempe</strong></span> <span class='ocrx_word' id='word_1_192' title='bbox 265 1987 330 2033; x_wconf 83' lang='lat' dir='ltr'><strong>sub</strong></span> <span class='ocrx_word' id='word_1_193' title='bbox 349 1987 403 2025; x_wconf 86' lang='lat' dir='ltr'><strong>his</strong></span> <span class='ocrx_word' id='word_1_194' title='bbox 423 1988 582 2026; x_wconf 83' lang='lat' dir='ltr'><strong>animam</strong></span> <span class='ocrx_word' id='word_1_195' title='bbox 598 1990 695 2039; x_wconf 85' lang='lat' dir='ltr'><strong>pestis</strong></span> <span class='ocrx_word' id='word_1_196' title='bbox 719 1997 888 2028; x_wconf 85' lang='lat' dir='ltr'><strong>Nemeaea</strong></span> <span class='ocrx_word' id='word_1_197' title='bbox 911 1989 1047 2028; x_wconf 77' lang='lat' dir='ltr'><strong>lacertis</strong></span> 
     </span>
     <span class='ocr_line' id='line_1_30' title="bbox 177 2035 312 2074; baseline 0.037 -5"><span class='ocrx_word' id='word_1_198' title='bbox 177 2035 312 2074; x_wconf 83' lang='lat' dir='ltr'><strong>Edidit.</strong></span> 
     </span>
    </p>

    <p class='ocr_par' dir='ltr' id='par_1_7' title="bbox 70 2096 1115 2300">
     <span class='ocr_line' id='line_1_31' title="bbox 74 2096 1115 2153; baseline 0.009 -21"><span class='ocrx_word' id='word_1_199' title='bbox 74 2096 225 2133; x_wconf 83' lang='lat' dir='ltr'><strong>Reddere</strong></span> <span class='ocrx_word' id='word_1_200' title='bbox 243 2099 400 2136; x_wconf 86' lang='lat' dir='ltr'><strong>animam</strong></span> <span class='ocrx_word' id='word_1_201' title='bbox 422 2101 510 2139; x_wconf 75' lang='lat' dir='ltr'><strong>Fast.</strong></span> <span class='ocrx_word' id='word_1_202' title='bbox 531 2104 740 2153; x_wconf 70' lang='grc' dir='ltr'><strong>νι.)ὒί“.743·</strong></span> <span class='ocrx_word' id='word_1_203' title='bbox 756 2105 851 2142; x_wconf 89' lang='lat' dir='ltr'><strong>Met.</strong></span> <span class='ocrx_word' id='word_1_204' title='bbox 864 2104 1015 2146; x_wconf 55' lang='lat' dir='ltr'><strong>vmffis.</strong></span> <span class='ocrx_word' id='word_1_205' title='bbox 1031 2117 1115 2152; x_wconf 76' lang='lat'><strong>505.</strong></span> 
     </span>
     <span class='ocr_line' id='line_1_32' title="bbox 74 2145 1115 2201; baseline 0.008 -17"><span class='ocrx_word' id='word_1_206' title='bbox 74 2145 121 2184; x_wconf 84' lang='lat' dir='ltr'><strong>de</strong></span> <span class='ocrx_word' id='word_1_207' title='bbox 148 2159 223 2196; x_wconf 80' lang='lat' dir='ltr'><strong>quo</strong></span> <span class='ocrx_word' id='word_1_208' title='bbox 246 2149 290 2185; x_wconf 82' lang='lat' dir='ltr'><strong>ad</strong></span> <span class='ocrx_word' id='word_1_209' title='bbox 317 2150 443 2188; x_wconf 86' lang='lat' dir='ltr'><strong>Senec.</strong></span> <span class='ocrx_word' id='word_1_210' title='bbox 465 2153 598 2201; x_wconf 71' lang='lat' dir='ltr'><strong>Oelip.</strong></span> <span class='ocrx_word' id='word_1_211' title='bbox 616 2155 670 2197; x_wconf 67' lang='lat' dir='ltr'><strong>ybs.</strong></span> <span class='ocrx_word' id='word_1_212' title='bbox 690 2167 774 2201; x_wconf 85' lang='lat'><strong>27¹·</strong></span> <span class='ocrx_word' id='word_1_213' title='bbox 803 2156 1028 2192; x_wconf 81' lang='lat' dir='ltr'><strong>Gronovius.</strong></span> <span class='ocrx_word' id='word_1_214' title='bbox 1055 2154 1115 2192; x_wconf 89' lang='lat' dir='ltr'><strong>sed</strong></span> 
     </span>
     <span class='ocr_line' id='line_1_33' title="bbox 75 2198 1115 2254; baseline 0.011 -22"><span class='ocrx_word' id='word_1_215' title='bbox 75 2207 160 2233; x_wconf 87' lang='lat' dir='ltr'><strong>cum</strong></span> <span class='ocrx_word' id='word_1_216' title='bbox 188 2198 227 2234; x_wconf 88' lang='lat' dir='ltr'><strong>in</strong></span> <span class='ocrx_word' id='word_1_217' title='bbox 257 2201 506 2238; x_wconf 88' lang='lat' dir='ltr'><strong>vetustioribus</strong></span> <span class='ocrx_word' id='word_1_218' title='bbox 531 2203 572 2239; x_wconf 85' lang='lat' dir='ltr'><strong>fit</strong></span> <span class='ocrx_word' id='word_1_219' title='bbox 600 2205 708 2249; x_wconf 81' lang='lat' dir='ltr'><strong>eruit,</strong></span> <span class='ocrx_word' id='word_1_220' title='bbox 736 2205 891 2254; x_wconf 86' lang='lat' dir='ltr'><strong>suspicor</strong></span> <span class='ocrx_word' id='word_1_221' title='bbox 911 2205 1023 2243; x_wconf 86' lang='lat' dir='ltr'><strong>obruit</strong></span> <span class='ocrx_word' id='word_1_222' title='bbox 1045 2203 1115 2243; x_wconf 66' lang='lat' dir='ltr'><strong>ess&#39;e</strong></span> 
     </span>
     <span class='ocr_line' id='line_1_34' title="bbox 70 2245 733 2300; baseline 0.014 -17"><span class='ocrx_word' id='word_1_223' title='bbox 70 2245 283 2294; x_wconf 83' lang='lat' dir='ltr'><strong>legendum.</strong></span> <span class='ocrx_word' id='word_1_224' title='bbox 309 2250 374 2287; x_wconf 85' lang='lat' dir='ltr'><strong>nisi</strong></span> <span class='ocrx_word' id='word_1_225' title='bbox 400 2253 519 2289; x_wconf 88' lang='lat' dir='ltr'><strong>verior</strong></span> <span class='ocrx_word' id='word_1_226' title='bbox 540 2251 708 2300; x_wconf 86' lang='lat' dir='ltr'><strong>scriptura</strong></span> <span class='ocrx_word' id='word_1_227' title='bbox 723 2283 733 2299; x_wconf 89' lang='lat'><strong>,</strong></span> 
     </span>
    </p>

    <p class='ocr_par' dir='ltr' id='par_1_8' title="bbox 70 2298 1010 2390">
     <span class='ocr_line' id='line_1_35' title="bbox 120 2298 1010 2384; baseline 0.013 -51"><span class='ocrx_word' id='word_1_228' title='bbox 120 2298 248 2384; x_wconf 63' lang='lat' dir='ltr'><strong>lDigna</strong></span> <span class='ocrx_word' id='word_1_229' title='bbox 271 2301 430 2338; x_wconf 80' lang='lat' dir='ltr'><strong>animam</strong></span> <span class='ocrx_word' id='word_1_230' title='bbox 449 2301 558 2352; x_wconf 75' lang='lat' dir='ltr'><strong>poend</strong></span> <span class='ocrx_word' id='word_1_231' title='bbox 578 2304 729 2352; x_wconf 80' lang='lat' dir='ltr'><strong>congestis</strong></span> <span class='ocrx_word' id='word_1_232' title='bbox 744 2305 855 2344; x_wconf 80' lang='lat' dir='ltr'><strong>edidit</strong></span> <span class='ocrx_word' id='word_1_233' title='bbox 878 2307 1010 2352; x_wconf 83' lang='lat' dir='ltr'><strong>armis,</strong></span> 
     </span>
     <span class='ocr_line' id='line_1_36' title="bbox 70 2358 155 2390; baseline -0.012 -5"><span class='ocrx_word' id='word_1_234' title='bbox 70 2358 117 2385; x_wconf 81' lang='lat' dir='ltr'><strong>VC</strong></span> <span class='ocrx_word' id='word_1_235' title='bbox 145 2376 155 2390; x_wconf 80' lang='grc'>,</span> 
     </span>
    </p>

    <p class='ocr_par' dir='ltr' id='par_1_9' title="bbox 121 2399 1035 2453">
     <span class='ocr_line' id='line_1_37' title="bbox 121 2399 1035 2453; baseline 0.009 -18"><span class='ocrx_word' id='word_1_236' title='bbox 121 2399 257 2446; x_wconf 80' lang='lat' dir='ltr'><strong>Dignae</strong></span> <span class='ocrx_word' id='word_1_237' title='bbox 276 2403 437 2440; x_wconf 84' lang='lat' dir='ltr'><strong>animam</strong></span> <span class='ocrx_word' id='word_1_238' title='bbox 450 2413 575 2453; x_wconf 87' lang='lat' dir='ltr'><strong>poenae</strong></span> <span class='ocrx_word' id='word_1_239' title='bbox 595 2403 747 2452; x_wconf 66' lang='lat' dir='ltr'><strong>congestis</strong></span> <span class='ocrx_word' id='word_1_240' title='bbox 769 2405 899 2442; x_wconf 81' lang='lat' dir='ltr'><strong>dedidit</strong></span> <span class='ocrx_word' id='word_1_241' title='bbox 915 2408 1035 2445; x_wconf 85' lang='lat' dir='ltr'><strong>armis.</strong></span> 
     </span>
    </p>

    <p class='ocr_par' dir='ltr' id='par_1_10' title="bbox 70 2449 1049 2554">
     <span class='ocr_line' id='line_1_38' title="bbox 70 2449 1049 2506; baseline 0.009 -20"><span class='ocrx_word' id='word_1_242' title='bbox 70 2449 215 2487; x_wconf 69' lang='lat' dir='ltr'><strong>Heius.</strong></span> <span class='ocrx_word' id='word_1_243' title='bbox 243 2452 324 2503; x_wconf 84' lang='lat' dir='ltr'><strong>Ego</strong></span> <span class='ocrx_word' id='word_1_244' title='bbox 345 2455 456 2503; x_wconf 81' lang='lat' dir='ltr'><strong>exsuit</strong></span> <span class='ocrx_word' id='word_1_245' title='bbox 478 2467 555 2492; x_wconf 91' lang='lat' dir='ltr'><strong>non</strong></span> <span class='ocrx_word' id='word_1_246' title='bbox 578 2467 786 2494; x_wconf 85' lang='lat' dir='ltr'><strong>moverem.</strong></span> <span class='ocrx_word' id='word_1_247' title='bbox 811 2458 896 2493; x_wconf 86' lang='lat' dir='ltr'><strong>Stat.</strong></span> <span class='ocrx_word' id='word_1_248' title='bbox 915 2468 950 2494; x_wconf 86' lang='lat' dir='ltr'><strong>x.</strong></span> <span class='ocrx_word' id='word_1_249' title='bbox 965 2469 1049 2506; x_wconf 76' lang='lat'><strong>943.</strong></span> 
     </span>
     <span class='ocr_line' id='line_1_39' title="bbox 420 2506 824 2554; baseline 0.005 -13"><span class='ocrx_word' id='word_1_250' title='bbox 420 2506 654 2554; x_wconf 78' lang='lat' dir='ltr'><strong>Exsuiturque</strong></span> <span class='ocrx_word' id='word_1_251' title='bbox 673 2506 824 2544; x_wconf 82' lang='lat' dir='ltr'><strong>animus.</strong></span> 
     </span>
    </p>

    <p class='ocr_par' dir='ltr' id='par_1_11' title="bbox 69 2549 1116 2606">
     <span class='ocr_line' id='line_1_40' title="bbox 69 2549 1116 2606; baseline 0.007 -19"><span class='ocrx_word' id='word_1_252' title='bbox 69 2549 131 2588; x_wconf 89' lang='lat' dir='ltr'><strong>ubi</strong></span> <span class='ocrx_word' id='word_1_253' title='bbox 161 2552 352 2599; x_wconf 82' lang='lat' dir='ltr'><strong>Lutatius,</strong></span> <span class='ocrx_word' id='word_1_254' title='bbox 389 2555 498 2599; x_wconf 88' lang='lat' dir='ltr'><strong>mire,</strong></span> <span class='ocrx_word' id='word_1_255' title='bbox 538 2557 709 2598; x_wconf 85' lang='lat' dir='ltr'><strong>exuitur,</strong></span> <span class='ocrx_word' id='word_1_256' title='bbox 748 2557 852 2593; x_wconf 88' lang='lat' dir='ltr'><strong>dixit.</strong></span> <span class='ocrx_word' id='word_1_257' title='bbox 881 2557 964 2606; x_wconf 79' lang='lat' dir='ltr'><strong>quia</strong></span> <span class='ocrx_word' id='word_1_258' title='bbox 993 2557 1116 2595; x_wconf 81' lang='lat' dir='ltr'><strong>anima</strong></span> 
     </span>
    </p>

    <p class='ocr_par' dir='ltr' id='par_1_12' title="bbox 69 2602 1117 2689">
     <span class='ocr_line' id='line_1_41' title="bbox 69 2602 1117 2689; baseline 0.007 -52"><span class='ocrx_word' id='word_1_259' title='bbox 69 2602 212 2689; x_wconf 52' lang='lat' dir='ltr'><strong>{acuitur</strong></span> <span class='ocrx_word' id='word_1_260' title='bbox 240 2615 372 2654; x_wconf 84' lang='lat' dir='ltr'><strong>corpore</strong></span> <span class='ocrx_word' id='word_1_261' title='bbox 389 2633 400 2650; x_wconf 92' lang='lat'><strong>,</strong></span> <span class='ocrx_word' id='word_1_262' title='bbox 436 2606 509 2642; x_wconf 81' lang='lat' dir='ltr'><strong>ideo</strong></span> <span class='ocrx_word' id='word_1_263' title='bbox 538 2606 773 2655; x_wconf 83' lang='lat' dir='ltr'><strong>metaphoram</strong></span> <span class='ocrx_word' id='word_1_264' title='bbox 791 2620 813 2643; x_wconf 84' lang='lat' dir='ltr'><strong>a</strong></span> <span class='ocrx_word' id='word_1_265' title='bbox 831 2606 977 2654; x_wconf 81' lang='lat' dir='ltr'><strong>vestibus</strong></span> <span class='ocrx_word' id='word_1_266' title='bbox 993 2608 1117 2657; x_wconf 84' lang='lat' dir='ltr'><strong>posuit.</strong></span> 
     </span>
    </p>

    <p class='ocr_par' dir='ltr' id='par_1_13' title="bbox 104 2665 205 2692">
     <span class='ocr_line' id='line_1_42' title="bbox 104 2665 205 2692; baseline 0.03 -3"><span class='ocrx_word' id='word_1_267' title='bbox 104 2665 205 2692; x_wconf 76' lang='lat' dir='ltr'><strong>URM.</strong></span> 
     </span>
    </p>

    <p class='ocr_par' dir='ltr' id='par_1_14' title="bbox 71 2704 1117 2905">
     <span class='ocr_line' id='line_1_43' title="bbox 123 2704 1117 2757; baseline 0.006 -16"><span class='ocrx_word' id='word_1_268' title='bbox 123 2704 205 2748; x_wconf 72' lang='lat'><strong>778.</strong></span> <span class='ocrx_word' id='word_1_269' title='bbox 235 2705 431 2743; x_wconf 73' lang='lat' dir='ltr'><strong>Tacitorum</strong></span> <span class='ocrx_word' id='word_1_270' title='bbox 443 2720 534 2744; x_wconf 90' lang='lat' dir='ltr'><strong>more</strong></span> <span class='ocrx_word' id='word_1_271' title='bbox 545 2707 731 2757; x_wconf 72' lang='lat' dir='ltr'><strong>luporum]</strong></span> <span class='ocrx_word' id='word_1_272' title='bbox 748 2707 955 2757; x_wconf 80' lang='lat' dir='ltr'><strong>Rapidorum</strong></span> <span class='ocrx_word' id='word_1_273' title='bbox 966 2708 1117 2750; x_wconf 83' lang='lat' dir='ltr'><strong>Thuan.</strong></span> 
     </span>
     <span class='ocr_line' id='line_1_44' title="bbox 72 2753 1114 2807; baseline 0.005 -17"><span class='ocrx_word' id='word_1_274' title='bbox 72 2753 112 2790; x_wconf 67' lang='grc' dir='ltr'><strong>ὃς</strong></span> <span class='ocrx_word' id='word_1_275' title='bbox 139 2766 230 2793; x_wconf 90' lang='lat' dir='ltr'><strong>unus</strong></span> <span class='ocrx_word' id='word_1_276' title='bbox 261 2757 396 2794; x_wconf 86' lang='lat' dir='ltr'><strong>Moreti</strong></span> <span class='ocrx_word' id='word_1_277' title='bbox 416 2785 427 2800; x_wconf 95' lang='lat'><strong>,</strong></span> <span class='ocrx_word' id='word_1_278' title='bbox 477 2758 605 2795; x_wconf 80' lang='lat' dir='ltr'><strong>Oxon.</strong></span> <span class='ocrx_word' id='word_1_279' title='bbox 633 2767 778 2807; x_wconf 82' lang='lat' dir='ltr'><strong>tresque</strong></span> <span class='ocrx_word' id='word_1_280' title='bbox 805 2759 874 2794; x_wconf 87' lang='lat' dir='ltr'><strong>alii.</strong></span> <span class='ocrx_word' id='word_1_281' title='bbox 914 2758 1114 2795; x_wconf 79' lang='lat' dir='ltr'><strong>rabidorum</strong></span> 
     </span>
     <span class='ocr_line' id='line_1_45' title="bbox 71 2803 1115 2851; baseline 0.007 -11"><span class='ocrx_word' id='word_1_282' title='bbox 71 2803 226 2851; x_wconf 80' lang='lat' dir='ltr'><strong>Argent.</strong></span> <span class='ocrx_word' id='word_1_283' title='bbox 254 2807 338 2843; x_wconf 90' lang='lat' dir='ltr'><strong>vide</strong></span> <span class='ocrx_word' id='word_1_284' title='bbox 373 2808 490 2844; x_wconf 81' lang='lat' dir='ltr'><strong>Notas</strong></span> <span class='ocrx_word' id='word_1_285' title='bbox 510 2808 603 2844; x_wconf 88' lang='lat' dir='ltr'><strong>libro</strong></span> <span class='ocrx_word' id='word_1_286' title='bbox 626 2822 689 2845; x_wconf 83' lang='lat'><strong>111.</strong></span> <span class='ocrx_word' id='word_1_287' title='bbox 717 2810 817 2845; x_wconf 78' lang='lat' dir='ltr'><strong>Artis</strong></span> <span class='ocrx_word' id='word_1_288' title='bbox 838 2807 891 2850; x_wconf 54' lang='lat' dir='ltr'><strong>ys,</strong></span> <span class='ocrx_word' id='word_1_289' title='bbox 908 2809 942 2846; x_wconf 84' lang='lat'><strong>8.</strong></span> <span class='ocrx_word' id='word_1_290' title='bbox 971 2812 1115 2848; x_wconf 65' lang='lat' dir='ltr'><strong>Herus.</strong></span> 
     </span>
     <span class='ocr_line' id='line_1_46' title="bbox 72 2858 912 2905; baseline 0.007 -14"><span class='ocrx_word' id='word_1_291' title='bbox 72 2860 262 2891; x_wconf 82' lang='lat' dir='ltr'><strong>Saevorum</strong></span> <span class='ocrx_word' id='word_1_292' title='bbox 285 2868 388 2893; x_wconf 86' lang='lat' dir='ltr'><strong>unus.</strong></span> <span class='ocrx_word' id='word_1_293' title='bbox 415 2858 789 2905; x_wconf 80' lang='lat' dir='ltr'><strong>rapidarumferarmn</strong></span> <span class='ocrx_word' id='word_1_294' title='bbox 810 2859 912 2897; x_wconf 86' lang='lat' dir='ltr'><strong>alius.</strong></span> 
     </span>
    </p>

    <p class='ocr_par' dir='ltr' id='par_1_15' title="bbox 75 2905 1115 3001">
     <span class='ocr_line' id='line_1_47' title="bbox 128 2905 1115 2954; baseline 0.011 -16"><span class='ocrx_word' id='word_1_295' title='bbox 128 2915 211 2953; x_wconf 85' lang='lat'><strong>779.</strong></span> <span class='ocrx_word' id='word_1_296' title='bbox 240 2905 375 2954; x_wconf 57' lang='grc' dir='ltr'><strong>γαίη]</strong></span> <span class='ocrx_word' id='word_1_297' title='bbox 415 2912 538 2944; x_wconf 82' lang='lat' dir='ltr'><strong>Fauces</strong></span> <span class='ocrx_word' id='word_1_298' title='bbox 576 2909 717 2946; x_wconf 77' lang='lat' dir='ltr'><strong>Moreti</strong></span> <span class='ocrx_word' id='word_1_299' title='bbox 755 2922 848 2948; x_wconf 85' lang='lat' dir='ltr'><strong>unus</strong></span> <span class='ocrx_word' id='word_1_300' title='bbox 886 2912 925 2948; x_wconf 91' lang='lat'>&amp;</span> <span class='ocrx_word' id='word_1_301' title='bbox 955 2910 1115 2950; x_wconf 80' lang='lat' dir='ltr'><strong>Heinfii.</strong></span> 
     </span>
     <span class='ocr_line' id='line_1_48' title="bbox 75 2957 1069 3001; baseline 0.004 -10"><span class='ocrx_word' id='word_1_302' title='bbox 75 2968 129 2992; x_wconf 88' lang='lat' dir='ltr'><strong>ore</strong></span> <span class='ocrx_word' id='word_1_303' title='bbox 143 2957 304 3001; x_wconf 78' lang='lat' dir='ltr'><strong>fremant</strong></span> <span class='ocrx_word' id='word_1_304' title='bbox 325 2964 406 2993; x_wconf 83' lang='lat' dir='ltr'><strong>tres.</strong></span> <span class='ocrx_word' id='word_1_305' title='bbox 1066 2999 1069 3001; x_wconf 60' lang='grc'>,</span> 
     </span>
    </p>

    <p class='ocr_par' dir='ltr' id='par_1_16' title="bbox 8 3006 1115 3357">
     <span class='ocr_line' id='line_1_49' title="bbox 126 3006 1115 3060; baseline 0.007 -18"><span class='ocrx_word' id='word_1_306' title='bbox 126 3017 208 3053; x_wconf 89' lang='lat'><strong>779.</strong></span> <span class='ocrx_word' id='word_1_307' title='bbox 237 3011 282 3042; x_wconf 84' lang='lat' dir='ltr'><strong>Et</strong></span> <span class='ocrx_word' id='word_1_308' title='bbox 303 3015 434 3054; x_wconf 80' lang='lat' dir='ltr'><strong>corpora</strong></span> <span class='ocrx_word' id='word_1_309' title='bbox 453 3006 586 3054; x_wconf 56' lang='lat' dir='ltr'><strong>vieta]</strong></span> <span class='ocrx_word' id='word_1_310' title='bbox 615 3009 719 3046; x_wconf 87' lang='lat' dir='ltr'><strong>Prisc.</strong></span> <span class='ocrx_word' id='word_1_311' title='bbox 739 3011 776 3047; x_wconf 92' lang='lat' dir='ltr'><strong>in</strong></span> <span class='ocrx_word' id='word_1_312' title='bbox 797 3024 842 3049; x_wconf 84' lang='lat'><strong>11.</strong></span> <span class='ocrx_word' id='word_1_313' title='bbox 869 3010 916 3048; x_wconf 87' lang='lat' dir='ltr'><strong>fic</strong></span> <span class='ocrx_word' id='word_1_314' title='bbox 937 3011 1047 3060; x_wconf 82' lang='lat' dir='ltr'><strong>legit,</strong></span> <span class='ocrx_word' id='word_1_315' title='bbox 1075 3022 1115 3049; x_wconf 84' lang='lat' dir='ltr'><strong>ut</strong></span> 
     </span>
     <span class='ocr_line' id='line_1_50' title="bbox 75 3056 1115 3110; baseline 0.007 -18"><span class='ocrx_word' id='word_1_316' title='bbox 75 3065 207 3104; x_wconf 85' lang='lat' dir='ltr'><strong>corpora</strong></span> <span class='ocrx_word' id='word_1_317' title='bbox 238 3057 334 3092; x_wconf 62' lang='lat' dir='ltr'><strong>viola</strong></span> <span class='ocrx_word' id='word_1_318' title='bbox 366 3058 476 3104; x_wconf 83' lang='lat' dir='ltr'><strong>sopore</strong></span> <span class='ocrx_word' id='word_1_319' title='bbox 509 3056 685 3092; x_wconf 81' lang='lat' dir='ltr'><strong>Jncedant:</strong></span> <span class='ocrx_word' id='word_1_320' title='bbox 714 3069 895 3109; x_wconf 85' lang='lat' dir='ltr'><strong>portasque</strong></span> <span class='ocrx_word' id='word_1_321' title='bbox 921 3072 1083 3110; x_wconf 79' lang='lat' dir='ltr'><strong>premant</strong></span> <span class='ocrx_word' id='word_1_322' title='bbox 1104 3091 1115 3108; x_wconf 85' lang='lat'><strong>,</strong></span> 
     </span>
     <span class='ocr_line' id='line_1_51' title="bbox 75 3106 1114 3156; baseline 0.001 -14"><span class='ocrx_word' id='word_1_323' title='bbox 75 3119 162 3155; x_wconf 81' lang='lat' dir='ltr'><strong>quas</strong></span> <span class='ocrx_word' id='word_1_324' title='bbox 187 3106 274 3143; x_wconf 74' lang='lat' dir='ltr'><strong>obice</strong></span> <span class='ocrx_word' id='word_1_325' title='bbox 296 3107 410 3152; x_wconf 79' lang='lat' dir='ltr'><strong>saltas</strong></span> <span class='ocrx_word' id='word_1_326' title='bbox 431 3106 612 3153; x_wconf 81' lang='lat' dir='ltr'><strong>Clauserat</strong></span> <span class='ocrx_word' id='word_1_327' title='bbox 635 3107 766 3143; x_wconf 79' lang='lat' dir='ltr'><strong>Iliades.</strong></span> <span class='ocrx_word' id='word_1_328' title='bbox 793 3122 886 3156; x_wconf 69' lang='lat' dir='ltr'><strong>quae</strong></span> <span class='ocrx_word' id='word_1_329' title='bbox 905 3112 1015 3150; x_wconf 54' lang='lat' dir='ltr'><strong>ledi-io</strong></span> <span class='ocrx_word' id='word_1_330' title='bbox 1037 3125 1114 3152; x_wconf 71' lang='lat' dir='ltr'><strong>ma-</strong></span> 
     </span>
     <span class='ocr_line' id='line_1_52' title="bbox 70 3157 1115 3206; baseline 0.008 -13"><span class='ocrx_word' id='word_1_331' title='bbox 70 3157 126 3205; x_wconf 80' lang='lat' dir='ltr'><strong>gis</strong></span> <span class='ocrx_word' id='word_1_332' title='bbox 155 3157 327 3206; x_wconf 81' lang='lat' dir='ltr'><strong>quadrare</strong></span> <span class='ocrx_word' id='word_1_333' title='bbox 357 3157 520 3200; x_wconf 77' lang='lat' dir='ltr'><strong>videtur,</strong></span> <span class='ocrx_word' id='word_1_334' title='bbox 549 3158 633 3205; x_wconf 83' lang='lat' dir='ltr'><strong>quia</strong></span> <span class='ocrx_word' id='word_1_335' title='bbox 662 3157 842 3205; x_wconf 77' lang='lat' dir='ltr'><strong>sequitur,</strong></span> <span class='ocrx_word' id='word_1_336' title='bbox 870 3174 977 3197; x_wconf 86' lang='lat' dir='ltr'><strong>unam</strong></span> <span class='ocrx_word' id='word_1_337' title='bbox 996 3174 1115 3201; x_wconf 85' lang='lat' dir='ltr'><strong>tamen</strong></span> 
     </span>
     <span class='ocr_line' id='line_1_53' title="bbox 8 3205 1114 3255; baseline 0.005 -13"><span class='ocrx_word' id='word_1_338' title='bbox 8 3222 14 3233; x_wconf 59' lang='grc' dir='ltr'><strong><em>ι</em></strong></span> <span class='ocrx_word' id='word_1_339' title='bbox 71 3209 144 3255; x_wconf 84' lang='lat' dir='ltr'><strong>ipsa</strong></span> <span class='ocrx_word' id='word_1_340' title='bbox 164 3205 294 3255; x_wconf 80' lang='lat' dir='ltr'><strong>reclusit</strong></span> <span class='ocrx_word' id='word_1_341' title='bbox 308 3235 318 3251; x_wconf 93' lang='lat'><strong>‚</strong></span> <span class='ocrx_word' id='word_1_342' title='bbox 347 3219 431 3243; x_wconf 88' lang='lat' dir='ltr'><strong>nam</strong></span> <span class='ocrx_word' id='word_1_343' title='bbox 455 3217 561 3244; x_wconf 77' lang='lat' dir='ltr'><strong>antea</strong></span> <span class='ocrx_word' id='word_1_344' title='bbox 579 3209 704 3254; x_wconf 83' lang='lat' dir='ltr'><strong>aperiri</strong></span> <span class='ocrx_word' id='word_1_345' title='bbox 731 3216 848 3254; x_wconf 81' lang='lat' dir='ltr'><strong>portas</strong></span> <span class='ocrx_word' id='word_1_346' title='bbox 870 3211 1051 3250; x_wconf 75' lang='lat' dir='ltr'><strong>necessum</strong></span> <span class='ocrx_word' id='word_1_347' title='bbox 1067 3215 1114 3252; x_wconf 86' lang='lat' dir='ltr'><strong>est</strong></span> 
     </span>
     <span class='ocr_line' id='line_1_54' title="bbox 76 3255 1113 3308; baseline 0.004 -15"><span class='ocrx_word' id='word_1_348' title='bbox 76 3255 197 3306; x_wconf 71' lang='lat' dir='ltr'><strong>quam.</strong></span> <span class='ocrx_word' id='word_1_349' title='bbox 223 3259 381 3295; x_wconf 73' lang='lat' dir='ltr'><strong>introeat</strong></span> <span class='ocrx_word' id='word_1_350' title='bbox 412 3258 617 3306; x_wconf 78' lang='lat' dir='ltr'><strong>quisquam.</strong></span> <span class='ocrx_word' id='word_1_351' title='bbox 656 3258 804 3299; x_wconf 60' lang='lat' dir='ltr'><strong>Coxsr.</strong></span> <span class='ocrx_word' id='word_1_352' title='bbox 833 3257 928 3293; x_wconf 66' lang='lat' dir='ltr'><strong>Fari.</strong></span> <span class='ocrx_word' id='word_1_353' title='bbox 963 3264 1113 3308; x_wconf 86' lang='lat' dir='ltr'><strong>Corpora</strong></span> 
     </span>
     <span class='ocr_line' id='line_1_55' title="bbox 75 3306 1113 3357; baseline 0.005 -13"><span class='ocrx_word' id='word_1_354' title='bbox 75 3306 174 3351; x_wconf 55' lang='lat' dir='ltr'><strong>villa</strong></span> <span class='ocrx_word' id='word_1_355' title='bbox 194 3308 338 3354; x_wconf 73' lang='lat' dir='ltr'><strong>fhporis,</strong></span> <span class='ocrx_word' id='word_1_356' title='bbox 366 3320 442 3347; x_wconf 88' lang='lat' dir='ltr'><strong>non</strong></span> <span class='ocrx_word' id='word_1_357' title='bbox 466 3307 601 3357; x_wconf 77' lang='lat' dir='ltr'><strong>sopore,</strong></span> <span class='ocrx_word' id='word_1_358' title='bbox 629 3307 748 3347; x_wconf 81' lang='lat' dir='ltr'><strong>codex</strong></span> <span class='ocrx_word' id='word_1_359' title='bbox 768 3308 803 3347; x_wconf 89' lang='lat' dir='ltr'><strong>S.</strong></span> <span class='ocrx_word' id='word_1_360' title='bbox 825 3307 943 3347; x_wconf 80' lang='lat' dir='ltr'><strong>Marci</strong></span> <span class='ocrx_word' id='word_1_361' title='bbox 971 3309 1009 3346; x_wconf 62' lang='grc' dir='ltr'><strong>ὃς</strong></span> <span class='ocrx_word' id='word_1_362' title='bbox 1032 3318 1113 3349; x_wconf 85' lang='lat' dir='ltr'><strong>tert.</strong></span> 
     </span>
    </p>

    <p class='ocr_par' dir='ltr' id='par_1_17' title="bbox 181 3362 344 3397">
     <span class='ocr_line' id='line_1_56' title="bbox 181 3362 344 3397; baseline 0.006 -2"><span class='ocrx_word' id='word_1_363' title='bbox 181 3362 276 3397; x_wconf 78' lang='lat' dir='ltr'><strong>Tem.</strong></span> <span class='ocrx_word' id='word_1_364' title='bbox 298 3364 344 3396; x_wconf 83' lang='lat' dir='ltr'><strong>II.</strong></span> 
     </span>
    </p>
   </div>
   <div class='ocr_carea' id='block_1_7' title="bbox 2053 1020 2215 1088">
    <p class='ocr_par' dir='ltr' id='par_1_18' title="bbox 2053 1020 2215 1088">
     <span class='ocr_line' id='line_1_57' title="bbox 2053 1020 2215 1088; baseline 0.006 -12"><span class='ocrx_word' id='word_1_365' title='bbox 2053 1020 2215 1088; x_wconf 17' lang='lat' dir='ltr'><strong>Susti-&#39;f</strong></span> 
     </span>
    </p>
   </div>
   <div class='ocr_carea' id='block_1_8' title="bbox 1169 1161 2214 1874">
    <p class='ocr_par' dir='ltr' id='par_1_19' title="bbox 1171 1161 2210 1322">
     <span class='ocr_line' id='line_1_58' title="bbox 1171 1161 2209 1216; baseline -0.013 -6"><span class='ocrx_word' id='word_1_366' title='bbox 1171 1170 1317 1209; x_wconf 90' lang='lat' dir='ltr'><strong>Bonon.</strong></span> <span class='ocrx_word' id='word_1_367' title='bbox 1337 1182 1430 1209; x_wconf 83' lang='lat' dir='ltr'><strong>unus</strong></span> <span class='ocrx_word' id='word_1_368' title='bbox 1451 1168 1557 1208; x_wconf 81' lang='lat' dir='ltr'><strong>Leid.</strong></span> <span class='ocrx_word' id='word_1_369' title='bbox 1580 1167 1713 1205; x_wconf 71' lang='lat' dir='ltr'><strong>vinaa.</strong></span> <span class='ocrx_word' id='word_1_370' title='bbox 1731 1168 1769 1205; x_wconf 72' lang='grc' dir='ltr'><strong>δε</strong></span> <span class='ocrx_word' id='word_1_371' title='bbox 1788 1161 2120 1216; x_wconf 65' lang='lat' dir='ltr'><strong>Rottendorpli.·de</strong></span> <span class='ocrx_word' id='word_1_372' title='bbox 2132 1172 2209 1210; x_wconf 90' lang='lat' dir='ltr'><strong>quo</strong></span> 
     </span>
     <span class='ocr_line' id='line_1_59' title="bbox 1171 1211 2210 1269; baseline -0.012 -10"><span class='ocrx_word' id='word_1_373' title='bbox 1171 1223 1193 1259; x_wconf 95' lang='lat' dir='ltr'><strong>l.</strong></span> <span class='ocrx_word' id='word_1_374' title='bbox 1222 1235 1274 1260; x_wconf 75' lang='lat' dir='ltr'><strong>xx.</strong></span> <span class='ocrx_word' id='word_1_375' title='bbox 1301 1222 1355 1264; x_wconf 59' lang='lat' dir='ltr'><strong>ils.</strong></span> <span class='ocrx_word' id='word_1_376' title='bbox 1386 1221 1470 1269; x_wconf 82' lang='lat'><strong>238.</strong></span> <span class='ocrx_word' id='word_1_377' title='bbox 1498 1222 1641 1257; x_wconf 79' lang='lat' dir='ltr'><strong>HE1NS.</strong></span> <span class='ocrx_word' id='word_1_378' title='bbox 1676 1219 1787 1267; x_wconf 75' lang='lat' dir='ltr'><strong>Pressa</strong></span> <span class='ocrx_word' id='word_1_379' title='bbox 1817 1227 1909 1253; x_wconf 84' lang='lat' dir='ltr'><strong>unus</strong></span> <span class='ocrx_word' id='word_1_380' title='bbox 1933 1213 2135 1250; x_wconf 81' lang='lat' dir='ltr'><strong>Mediceus.</strong></span> <span class='ocrx_word' id='word_1_381' title='bbox 2162 1211 2210 1249; x_wconf 86' lang='lat' dir='ltr'><strong>de</strong></span> 
     </span>
     <span class='ocr_line' id='line_1_60' title="bbox 1172 1268 2030 1322; baseline -0.013 -11"><span class='ocrx_word' id='word_1_382' title='bbox 1172 1285 1249 1322; x_wconf 91' lang='lat' dir='ltr'><strong>quo</strong></span> <span class='ocrx_word' id='word_1_383' title='bbox 1276 1273 1319 1310; x_wconf 84' lang='lat' dir='ltr'><strong>ad</strong></span> <span class='ocrx_word' id='word_1_384' title='bbox 1352 1272 1462 1318; x_wconf 87' lang='lat' dir='ltr'><strong>Epist.</strong></span> <span class='ocrx_word' id='word_1_385' title='bbox 1495 1284 1547 1308; x_wconf 90' lang='lat' dir='ltr'><strong>v1.</strong></span> <span class='ocrx_word' id='word_1_386' title='bbox 1578 1272 1637 1317; x_wconf 88' lang='lat'><strong>96.</strong></span> <span class='ocrx_word' id='word_1_387' title='bbox 1675 1281 1765 1306; x_wconf 84' lang='lat' dir='ltr'><strong>mox</strong></span> <span class='ocrx_word' id='word_1_388' title='bbox 1795 1268 1857 1305; x_wconf 85' lang='lat' dir='ltr'><strong>lib.</strong></span> <span class='ocrx_word' id='word_1_389' title='bbox 1884 1277 1944 1302; x_wconf 82' lang='lat' dir='ltr'><strong>xv.</strong></span> <span class='ocrx_word' id='word_1_390' title='bbox 1972 1276 2030 1301; x_wconf 85' lang='lat'><strong>21.</strong></span> 
     </span>
    </p>

    <p class='ocr_par' dir='ltr' id='par_1_20' title="bbox 1171 1312 2212 1570">
     <span class='ocr_line' id='line_1_61' title="bbox 1223 1312 2212 1371; baseline -0.012 -11"><span class='ocrx_word' id='word_1_391' title='bbox 1223 1323 1306 1368; x_wconf 87' lang='lat'><strong>780.</strong></span> <span class='ocrx_word' id='word_1_392' title='bbox 1336 1321 1451 1370; x_wconf 73' lang='lat' dir='ltr'><strong>objice</strong></span> <span class='ocrx_word' id='word_1_393' title='bbox 1468 1320 1612 1370; x_wconf 60' lang='lat' dir='ltr'><strong>firma]</strong></span> <span class='ocrx_word' id='word_1_394' title='bbox 1648 1320 1768 1357; x_wconf 82' lang='lat' dir='ltr'><strong>Firma</strong></span> <span class='ocrx_word' id='word_1_395' title='bbox 1799 1318 1948 1355; x_wconf 78' lang='lat' dir='ltr'><strong>Thuan.</strong></span> <span class='ocrx_word' id='word_1_396' title='bbox 1972 1312 2149 1371; x_wconf 65' lang='lat' dir='ltr'><strong>Arondel.</strong></span> <span class='ocrx_word' id='word_1_397' title='bbox 2172 1312 2212 1349; x_wconf 72' lang='grc' dir='ltr'><strong>ὅτ.</strong></span> 
     </span>
     <span class='ocr_line' id='line_1_62' title="bbox 1171 1365 2212 1423; baseline -0.012 -12"><span class='ocrx_word' id='word_1_398' title='bbox 1171 1374 1230 1411; x_wconf 87' lang='lat' dir='ltr'><strong>alii</strong></span> <span class='ocrx_word' id='word_1_399' title='bbox 1251 1374 1394 1411; x_wconf 89' lang='lat' dir='ltr'><strong>decem.</strong></span> <span class='ocrx_word' id='word_1_400' title='bbox 1421 1373 1467 1410; x_wconf 91' lang='lat' dir='ltr'><strong>de</strong></span> <span class='ocrx_word' id='word_1_401' title='bbox 1488 1385 1565 1421; x_wconf 86' lang='lat' dir='ltr'><strong>quo</strong></span> <span class='ocrx_word' id='word_1_402' title='bbox 1586 1371 1630 1408; x_wconf 84' lang='lat' dir='ltr'><strong>ad</strong></span> <span class='ocrx_word' id='word_1_403' title='bbox 1652 1370 1899 1423; x_wconf 81' lang='lat' dir='ltr'><strong>Claudianum</strong></span> <span class='ocrx_word' id='word_1_404' title='bbox 1912 1378 1964 1422; x_wconf 49' lang='lat' dir='ltr'><strong>Ji·</strong></span> <span class='ocrx_word' id='word_1_405' title='bbox 1981 1377 2017 1402; x_wconf 84' lang='lat' dir='ltr'><strong>in</strong></span> <span class='ocrx_word' id='word_1_406' title='bbox 2040 1365 2139 1401; x_wconf 84' lang='lat' dir='ltr'><strong>Eutr.</strong></span> <span class='ocrx_word' id='word_1_407' title='bbox 2153 1374 2212 1411; x_wconf 83' lang='lat'><strong>34.</strong></span> 
     </span>
     <span class='ocr_line' id='line_1_63' title="bbox 1173 1414 2212 1471; baseline -0.012 -10"><span class='ocrx_word' id='word_1_408' title='bbox 1173 1425 1212 1461; x_wconf 66' lang='grc' dir='ltr'><strong>ὅς</strong></span> <span class='ocrx_word' id='word_1_409' title='bbox 1244 1424 1289 1461; x_wconf 84' lang='lat' dir='ltr'><strong>ad</strong></span> <span class='ocrx_word' id='word_1_410' title='bbox 1316 1425 1464 1460; x_wconf 83' lang='lat' dir='ltr'><strong>Maron.</strong></span> <span class='ocrx_word' id='word_1_411' title='bbox 1499 1421 1654 1460; x_wconf 79' lang='lat' dir='ltr'><strong>Aeneid.</strong></span> <span class='ocrx_word' id='word_1_412' title='bbox 1675 1433 1708 1458; x_wconf 87' lang='lat' dir='ltr'><strong>x.</strong></span> <span class='ocrx_word' id='word_1_413' title='bbox 1736 1432 1818 1468; x_wconf 74' lang='lat'><strong>377·</strong></span> <span class='ocrx_word' id='word_1_414' title='bbox 1845 1414 2132 1471; x_wconf 68' lang='lat' dir='ltr'><strong>Priicmnuslib.</strong></span> <span class='ocrx_word' id='word_1_415' title='bbox 2165 1425 2212 1450; x_wconf 89' lang='lat'><strong>11.</strong></span> 
     </span>
     <span class='ocr_line' id='line_1_64' title="bbox 1171 1466 2211 1522; baseline -0.013 -10"><span class='ocrx_word' id='word_1_416' title='bbox 1171 1486 1206 1522; x_wconf 90' lang='lat' dir='ltr'><strong>p.</strong></span> <span class='ocrx_word' id='word_1_417' title='bbox 1229 1474 1312 1521; x_wconf 76' lang='lat'><strong>582.</strong></span> <span class='ocrx_word' id='word_1_418' title='bbox 1339 1475 1377 1511; x_wconf 88' lang='lat' dir='ltr'><strong>in</strong></span> <span class='ocrx_word' id='word_1_419' title='bbox 1396 1474 1471 1511; x_wconf 84' lang='lat' dir='ltr'><strong>aliis</strong></span> <span class='ocrx_word' id='word_1_420' title='bbox 1493 1474 1604 1510; x_wconf 88' lang='lat' dir='ltr'><strong>etiam</strong></span> <span class='ocrx_word' id='word_1_421' title='bbox 1628 1472 1781 1509; x_wconf 84' lang='lat' dir='ltr'><strong>vocibus</strong></span> <span class='ocrx_word' id='word_1_422' title='bbox 1803 1466 1978 1507; x_wconf 87' lang='lat' dir='ltr'><strong>diversam</strong></span> <span class='ocrx_word' id='word_1_423' title='bbox 2000 1469 2211 1513; x_wconf 74' lang='lat' dir='ltr'><strong>scripturam</strong></span> 
     </span>
     <span class='ocr_line' id='line_1_65' title="bbox 1172 1523 1604 1570; baseline -0.005 -8"><span class='ocrx_word' id='word_1_424' title='bbox 1172 1524 1341 1570; x_wconf 87' lang='lat' dir='ltr'><strong>exhibet,</strong></span> <span class='ocrx_word' id='word_1_425' title='bbox 1368 1526 1442 1562; x_wconf 89' lang='lat' dir='ltr'><strong>hoc</strong></span> <span class='ocrx_word' id='word_1_426' title='bbox 1463 1523 1604 1562; x_wconf 90' lang='lat' dir='ltr'><strong>modo:</strong></span> 
     </span>
    </p>

    <p class='ocr_par' dir='ltr' id='par_1_21' title="bbox 1478 1571 2047 1623">
     <span class='ocr_line' id='line_1_66' title="bbox 1478 1571 2047 1623; baseline -0.012 -12"><span class='ocrx_word' id='word_1_427' title='bbox 1478 1581 1523 1611; x_wconf 83' lang='lat' dir='ltr'><strong>Ut</strong></span> <span class='ocrx_word' id='word_1_428' title='bbox 1541 1582 1672 1623; x_wconf 86' lang='lat' dir='ltr'><strong>corpora</strong></span> <span class='ocrx_word' id='word_1_429' title='bbox 1690 1573 1788 1622; x_wconf 58' lang='lat' dir='ltr'><strong>viola</strong></span> <span class='ocrx_word' id='word_1_430' title='bbox 1803 1571 1912 1620; x_wconf 89' lang='lat' dir='ltr'><strong>sopore</strong></span> <span class='ocrx_word' id='word_1_431' title='bbox 2041 1617 2047 1623; x_wconf 41' lang='lat'><em>·</em></span> 
     </span>
    </p>

    <p class='ocr_par' dir='ltr' id='par_1_22' title="bbox 1221 1615 2214 1674">
     <span class='ocr_line' id='line_1_67' title="bbox 1221 1615 2214 1674; baseline -0.011 -11"><span class='ocrx_word' id='word_1_432' title='bbox 1221 1627 1428 1670; x_wconf 77' lang='lat' dir='ltr'><strong>Invadant,</strong></span> <span class='ocrx_word' id='word_1_433' title='bbox 1451 1634 1634 1674; x_wconf 83' lang='lat' dir='ltr'><strong>portasque</strong></span> <span class='ocrx_word' id='word_1_434' title='bbox 1655 1633 1843 1672; x_wconf 83' lang='lat' dir='ltr'><strong>premant,</strong></span> <span class='ocrx_word' id='word_1_435' title='bbox 1880 1632 1966 1670; x_wconf 78' lang='lat' dir='ltr'><strong>quas</strong></span> <span class='ocrx_word' id='word_1_436' title='bbox 1995 1617 2082 1655; x_wconf 82' lang='lat' dir='ltr'><strong>obice</strong></span> <span class='ocrx_word' id='word_1_437' title='bbox 2094 1615 2214 1664; x_wconf 70' lang='lat' dir='ltr'><strong>fultae</strong></span> 
     </span>
    </p>

    <p class='ocr_par' dir='ltr' id='par_1_23' title="bbox 1169 1676 2213 1874">
     <span class='ocr_line' id='line_1_68' title="bbox 1223 1676 2160 1725; baseline -0.007 -12"><span class='ocrx_word' id='word_1_438' title='bbox 1223 1677 1406 1725; x_wconf 73' lang='lat' dir='ltr'><strong>Clauserat</strong></span> <span class='ocrx_word' id='word_1_439' title='bbox 1428 1676 1562 1713; x_wconf 81' lang='lat' dir='ltr'><strong>Iliades.</strong></span> <span class='ocrx_word' id='word_1_440' title='bbox 2154 1718 2160 1724; x_wconf 32' lang='grc' dir='ltr'>ι</span> 
     </span>
     <span class='ocr_line' id='line_1_69' title="bbox 1172 1717 2212 1776; baseline -0.01 -12"><span class='ocrx_word' id='word_1_441' title='bbox 1172 1727 1285 1776; x_wconf 75' lang='lat' dir='ltr'><strong>objice</strong></span> <span class='ocrx_word' id='word_1_442' title='bbox 1305 1728 1446 1775; x_wconf 87' lang='lat' dir='ltr'><strong>fultas,</strong></span> <span class='ocrx_word' id='word_1_443' title='bbox 1475 1735 1515 1764; x_wconf 89' lang='lat' dir='ltr'><strong>ut</strong></span> <span class='ocrx_word' id='word_1_444' title='bbox 1541 1726 1690 1775; x_wconf 72' lang='lat' dir='ltr'><strong>Apulei.</strong></span> <span class='ocrx_word' id='word_1_445' title='bbox 1711 1725 1818 1774; x_wconf 86' lang='lat' dir='ltr'><strong>prim.</strong></span> <span class='ocrx_word' id='word_1_446' title='bbox 1836 1723 1974 1759; x_wconf 86' lang='lat' dir='ltr'><strong>Herm.</strong></span> <span class='ocrx_word' id='word_1_447' title='bbox 1990 1718 2086 1776; x_wconf 81' lang='lat' dir='ltr'><strong>apud</strong></span> <span class='ocrx_word' id='word_1_448' title='bbox 2103 1717 2212 1755; x_wconf 80' lang='lat' dir='ltr'><strong>Prisc.</strong></span> 
     </span>
     <span class='ocr_line' id='line_1_70' title="bbox 1169 1767 2213 1825; baseline -0.009 -11"><span class='ocrx_word' id='word_1_449' title='bbox 1169 1778 1231 1815; x_wconf 84' lang='lat' dir='ltr'><strong>lib.</strong></span> <span class='ocrx_word' id='word_1_450' title='bbox 1259 1791 1320 1816; x_wconf 85' lang='lat'><strong>111.</strong></span> <span class='ocrx_word' id='word_1_451' title='bbox 1370 1784 1492 1814; x_wconf 83' lang='lat' dir='ltr'><strong>Verum</strong></span> <span class='ocrx_word' id='word_1_452' title='bbox 1531 1776 1673 1824; x_wconf 78' lang='lat' dir='ltr'><strong>infirma</strong></span> <span class='ocrx_word' id='word_1_453' title='bbox 1704 1773 1950 1825; x_wconf 79' lang='lat' dir='ltr'><strong>scamellorum</strong></span> <span class='ocrx_word' id='word_1_454' title='bbox 1991 1771 2078 1808; x_wconf 84' lang='lat' dir='ltr'><strong>obice</strong></span> <span class='ocrx_word' id='word_1_455' title='bbox 2098 1767 2213 1815; x_wconf 75' lang='lat' dir='ltr'><strong>fulta.</strong></span> 
     </span>
     <span class='ocr_line' id='line_1_71' title="bbox 1171 1828 1629 1874; baseline -0.002 -8"><span class='ocrx_word' id='word_1_456' title='bbox 1171 1828 1274 1866; x_wconf 88' lang='lat' dir='ltr'><strong>Nost.</strong></span> <span class='ocrx_word' id='word_1_457' title='bbox 1294 1829 1353 1866; x_wconf 91' lang='lat' dir='ltr'><strong>lib.</strong></span> <span class='ocrx_word' id='word_1_458' title='bbox 1375 1842 1422 1867; x_wconf 87' lang='lat'><strong>11.</strong></span> <span class='ocrx_word' id='word_1_459' title='bbox 1444 1829 1525 1866; x_wconf 86' lang='lat' dir='ltr'><strong>Art.</strong></span> <span class='ocrx_word' id='word_1_460' title='bbox 1546 1840 1629 1874; x_wconf 81' lang='lat'><strong>242.</strong></span> 
     </span>
    </p>
   </div>
   <div class='ocr_carea' id='block_1_9' title="bbox 1220 1886 2109 1941">
    <p class='ocr_par' dir='ltr' id='par_1_24' title="bbox 1220 1886 2109 1941">
     <span class='ocr_line' id='line_1_72' title="bbox 1220 1886 2109 1941; baseline -0.008 -13"><span class='ocrx_word' id='word_1_461' title='bbox 1220 1894 1343 1941; x_wconf 81' lang='lat' dir='ltr'><strong>Atque</strong></span> <span class='ocrx_word' id='word_1_462' title='bbox 1361 1890 1426 1928; x_wconf 89' lang='lat' dir='ltr'><strong>erit</strong></span> <span class='ocrx_word' id='word_1_463' title='bbox 1447 1889 1591 1941; x_wconf 77' lang='lat' dir='ltr'><strong>appofita</strong></span> <span class='ocrx_word' id='word_1_464' title='bbox 1608 1892 1723 1941; x_wconf 86' lang='lat' dir='ltr'><strong>janua</strong></span> <span class='ocrx_word' id='word_1_465' title='bbox 1735 1889 1834 1938; x_wconf 83' lang='lat' dir='ltr'><strong>fulta</strong></span> <span class='ocrx_word' id='word_1_466' title='bbox 1846 1889 1935 1936; x_wconf 73' lang='lat' dir='ltr'><strong>sera.</strong></span> <span class='ocrx_word' id='word_1_467' title='bbox 1963 1886 2109 1923; x_wconf 70' lang='lat' dir='ltr'><strong>Hems.</strong></span> 
     </span>
    </p>
   </div>
   <div class='ocr_carea' id='block_1_10' title="bbox 1165 1948 2214 3401">
    <p class='ocr_par' dir='ltr' id='par_1_25' title="bbox 1169 1948 2214 2195">
     <span class='ocr_line' id='line_1_73' title="bbox 1226 1948 2214 2003; baseline -0.007 -11"><span class='ocrx_word' id='word_1_468' title='bbox 1226 1955 1311 2000; x_wconf 84' lang='lat'><strong>781.</strong></span> <span class='ocrx_word' id='word_1_469' title='bbox 1340 1961 1453 1992; x_wconf 89' lang='lat' dir='ltr'><strong>Unam</strong></span> <span class='ocrx_word' id='word_1_470' title='bbox 1483 1966 1602 1992; x_wconf 83' lang='lat' dir='ltr'><strong>tamen</strong></span> <span class='ocrx_word' id='word_1_471' title='bbox 1620 1956 1689 2003; x_wconf 79' lang='lat' dir='ltr'><strong>ipsa</strong></span> <span class='ocrx_word' id='word_1_472' title='bbox 1709 1951 1883 2001; x_wconf 80' lang='lat' dir='ltr'><strong>reclusit.]</strong></span> <span class='ocrx_word' id='word_1_473' title='bbox 1911 1952 2059 1989; x_wconf 78' lang='lat' dir='ltr'><strong>Portam</strong></span> <span class='ocrx_word' id='word_1_474' title='bbox 2081 1948 2214 1986; x_wconf 84' lang='lat' dir='ltr'><strong>intelli-</strong></span> 
     </span>
     <span class='ocr_line' id='line_1_74' title="bbox 1170 1999 2213 2056; baseline -0.011 -12"><span class='ocrx_word' id='word_1_475' title='bbox 1170 2007 1222 2053; x_wconf 83' lang='lat' dir='ltr'><strong>git</strong></span> <span class='ocrx_word' id='word_1_476' title='bbox 1252 2006 1297 2043; x_wconf 81' lang='lat' dir='ltr'><strong>ad</strong></span> <span class='ocrx_word' id='word_1_477' title='bbox 1326 2006 1462 2044; x_wconf 76' lang='lat' dir='ltr'><strong>radices</strong></span> <span class='ocrx_word' id='word_1_478' title='bbox 1489 2007 1588 2043; x_wconf 87' lang='lat' dir='ltr'><strong>collis</strong></span> <span class='ocrx_word' id='word_1_479' title='bbox 1618 2003 1814 2042; x_wconf 64' lang='lat' dir='ltr'><strong>viminalis</strong></span> <span class='ocrx_word' id='word_1_480' title='bbox 1836 2030 1846 2047; x_wconf 94' lang='lat'><strong>,</strong></span> <span class='ocrx_word' id='word_1_481' title='bbox 1880 2013 1994 2056; x_wconf 28' lang='lat' dir='ltr'><strong>quam·</strong></span> <span class='ocrx_word' id='word_1_482' title='bbox 2016 1999 2213 2045; x_wconf 77' lang='lat' dir='ltr'><strong>Janaalem</strong></span> 
     </span>
     <span class='ocr_line' id='line_1_75' title="bbox 1170 2051 2210 2097; baseline -0.01 -3"><span class='ocrx_word' id='word_1_483' title='bbox 1170 2058 1290 2095; x_wconf 85' lang='lat' dir='ltr'><strong>Varro</strong></span> <span class='ocrx_word' id='word_1_484' title='bbox 1321 2058 1358 2094; x_wconf 67' lang='grc' dir='ltr'>ἃ</span> <span class='ocrx_word' id='word_1_485' title='bbox 1386 2056 1598 2093; x_wconf 83' lang='lat' dir='ltr'><strong>Macrobius</strong></span> <span class='ocrx_word' id='word_1_486' title='bbox 1628 2062 1788 2097; x_wconf 80' lang='lat' dir='ltr'><strong>vocant,</strong></span> <span class='ocrx_word' id='word_1_487' title='bbox 1827 2065 1868 2089; x_wconf 83' lang='lat' dir='ltr'><strong>ac</strong></span> <span class='ocrx_word' id='word_1_488' title='bbox 1887 2051 2083 2088; x_wconf 74' lang='lat' dir='ltr'><strong>Palatinam</strong></span> <span class='ocrx_word' id='word_1_489' title='bbox 2105 2059 2210 2085; x_wconf 76' lang='lat' dir='ltr'><strong>antea</strong></span> 
     </span>
     <span class='ocr_line' id='line_1_76' title="bbox 1169 2100 2210 2155; baseline -0.009 -12"><span class='ocrx_word' id='word_1_490' title='bbox 1169 2115 1419 2155; x_wconf 78' lang='lat' dir='ltr'><strong>nuncupatam</strong></span> <span class='ocrx_word' id='word_1_491' title='bbox 1443 2106 1571 2144; x_wconf 78' lang='lat' dir='ltr'><strong>Fabius</strong></span> <span class='ocrx_word' id='word_1_492' title='bbox 1582 2105 1704 2143; x_wconf 58' lang='lat' dir='ltr'><strong>Pistor</strong></span> <span class='ocrx_word' id='word_1_493' title='bbox 1715 2104 1857 2141; x_wconf 88' lang='lat' dir='ltr'><strong>videtur</strong></span> <span class='ocrx_word' id='word_1_494' title='bbox 1868 2103 2031 2139; x_wconf 86' lang='lat' dir='ltr'><strong>innuere.</strong></span> <span class='ocrx_word' id='word_1_495' title='bbox 2060 2100 2210 2136; x_wconf 70' lang='lat' dir='ltr'><strong>Consr.</strong></span> 
     </span>
     <span class='ocr_line' id='line_1_77' title="bbox 1170 2157 1267 2195; baseline 0.021 -2"><span class='ocrx_word' id='word_1_496' title='bbox 1170 2157 1267 2195; x_wconf 63' lang='lat' dir='ltr'><strong>FAN.</strong></span> 
     </span>
    </p>

    <p class='ocr_par' dir='ltr' id='par_1_26' title="bbox 1171 2200 2211 2346">
     <span class='ocr_line' id='line_1_78' title="bbox 1222 2200 2210 2256; baseline -0.008 -12"><span class='ocrx_word' id='word_1_497' title='bbox 1222 2209 1306 2249; x_wconf 80' lang='lat'><strong>781.</strong></span> <span class='ocrx_word' id='word_1_498' title='bbox 1334 2205 1517 2256; x_wconf 77' lang='lat' dir='ltr'><strong>Reclusst.]</strong></span> <span class='ocrx_word' id='word_1_499' title='bbox 1547 2205 1702 2243; x_wconf 77' lang='lat' dir='ltr'><strong>Recladit</strong></span> <span class='ocrx_word' id='word_1_500' title='bbox 1722 2206 1826 2253; x_wconf 84' lang='lat' dir='ltr'><strong>prim.</strong></span> <span class='ocrx_word' id='word_1_501' title='bbox 1848 2203 1958 2241; x_wconf 78' lang='lat' dir='ltr'><strong>Palat.</strong></span> <span class='ocrx_word' id='word_1_502' title='bbox 1979 2202 2084 2249; x_wconf 82' lang='lat' dir='ltr'><strong>prim.</strong></span> <span class='ocrx_word' id='word_1_503' title='bbox 2105 2200 2210 2237; x_wconf 71' lang='lat' dir='ltr'><strong>Vati—</strong></span> 
     </span>
     <span class='ocr_line' id='line_1_79' title="bbox 1172 2251 2211 2306; baseline -0.007 -11"><span class='ocrx_word' id='word_1_504' title='bbox 1172 2270 1251 2295; x_wconf 85' lang='lat' dir='ltr'><strong>can.</strong></span> <span class='ocrx_word' id='word_1_505' title='bbox 1280 2259 1397 2306; x_wconf 87' lang='lat' dir='ltr'><strong>Neap.</strong></span> <span class='ocrx_word' id='word_1_506' title='bbox 1430 2258 1559 2294; x_wconf 87' lang='lat' dir='ltr'><strong>Urbin.</strong></span> <span class='ocrx_word' id='word_1_507' title='bbox 1580 2258 1687 2304; x_wconf 87' lang='lat' dir='ltr'><strong>prim.</strong></span> <span class='ocrx_word' id='word_1_508' title='bbox 1709 2257 1800 2303; x_wconf 81' lang='lat' dir='ltr'><strong>Reg.</strong></span> <span class='ocrx_word' id='word_1_509' title='bbox 1823 2255 1931 2304; x_wconf 81' lang='lat' dir='ltr'><strong>prim.</strong></span> <span class='ocrx_word' id='word_1_510' title='bbox 1950 2253 2082 2291; x_wconf 75' lang='lat' dir='ltr'><strong>Esr‘urt.</strong></span> <span class='ocrx_word' id='word_1_511' title='bbox 2111 2251 2211 2288; x_wconf 78' lang='lat' dir='ltr'><strong>Box-</strong></span> 
     </span>
     <span class='ocr_line' id='line_1_80' title="bbox 1171 2307 1778 2346; baseline -0.005 0"><span class='ocrx_word' id='word_1_512' title='bbox 1171 2309 1297 2346; x_wconf 89' lang='lat' dir='ltr'><strong>hornii</strong></span> <span class='ocrx_word' id='word_1_513' title='bbox 1320 2309 1357 2345; x_wconf 85' lang='lat'>&amp;</span> <span class='ocrx_word' id='word_1_514' title='bbox 1379 2308 1510 2345; x_wconf 89' lang='lat' dir='ltr'><strong>decem</strong></span> <span class='ocrx_word' id='word_1_515' title='bbox 1532 2307 1603 2344; x_wconf 84' lang='lat' dir='ltr'><strong>alii.</strong></span> <span class='ocrx_word' id='word_1_516' title='bbox 1632 2307 1778 2343; x_wconf 61' lang='lat' dir='ltr'><strong>Heme.</strong></span> 
     </span>
    </p>

    <p class='ocr_par' dir='ltr' id='par_1_27' title="bbox 1218 2357 1789 2408">
     <span class='ocr_line' id='line_1_81' title="bbox 1218 2357 1789 2408; baseline -0.007 -12"><span class='ocrx_word' id='word_1_517' title='bbox 1218 2359 1301 2407; x_wconf 80' lang='lat'><strong>783.</strong></span> <span class='ocrx_word' id='word_1_518' title='bbox 1329 2358 1489 2408; x_wconf 70' lang='lat' dir='ltr'><strong>Portae]</strong></span> <span class='ocrx_word' id='word_1_519' title='bbox 1520 2364 1625 2394; x_wconf 82' lang='lat' dir='ltr'><strong>Porta</strong></span> <span class='ocrx_word' id='word_1_520' title='bbox 1650 2357 1789 2394; x_wconf 86' lang='lat' dir='ltr'><strong>Medic.</strong></span> 
     </span>
    </p>

    <p class='ocr_par' dir='ltr' id='par_1_28' title="bbox 1165 2403 2213 2612">
     <span class='ocr_line' id='line_1_82' title="bbox 1218 2403 2212 2457; baseline -0.006 -10"><span class='ocrx_word' id='word_1_521' title='bbox 1218 2410 1302 2454; x_wconf 88' lang='lat'><strong>786.</strong></span> <span class='ocrx_word' id='word_1_522' title='bbox 1333 2408 1500 2457; x_wconf 50' lang='lat' dir='ltr'><strong>Naida]</strong></span> <span class='ocrx_word' id='word_1_523' title='bbox 1539 2406 1703 2446; x_wconf 86' lang='lat' dir='ltr'><strong>Eandem</strong></span> <span class='ocrx_word' id='word_1_524' title='bbox 1733 2407 1828 2444; x_wconf 81' lang='lat' dir='ltr'><strong>hanc</strong></span> <span class='ocrx_word' id='word_1_525' title='bbox 1859 2404 2013 2442; x_wconf 76' lang='lat' dir='ltr'><strong>fabulam</strong></span> <span class='ocrx_word' id='word_1_526' title='bbox 2047 2403 2212 2443; x_wconf 81' lang='lat' dir='ltr'><strong>describit</strong></span> 
     </span>
     <span class='ocr_line' id='line_1_83' title="bbox 1165 2454 2212 2506; baseline -0.004 -9"><span class='ocrx_word' id='word_1_527' title='bbox 1165 2459 1264 2497; x_wconf 85' lang='lat' dir='ltr'><strong>idern</strong></span> <span class='ocrx_word' id='word_1_528' title='bbox 1296 2461 1412 2497; x_wconf 82' lang='lat' dir='ltr'><strong>Po&#39;e&#39;ta</strong></span> <span class='ocrx_word' id='word_1_529' title='bbox 1441 2460 1562 2506; x_wconf 86' lang='lat' dir='ltr'><strong>primo</strong></span> <span class='ocrx_word' id='word_1_530' title='bbox 1589 2458 1790 2495; x_wconf 83' lang='lat' dir='ltr'><strong>Fastorum.</strong></span> <span class='ocrx_word' id='word_1_531' title='bbox 1817 2455 1871 2498; x_wconf 71' lang='lat' dir='ltr'><strong>Jl&#39;s.</strong></span> <span class='ocrx_word' id='word_1_532' title='bbox 1893 2456 1973 2502; x_wconf 59' lang='grc' dir='ltr'><strong>ἰός.</strong></span> <span class='ocrx_word' id='word_1_533' title='bbox 2004 2454 2080 2491; x_wconf 83' lang='lat' dir='ltr'><strong>Nisi</strong></span> <span class='ocrx_word' id='word_1_534' title='bbox 2107 2454 2212 2504; x_wconf 82' lang='lat' dir='ltr'><strong>quod</strong></span> 
     </span>
     <span class='ocr_line' id='line_1_84' title="bbox 1167 2506 2213 2558; baseline -0.003 -11"><span class='ocrx_word' id='word_1_535' title='bbox 1167 2511 1240 2547; x_wconf 86' lang='lat' dir='ltr'><strong>illic</strong></span> <span class='ocrx_word' id='word_1_536' title='bbox 1270 2522 1347 2547; x_wconf 90' lang='lat' dir='ltr'><strong>non</strong></span> <span class='ocrx_word' id='word_1_537' title='bbox 1381 2509 1552 2558; x_wconf 87' lang='lat' dir='ltr'><strong>nymphis</strong></span> <span class='ocrx_word' id='word_1_538' title='bbox 1567 2536 1576 2552; x_wconf 91' lang='lat'>‚</span> <span class='ocrx_word' id='word_1_539' title='bbox 1603 2508 1662 2545; x_wconf 89' lang='lat' dir='ltr'><strong>sed</strong></span> <span class='ocrx_word' id='word_1_540' title='bbox 1686 2508 1779 2553; x_wconf 85' lang='lat' dir='ltr'><strong>Jano</strong></span> <span class='ocrx_word' id='word_1_541' title='bbox 1799 2506 2078 2544; x_wconf 59' lang='lat' dir='ltr'><strong>calefactionem</strong></span> <span class='ocrx_word' id='word_1_542' title='bbox 2099 2517 2213 2555; x_wconf 48' lang='lat' dir='ltr'><strong>aquaff</strong></span> 
     </span>
     <span class='ocr_line' id='line_1_85' title="bbox 1166 2558 2112 2612; baseline -0.003 -15"><span class='ocrx_word' id='word_1_543' title='bbox 1166 2571 1248 2598; x_wconf 86' lang='lat' dir='ltr'><strong>rum</strong></span> <span class='ocrx_word' id='word_1_544' title='bbox 1271 2560 1372 2597; x_wconf 82' lang='lat' dir='ltr'><strong>istam</strong></span> <span class='ocrx_word' id='word_1_545' title='bbox 1393 2560 1517 2597; x_wconf 81' lang='lat' dir='ltr'><strong>tribuit</strong></span> <span class='ocrx_word' id='word_1_546' title='bbox 1538 2559 1591 2596; x_wconf 89' lang='lat' dir='ltr'><strong>his</strong></span> <span class='ocrx_word' id='word_1_547' title='bbox 1611 2558 1787 2596; x_wconf 82' lang='lat' dir='ltr'><strong>versibus:</strong></span> <span class='ocrx_word' id='word_1_548' title='bbox 2105 2606 2112 2612; x_wconf 44' lang='grc'><em>·</em></span> 
     </span>
    </p>

    <p class='ocr_par' dir='ltr' id='par_1_29' title="bbox 1224 2609 2211 2659">
     <span class='ocr_line' id='line_1_86' title="bbox 1224 2609 2211 2659; baseline -0.004 -13"><span class='ocrx_word' id='word_1_549' title='bbox 1224 2614 1271 2646; x_wconf 86' lang='lat' dir='ltr'><strong>Et</strong></span> <span class='ocrx_word' id='word_1_550' title='bbox 1284 2611 1365 2659; x_wconf 85' lang='lat' dir='ltr'><strong>jam</strong></span> <span class='ocrx_word' id='word_1_551' title='bbox 1383 2609 1594 2657; x_wconf 79' lang='lat' dir='ltr'><strong>contigerant</strong></span> <span class='ocrx_word' id='word_1_552' title='bbox 1613 2609 1762 2657; x_wconf 82' lang='lat' dir='ltr'><strong>(inquit)</strong></span> <span class='ocrx_word' id='word_1_553' title='bbox 1779 2617 1939 2657; x_wconf 81' lang='lat' dir='ltr'><strong>portam,</strong></span> <span class='ocrx_word' id='word_1_554' title='bbox 1966 2611 2134 2644; x_wconf 72' lang='lat' dir='ltr'><strong>Saturnia</strong></span> <span class='ocrx_word' id='word_1_555' title='bbox 2153 2619 2211 2642; x_wconf 82' lang='lat' dir='ltr'><strong>cu-</strong></span> 
     </span>
    </p>

    <p class='ocr_par' dir='ltr' id='par_1_30' title="bbox 1169 2674 2211 3401">
     <span class='ocr_line' id='line_1_87' title="bbox 1363 2674 1402 2696; baseline 0 0"><span class='ocrx_word' id='word_1_556' title='bbox 1363 2674 1402 2696; x_wconf 82' lang='lat' dir='ltr'><strong>us</strong></span> 
     </span>
     <span class='ocr_line' id='line_1_88' title="bbox 1274 2675 1960 2760; baseline -0.003 -14"><span class='ocrx_word' id='word_1_557' title='bbox 1274 2675 1474 2760; x_wconf 55' lang='lat' dir='ltr'><strong>Dempfisrat</strong></span> <span class='ocrx_word' id='word_1_558' title='bbox 1493 2709 1648 2759; x_wconf 79' lang='lat' dir='ltr'><strong>oppofitas</strong></span> <span class='ocrx_word' id='word_1_559' title='bbox 1667 2709 1839 2757; x_wconf 82' lang='lat' dir='ltr'><strong>invidiosa</strong></span> <span class='ocrx_word' id='word_1_560' title='bbox 1853 2707 1960 2757; x_wconf 81' lang='lat' dir='ltr'><strong>seras.</strong></span> 
     </span>
     <span class='ocr_line' id='line_1_89' title="bbox 1222 2760 2166 2807; baseline -0.003 -10"><span class='ocrx_word' id='word_1_561' title='bbox 1222 2766 1316 2798; x_wconf 81' lang='lat' dir='ltr'><strong>Cum</strong></span> <span class='ocrx_word' id='word_1_562' title='bbox 1335 2771 1433 2797; x_wconf 83' lang='lat' dir='ltr'><strong>tanto</strong></span> <span class='ocrx_word' id='word_1_563' title='bbox 1453 2761 1586 2797; x_wconf 85' lang='lat' dir='ltr'><strong>veritus</strong></span> <span class='ocrx_word' id='word_1_564' title='bbox 1607 2762 1815 2798; x_wconf 82' lang='lat' dir='ltr'><strong>committere</strong></span> <span class='ocrx_word' id='word_1_565' title='bbox 1834 2760 1976 2796; x_wconf 79' lang='lat' dir='ltr'><strong>numine</strong></span> <span class='ocrx_word' id='word_1_566' title='bbox 1991 2761 2166 2807; x_wconf 81' lang='lat' dir='ltr'><strong>pugnam,</strong></span> 
     </span>
     <span class='ocr_line' id='line_1_90' title="bbox 1274 2810 1961 2860; baseline -0.003 -13"><span class='ocrx_word' id='word_1_567' title='bbox 1274 2811 1341 2860; x_wconf 84' lang='lat' dir='ltr'><strong>Ipse</strong></span> <span class='ocrx_word' id='word_1_568' title='bbox 1363 2824 1455 2848; x_wconf 88' lang='lat' dir='ltr'><strong>meae</strong></span> <span class='ocrx_word' id='word_1_569' title='bbox 1475 2812 1572 2848; x_wconf 82' lang='lat' dir='ltr'><strong>movi</strong></span> <span class='ocrx_word' id='word_1_570' title='bbox 1589 2811 1736 2848; x_wconf 85' lang='lat' dir='ltr'><strong>callidus</strong></span> <span class='ocrx_word' id='word_1_571' title='bbox 1751 2810 1840 2847; x_wconf 83' lang='lat' dir='ltr'><strong>artis</strong></span> <span class='ocrx_word' id='word_1_572' title='bbox 1860 2820 1961 2856; x_wconf 66' lang='lat' dir='ltr'><strong>opem.</strong></span> 
     </span>
     <span class='ocr_line' id='line_1_91' title="bbox 1222 2854 2158 2911; baseline -0.007 -12"><span class='ocrx_word' id='word_1_573' title='bbox 1222 2867 1361 2909; x_wconf 83' lang='lat' dir='ltr'><strong>Oraque</strong></span> <span class='ocrx_word' id='word_1_574' title='bbox 1376 2890 1386 2906; x_wconf 87' lang='lat'>‚</span> <span class='ocrx_word' id='word_1_575' title='bbox 1415 2875 1484 2911; x_wconf 82' lang='lat' dir='ltr'><strong>qua</strong></span> <span class='ocrx_word' id='word_1_576' title='bbox 1501 2862 1628 2910; x_wconf 87' lang='lat' dir='ltr'><strong>pollens</strong></span> <span class='ocrx_word' id='word_1_577' title='bbox 1650 2871 1704 2909; x_wconf 79' lang='lat' dir='ltr'><strong>ope</strong></span> <span class='ocrx_word' id='word_1_578' title='bbox 1724 2864 1801 2903; x_wconf 80' lang='lat' dir='ltr'><strong>sum</strong></span> <span class='ocrx_word' id='word_1_579' title='bbox 1815 2888 1825 2904; x_wconf 91' lang='lat'><strong>,</strong></span> <span class='ocrx_word' id='word_1_580' title='bbox 1845 2862 2000 2905; x_wconf 85' lang='lat' dir='ltr'><strong>fontana</strong></span> <span class='ocrx_word' id='word_1_581' title='bbox 2021 2854 2158 2904; x_wconf 72' lang='lat' dir='ltr'><strong>reclusi,</strong></span> 
     </span>
     <span class='ocr_line' id='line_1_92' title="bbox 1271 2911 2054 2964; baseline -0.008 -16"><span class='ocrx_word' id='word_1_582' title='bbox 1271 2919 1419 2962; x_wconf 75' lang='lat' dir='ltr'><strong>Sumque</strong></span> <span class='ocrx_word' id='word_1_583' title='bbox 1440 2913 1631 2962; x_wconf 84' lang='lat' dir='ltr'><strong>repentinas</strong></span> <span class='ocrx_word' id='word_1_584' title='bbox 1647 2911 1838 2959; x_wconf 86' lang='lat' dir='ltr'><strong>ejaculatus</strong></span> <span class='ocrx_word' id='word_1_585' title='bbox 1859 2922 1977 2957; x_wconf 82' lang='lat' dir='ltr'><strong>aquas.</strong></span> <span class='ocrx_word' id='word_1_586' title='bbox 2048 2957 2054 2964; x_wconf 40' lang='grc' dir='ltr'>Ι</span> 
     </span>
     <span class='ocr_line' id='line_1_93' title="bbox 1222 2959 2084 3011; baseline -0.01 -12"><span class='ocrx_word' id='word_1_587' title='bbox 1222 2963 1321 3000; x_wconf 66' lang='lat' dir='ltr'><strong>Ante</strong></span> <span class='ocrx_word' id='word_1_588' title='bbox 1339 2973 1459 2999; x_wconf 78' lang='lat' dir='ltr'><strong>tamen</strong></span> <span class='ocrx_word' id='word_1_589' title='bbox 1479 2962 1630 2999; x_wconf 80' lang='lat' dir='ltr'><strong>madidis</strong></span> <span class='ocrx_word' id='word_1_590' title='bbox 1641 2962 1771 3010; x_wconf 73' lang='lat' dir='ltr'><strong>subjeci</strong></span> <span class='ocrx_word' id='word_1_591' title='bbox 1786 2959 1954 3005; x_wconf 73' lang='lat' dir='ltr'><strong>sulphura</strong></span> <span class='ocrx_word' id='word_1_592' title='bbox 1975 2968 2084 3011; x_wconf 61' lang='lat' dir='ltr'><strong>penis.</strong></span> 
     </span>
     <span class='ocr_line' id='line_1_94' title="bbox 1273 3006 2055 3056; baseline -0.013 -6"><span class='ocrx_word' id='word_1_593' title='bbox 1273 3013 1458 3050; x_wconf 80' lang='lat' dir='ltr'><strong>Clauderet</strong></span> <span class='ocrx_word' id='word_1_594' title='bbox 1478 3023 1519 3049; x_wconf 81' lang='lat' dir='ltr'><strong>ut</strong></span> <span class='ocrx_word' id='word_1_595' title='bbox 1540 3013 1637 3049; x_wconf 84' lang='lat' dir='ltr'><strong>Tatio</strong></span> <span class='ocrx_word' id='word_1_596' title='bbox 1650 3009 1813 3056; x_wconf 83' lang='lat' dir='ltr'><strong>fervidus</strong></span> <span class='ocrx_word' id='word_1_597' title='bbox 1836 3006 1958 3041; x_wconf 78' lang='lat' dir='ltr'><strong>humor</strong></span> <span class='ocrx_word' id='word_1_598' title='bbox 1979 3016 2055 3042; x_wconf 77' lang='lat' dir='ltr'><strong>iter.</strong></span> 
     </span>
     <span class='ocr_line' id='line_1_95' title="bbox 1171 3056 2207 3112; baseline -0.012 -10"><span class='ocrx_word' id='word_1_599' title='bbox 1171 3063 1289 3112; x_wconf 72' lang='lat' dir='ltr'><strong>Quod</strong></span> <span class='ocrx_word' id='word_1_600' title='bbox 1317 3072 1440 3100; x_wconf 85' lang='lat' dir='ltr'><strong>autem</strong></span> <span class='ocrx_word' id='word_1_601' title='bbox 1471 3063 1534 3099; x_wconf 70' lang='lat' dir='ltr'><strong>hic</strong></span> <span class='ocrx_word' id='word_1_602' title='bbox 1564 3062 1609 3097; x_wconf 89' lang='lat' dir='ltr'><strong>de</strong></span> <span class='ocrx_word' id='word_1_603' title='bbox 1641 3060 1788 3094; x_wconf 83' lang='lat' dir='ltr'><strong>Venere</strong></span> <span class='ocrx_word' id='word_1_604' title='bbox 1810 3058 1979 3093; x_wconf 86' lang='lat' dir='ltr'><strong>meminit</strong></span> <span class='ocrx_word' id='word_1_605' title='bbox 2001 3056 2140 3098; x_wconf 79' lang='lat' dir='ltr'><strong>Po‘e&#39;ta,</strong></span> <span class='ocrx_word' id='word_1_606' title='bbox 2168 3056 2207 3094; x_wconf 65' lang='grc' dir='ltr'><strong>ὃς</strong></span> 
     </span>
     <span class='ocr_line' id='line_1_96' title="bbox 1170 3104 2207 3163; baseline -0.008 -13"><span class='ocrx_word' id='word_1_607' title='bbox 1170 3114 1274 3163; x_wconf 72' lang='lat' dir='ltr'><strong>quod</strong></span> <span class='ocrx_word' id='word_1_608' title='bbox 1299 3114 1375 3161; x_wconf 89' lang='lat' dir='ltr'><strong>ejus</strong></span> <span class='ocrx_word' id='word_1_609' title='bbox 1397 3111 1548 3148; x_wconf 79' lang='lat' dir='ltr'><strong>confilio</strong></span> <span class='ocrx_word' id='word_1_610' title='bbox 1570 3108 1689 3144; x_wconf 83' lang='lat' dir='ltr'><strong>Sabini</strong></span> <span class='ocrx_word' id='word_1_611' title='bbox 1702 3109 1830 3144; x_wconf 87' lang='lat' dir='ltr'><strong>retenti</strong></span> <span class='ocrx_word' id='word_1_612' title='bbox 1847 3108 1991 3144; x_wconf 84' lang='lat' dir='ltr'><strong>fuerunt</strong></span> <span class='ocrx_word' id='word_1_613' title='bbox 2006 3133 2015 3149; x_wconf 95' lang='lat'>‚</span> <span class='ocrx_word' id='word_1_614' title='bbox 2043 3106 2073 3141; x_wconf 84' lang='lat' dir='ltr'><strong>ei</strong></span> <span class='ocrx_word' id='word_1_615' title='bbox 2087 3104 2207 3142; x_wconf 66' lang='lat' dir='ltr'><strong>fistio-</strong></span> 
     </span>
     <span class='ocr_line' id='line_1_97' title="bbox 1169 3155 2209 3206; baseline -0.007 -5"><span class='ocrx_word' id='word_1_616' title='bbox 1169 3167 1206 3202; x_wconf 90' lang='lat' dir='ltr'><strong>ni</strong></span> <span class='ocrx_word' id='word_1_617' title='bbox 1232 3162 1382 3201; x_wconf 72' lang='lat' dir='ltr'><strong>cauffam</strong></span> <span class='ocrx_word' id='word_1_618' title='bbox 1407 3158 1540 3196; x_wconf 83' lang='lat' dir='ltr'><strong>dediffe</strong></span> <span class='ocrx_word' id='word_1_619' title='bbox 1559 3157 1703 3195; x_wconf 77' lang='lat' dir='ltr'><strong>videtur</strong></span> <span class='ocrx_word' id='word_1_620' title='bbox 1717 3186 1725 3200; x_wconf 87' lang='lat'><strong>‚</strong></span> <span class='ocrx_word' id='word_1_621' title='bbox 1753 3157 1855 3206; x_wconf 78' lang='lat' dir='ltr'><strong>quod</strong></span> <span class='ocrx_word' id='word_1_622' title='bbox 1876 3156 2007 3193; x_wconf 88' lang='lat' dir='ltr'><strong>eodem</strong></span> <span class='ocrx_word' id='word_1_623' title='bbox 2030 3155 2114 3192; x_wconf 91' lang='lat' dir='ltr'><strong>loco</strong></span> <span class='ocrx_word' id='word_1_624' title='bbox 2128 3157 2209 3194; x_wconf 70' lang='lat' dir='ltr'><strong>Rc=‘</strong></span> 
     </span>
     <span class='ocr_line' id='line_1_98' title="bbox 1172 3205 2208 3256; baseline -0.007 -6"><span class='ocrx_word' id='word_1_625' title='bbox 1172 3225 1277 3253; x_wconf 87' lang='lat' dir='ltr'><strong>mae,</strong></span> <span class='ocrx_word' id='word_1_626' title='bbox 1306 3210 1366 3247; x_wconf 92' lang='lat' dir='ltr'><strong>ubi</strong></span> <span class='ocrx_word' id='word_1_627' title='bbox 1400 3220 1520 3256; x_wconf 83' lang='lat' dir='ltr'><strong>pugna</strong></span> <span class='ocrx_word' id='word_1_628' title='bbox 1548 3209 1639 3245; x_wconf 90' lang='lat' dir='ltr'><strong>haec</strong></span> <span class='ocrx_word' id='word_1_629' title='bbox 1660 3206 1848 3245; x_wconf 76' lang='lat' dir='ltr'><strong>commissa</strong></span> <span class='ocrx_word' id='word_1_630' title='bbox 1870 3208 1960 3249; x_wconf 88' lang='lat' dir='ltr'><strong>fuit,</strong></span> <span class='ocrx_word' id='word_1_631' title='bbox 1989 3205 2108 3253; x_wconf 85' lang='lat' dir='ltr'><strong>postea</strong></span> <span class='ocrx_word' id='word_1_632' title='bbox 2130 3206 2208 3243; x_wconf 73' lang='lat' dir='ltr'><strong>Vc-</strong></span> 
     </span>
     <span class='ocr_line' id='line_1_99' title="bbox 1170 3256 2208 3305; baseline -0.006 -5"><span class='ocrx_word' id='word_1_633' title='bbox 1170 3263 1264 3301; x_wconf 84' lang='lat' dir='ltr'><strong>neris</strong></span> <span class='ocrx_word' id='word_1_634' title='bbox 1295 3258 1486 3296; x_wconf 84' lang='lat' dir='ltr'><strong>Cluacinae</strong></span> <span class='ocrx_word' id='word_1_635' title='bbox 1516 3257 1771 3295; x_wconf 73' lang='lat' dir='ltr'><strong>simulachrum</strong></span> <span class='ocrx_word' id='word_1_636' title='bbox 1801 3257 1958 3294; x_wconf 86' lang='lat' dir='ltr'><strong>dicatum</strong></span> <span class='ocrx_word' id='word_1_637' title='bbox 1989 3256 2079 3300; x_wconf 77' lang='lat' dir='ltr'><strong>fuit,</strong></span> <span class='ocrx_word' id='word_1_638' title='bbox 2112 3268 2208 3305; x_wconf 87' lang='lat' dir='ltr'><strong>quae</strong></span> 
     </span>
     <span class='ocr_line' id='line_1_100' title="bbox 1169 3305 2208 3360; baseline -0.009 -8"><span class='ocrx_word' id='word_1_639' title='bbox 1169 3317 1463 3360; x_wconf 83' lang='lat' dir='ltr'><strong>cognomentum</strong></span> <span class='ocrx_word' id='word_1_640' title='bbox 1483 3310 1556 3346; x_wconf 88' lang='lat' dir='ltr'><strong>hoc</strong></span> <span class='ocrx_word' id='word_1_641' title='bbox 1577 3307 1597 3346; x_wconf 74' lang='lat' dir='ltr'><strong>a</strong></span> <span class='ocrx_word' id='word_1_642' title='bbox 1617 3307 1794 3355; x_wconf 81' lang='lat' dir='ltr'><strong>cluendo,</strong></span> <span class='ocrx_word' id='word_1_643' title='bbox 1820 3307 1894 3348; x_wconf 83' lang='lat' dir='ltr'><strong>hoc</strong></span> <span class='ocrx_word' id='word_1_644' title='bbox 1911 3305 1959 3346; x_wconf 87' lang='lat' dir='ltr'><strong>est</strong></span> <span class='ocrx_word' id='word_1_645' title='bbox 1986 3306 2208 3356; x_wconf 82' lang='lat' dir='ltr'><strong>pugnando,</strong></span> 
     </span>
     <span class='ocr_line' id='line_1_101' title="bbox 1375 3358 2211 3401; baseline -0.002 -4"><span class='ocrx_word' id='word_1_646' title='bbox 1375 3358 1521 3398; x_wconf 83' lang='lat' dir='ltr'><strong>Llllll</strong></span> <span class='ocrx_word' id='word_1_647' title='bbox 2106 3367 2211 3401; x_wconf 55' lang='grc' dir='ltr'><strong>ποετ</strong></span> 
     </span>
    </p>
   </div>
  </div>
 </body>
</html>
