2483 3616
305 147 1545 218 METAMORPHOSEON
1616 151 1924 214 L1B.1V.

338 252 661 312 Adsolitum
686 248 868 298 co'i'ere
895 243 1092 296 locum.

2076 176 2175 230 247

1132 254 1248 296 (Um
1272 258 1546 297 mUI‘I‘ssUl‘C
1570 260 1741 316 parVO‘

340 327 512 383 Multa
540 319 682 393 prius
707 315 907 389 questi,
944 313 1201 379 statuunt,
1238 327 1298 369 ut
1325 315 1484 369 nobie
1509 315 1679 371 filenti

233 403 294 468 85
333 399 530 454 Fallere
553 390 827 452 custodes,
862 387 1174 461 foribusque
1201 388 1466 442 excedere
1497 401 1730 451 tentent3

335 471 584 540 Cumque
610 463 779 518 domo
804 461 1060 524 exierint,
1096 460 1238 515 urbis
1262 479 1482 534 quoque
1503 461 1720 518 claustra
1743 463 2068 537 relinquant:

335 543 487 597 Neve
514 537 574 592 sit
600 534 883 591 errandum
909 534 1016 587 lato
1041 533 1376 604 spatiantibus
1401 552 1558 598 arm,

335 611 673 669 Conveniam
698 607 764 662 ad
791 605 935 660 busta
959 606 1110 660 Nini:
1148 606 1452 680 lateantque
1479 607 1571 662 sub
1599 608 1788 665 umbra

333 685 574 741 Arboris,
614 681 770 736 arbor
795 679 896 743 ibi,
935 679 1100 733 niveis
1126 678 1394 734 uberrima
1417 681 1617 752 pomiS‚

227 779 294 833 90
333 760 518 814 Ardua
545 772 754 817 morUS,
793 764 931 814 erat,
970 752 1151 823 gelido
1179 753 1512 807 contermina
1536 753 1691 809 fonti.

334 831 489 887 Paete
515 831 750 901 placent:
794 825 849 878 δε
874 825 992 887 lux,
1033 824 1184 879 tarde
1210 824 1476 880 decedere
1500 826 1634 890 visa,

331 903 722 974 Praecipitatur
749 897 921 970 aquiS,
958 900 1014 949 ὅε
1050 897 1197 968 aquis
1222 915 1333 951 nox
1357 898 1521 969 surgit
1544 897 1607 952 ab
1636 898 1825 955 isdem.

331 976 540 1031 Callida
563 991 658 1045 per
684 970 953 1030 tenebras,
991 970 1199 1023 versato
1228 969 1473 1033 cardine,
1511 969 1721 1025 Thisbe

332 1049 626 1121 Egreditur
639 1084 654 1110 ,
691 1042 927 1113 fallitque
952 1040 1096 1097 suos:

40 1244 245 1281 statuerunt
279 1240 370 1276 noste
392 1235 547 1286 sequenti
569 1234 680 1271 etiam
713 1242 806 1269 unus
829 1228 1015 1267 Gronovii
1034 1228 1073 1266 ὃς

41 1302 112 1332 tres
132 1293 200 1330 alii.
214 1290 280 1341 sub
300 1290 390 1326 none
401 1286 520 1336 filenti
540 1285 651 1322 etiam
673 1282 762 1320 dixit
784 1282 870 1319 Stat.
892 1293 926 1317 x.
949 1279 1073 1317 Theb.

43 1356 124 1393 197.
149 1344 186 1380 in
207 1343 298 1379 noete
318 1338 465 1388 quidam
482 1336 599 1384 scripti
622 1336 660 1372 ὃς
681 1333 766 1370 edit.
784 1333 822 1369 in
844 1343 920 1368 uno
942 1330 1074 1368 Thua-

39 1395 78 1432 ni
99 1402 193 1438 erat,
219 1392 308 1429 exire
329 1398 507 1425 retentent.
532 1394 571 1422 ut
601 1384 641 1422 fit
673 1382 860 1421 Ovidiana
894 1393 984 1419 mox
1016 1392 1074 1417 re-

39 1445 166 1494 petitio
186 1443 223 1480 in
245 1440 400 1479 exierint.
426 1437 485 1475 vel
505 1438 600 1475 forte
618 1433 818 1483 legendum
844 1461 855 1477 ‚
871 1431 1073 1487 foribusque

40 1495 129 1532 exire
145 1492 309 1543 paternis.
348 1500 488 1527 tentant
502 1517 512 1534 ,
539 1487 697 1524 exierant
709 1484 936 1534 ,relinquunt
958 1490 1070 1520 etiam

42 1545 145 1584 multi
165 1542 320 1581 codices.
349 1540 563 1578 BURMANN.

91 1593 151 1632 86.
175 1593 270 1630 Urbis
291 1605 419 1643 quoque
441 1593 527 1627 ἰθεῖα
550 1585 793 1638 νεῖἱηῑμιαηῖ.]
836 1584 999 1633 Claustra
1028 1595 1072 1622 u·

40 1657 106 1685 nus
125 1641 372 1683 Bononiensis,
397 1642 471 1679 hoc
492 1640 540 1678 est
561 1648 693 1688 portas.
720 1638 815 1675 Met.
835 1647 926 1673 vm.
946 1646 1007 1682 70.

91 1695 312 1744 Claustraque
326 1703 507 1742 portarum
524 1690 656 1740 genitor
677 1698 779 1726 tenet.

39 1746 97 1785 Sic
119 1746 292 1783 Lucretio
311 1744 370 1781 lib.
393 1757 420 1781 1.
443 1755 503 1788 72.
531 1752 678 1778 naturae
693 1749 876 1789 portarum
899 1736 1073 1785 claustra,

1139 1040 1504 1116 adopertaque
1528 1043 1737 1098 vultum
2039 1117 2082 1174 P

2086 1137 2171 1176 ere

1180 1230 1295 1279 Etfhl
1314 1230 1489 1280 crescentes
1512 1230 1669 1267 decedens
1690 1229 1845 1280 duplicat
1863 1232 2017 1274 umbras.

1127 1280 1204 1319 Ecl.
1227 1292 1318 1319 vn1.
1342 1294 1394 1327 14.

1178 1331 1321 1380 Frigida
1342 1333 1409 1369 vix
1429 1331 1512 1369 coelo
1535 1331 1640 1368 noblis
1663 1330 1838 1381 decesserat
1859 1333 1999 1372 umbra.

1128 1393 1155 1418 1.
1179 1382 1321 1422 Georo.
1343 1394 1427 1420 222.

1178 1411 1379 1484 Gnossiizque
1399 1434 1556 1471 ardentis
1577 1433 1710 1471 decedet
1721 1433 1823 1482 stella
1845 1447 1995 1474 coronae.

1125 1494 1179 1522 1v.
1202 1484 1288 1530 466.

1178 1539 1222 1571 Te
1243 1535 1401 1573 veniente
1423 1536 1475 1573 die
1489 1564 1499 1581 ,
1528 1545 1560 1572 te
1583 1537 1758 1574 decedente
1777 1537 1933 1574 canebat.

1126 1584 1170 1622 In
1193 1586 1322 1634 quibus
1344 1587 1516 1625 omnibus
1546 1586 1682 1623 eodem
1707 1587 1824 1625 modo
1845 1587 1984 1624 variant
2007 1588 2171 1635 codices}

1127 1644 1168 1673 ut
1196 1637 1272 1674 fere
1299 1637 1442 1685 semper
1462 1638 1499 1674 in
1531 1637 1584 1674 his
1616 1637 1732 1674 verbis
1756 1665 1766 1683 ,
1791 1638 1952 1686 discedere
1973 1639 2011 1675 &
2033 1640 2174 1676 decede-r

1127 1700 1172 1723 re.
1201 1688 1240 1724 ὃς
1265 1688 1315 1724 ita
1337 1688 1434 1736 apud
1456 1686 1609 1735 Quinst.
1634 1687 1741 1726 Decl.
1774 1699 2029 1726 ccctxxxvux.
2051 1691 2171 1738 conji=

1127 1737 1313 1775 ciebamus
1328 1766 1338 1783 ,
1365 1738 1525 1775 horridus
1547 1751 1627 1774 vero
1645 1766 1656 1783 ,
1683 1739 1858 1776 decedente
1887 1739 1940 1775 die
1954 1767 1965 1784 ‚
1990 1741 2172 1777 undarum

41 1797 79 1835 ὃς
98 1796 183 1834 vers.
202 1795 284 1843 416.
315 1796 408 1832 vitai
430 1791 588 1840 claustra.
613 1791 752 1829 Statius.
784 1788 908 1827 Theb.
930 1801 964 1826 x.
985 1788 1070 1836 649.
1116 1790 1255 1837 fragor.
1284 1789 1368 1826 vide
1387 1788 1535 1838 egregie
1556 1788 1718 1826 Broukh.
1749 1789 1794 1826 ad
1816 1789 1980 1838 Propert.
2002 1802 2048 1828 11.
2069 1790 2174 1838 Eleg.

213 1847 378 1883 Nondum
400 1845 452 1881 illi
474 1842 670 1881 Thebarum
693 1839 839 1888 claustra
853 1838 1035 1889 subibant.

37 1897 215 1946 Juvenalis
237 1897 306 1935 Sat.
326 1908 419 1933 vm.
440 1895 525 1932 261.

88 1949 230 1986 Prodita
252 1947 423 1984 laxarant
437 1956 622 1996 portarum
646 1942 793 1992 claustra
815 1942 989 1992 tyrannis.

35 1998 119 2045 ‚Vat
141 1998 287 2036 Flaccus
306 1997 366 2035 lib.
391 2009 455 2034 111.
477 2009 534 2046 52.

523 2048 768 2096 Nociurnaque
786 2043 895 2082 muris

91 2098 252 2146 Claustra
283 2099 425 2136 cadunt.

37 2147 252 2188 Prudentius
270 2149 435 2186 Paffione
453 2147 637 2186 Eulaliae:

216 2201 320 2236 Noae
332 2201 422 2246 fores
436 2197 510 2248 fine
530 2198 604 2247 teste
625 2206 742 2235 movet
755 2224 767 2241 ,

217 2255 376 2299 Septaque
396 2249 539 2296 claustra
551 2250 667 2298 fugax
688 2247 808 2297 aperit.

39 2300 122 2339 Nec
142 2311 232 2337 vero
254 2299 412 2336 absimile
442 2299 626 2337 Nasonem
657 2295 824 2346 scripfifl‘e
854 2296 948 2334 urbis
961 2295 1071 2346 septa.

37 2350 235 2400 quomodo
250 2359 432 2399 portarum
447 2349 520 2398 sepe
539 2349 577 2386 T
581 2348 648 2385 rist.
675 2360 728 2385 xv.
760 2348 861 2396 Eleg.
888 2360 915 2385 1.
936 2346 986 2384 vs.
1009 2347 1068 2384 81.

38 2413 82 2438 ex
105 2400 258 2449 antiquis
277 2399 473 2437 codicibus.
500 2398 595 2447 septa
616 2398 794 2434 domorum
821 2398 997 2435 Lucretio
1018 2397 1069 2434 bis

36 2458 137 2489 terve
156 2478 166 2494 ,
204 2451 243 2487 &
265 2450 433 2499 Virgilio.
470 2449 660 2498 conseptum
689 2449 808 2484 domus
849 2446 1069 2496 ampliffi'mae

35 2501 179 2550 Apulej.
202 2501 297 2537 Met.
318 2512 407 2536 vm.
430 2511 474 2539 ω·
501 2499 688 2548 conseptum
709 2496 826 2546 templi
851 2497 911 2533 lib.
943 2509 998 2533 xx.
1030 2498 1070 2534 &

35 2553 221 2600 conseptum
245 2564 366 2587 caveae
386 2549 445 2587 lib.
464 2562 499 2586 x.
530 2550 667 2586 Hmus.
697 2548 777 2585 Nos
799 2546 944 2593 claustra
966 2557 1067 2583 rece-

34 2601 172 2649 pimus:
201 2600 387 2638 manifeste
419 2601 520 2637 enim
541 2599 587 2636 de
607 2598 718 2647 portis
741 2597 833 2634 urbis
855 2596 983 2645 agitur.
1017 2596 1067 2634 ita

35 2651 208 2699 Qujnffil.
230 2651 334 2688 Decl.
356 2663 389 2687 x.
412 2650 446 2687 8.
473 2660 513 2687 ut
524 2649 637 2698 solent
656 2648 790 2684 bellicae
820 2647 921 2684 robur
943 2646 1067 2696 accipe-

35 2715 70 2738 re
83 2711 202 2751 portae
232 2730 243 2746 ‚
285 2702 392 2751 ipsam
423 2700 586 2738 umbram
609 2699 691 2750 jam
721 2699 848 2735 catenis
879 2696 1032 2747 adligare
1054 2725 1066 2743 ,

26 2752 104 2799 jam
126 2751 285 2799 claustris.
314 2752 440 2790 BURM.

88 2801 147 2847 89.
172 2801 348 2838 Uberrima
362 2801 510 2851 pomis.]
540 2800 768 2838 Celeberrima
798 2798 886 2837 liber
917 2797 1064 2848 scriptus

34 2849 242 2889 Bersmanni
266 2880 275 2893 ,
313 2863 358 2888 ex
383 2852 508 2889 nostris
538 2852 662 2888 tertius
693 2850 952 2887 Gronovianus
975 2878 985 2895 ‚
1025 2852 1065 2889 8<

34 2899 337 2939 Zulichemianus.
362 2902 485 2944 tertius
504 2901 697 2939 Mediceus
718 2929 729 2945 ,
763 2900 975 2938 creberrima.
1014 2900 1063 2939 fic

38 2949 76 2985 in
98 2950 294 2988 Amoribus
315 2951 543 2988 celeberrimus
564 2952 636 2988 ilice
657 2951 762 2988 lucus.
788 2951 979 2988 uberrimus
1007 2959 1062 2989 ta-

40 3010 127 3035 men
149 2999 195 3036 ad
217 3001 434 3038 fertilitatem
457 3003 618 3039 refertur.
645 3002 730 3039 hinc
761 3001 933 3038 hominem
963 3001 1064 3039 uber-

40 3049 170 3086 rimum
191 3049 293 3087 nitidi
312 3052 521 3100 corporis&
541 3052 725 3089 habitioris
745 3052 834 3088 dixit
854 3052 1062 3091 Gelliuslib.
1118 3062 1122 3066 ·

39 3109 93 3135 xv.
108 3109 137 3134 c.
150 3097 212 3135 ult.
238 3100 377 3140 HEms.
388 3101 488 3139 Vide
500 3101 590 3149 supr.
602 3101 649 3139 ad
670 3114 714 3138 11.
724 3114 764 3138 21
774 3102 811 3139 8.
824 3102 861 3138 &
871 3101 1064 3142 h.1.vs..16.

90 3160 150 3196 91.
177 3148 385 3199 Discedere]
414 3151 713 3199 Cantabrigienfis
734 3153 771 3189 &
797 3153 921 3189 tertius
940 3153 1065 3190 Medi-

40 3209 124 3235 ceus
138 3226 148 3242 ‚
175 3198 346 3242 decedere,
372 3202 472 3247 quod
492 3213 623 3238 verum
645 3209 837 3249 putamus:
864 3201 1008 3243 decedit
1031 3215 1071 3243 e-

38 3249 117 3288 nim
138 3247 256 3288 coelo.
283 3248 335 3287 ita
352 3249 454 3298 virg.
484 3252 560 3292 Ecl.
583 3263 629 3292 11.
654 3251 714 3299 67.
994 3254 1001 3255 ’
1065 3247 1070 3251 ’

1128 1851 1214 1877 xxv,
1240 1851 1298 1877 11.
1335 1839 1397 1877 ubi
1429 1839 1659 1888 desumptam
1689 1839 1920 1877 locutionem
1951 1852 1971 1877 a
2002 1840 2173 1889 praesidi-

1128 1889 1192 1927 bus
1212 1890 1486 1939 provinciarum
1520 1889 1644 1928 docet.
1672 1901 1900 1940 quamquam
1934 1890 1973 1929 δε
2009 1890 2055 1928 de
2078 1891 2176 1929 mili-

1128 1940 1222 1978 tibus
1252 1942 1290 1979 in
1316 1941 1471 1979 statione
1491 1940 1615 1990 pofitis
1645 1939 1763 1990 posset
1790 1941 1885 1979 sumi
1911 1969 1922 1986 ‚
1948 1942 2034 1991 quia
2067 1942 2176 1980 dece-

1129 1991 1242 2029 dente
1273 1992 1333 2030 die
1353 1991 1462 2041 surgit
1481 2003 1558 2029 nox
1573 2019 1584 2036 ,
1611 1991 1650 2028 in
1675 1991 1768 2028 lucis
1787 1992 1908 2029 vicem
1930 1992 2075 2029 stationi
2095 1992 2174 2030 suc-

1131 2041 1286 2086 cedens,
1302 2055 1379 2093 quo
1402 2042 1535 2080 Noster
1557 2041 1694 2078 adludit
1720 2042 1902 2090 eleganter
1922 2042 1983 2079 lib.
2010 2054 2064 2079 11.
2095 2055 2175 2091 115.

1131 2093 1177 2131 de
1201 2093 1379 2132 Lucifero
1409 2104 1519 2143 agens
1542 2120 1553 2138 ‚
1583 2091 1675 2130 Coeli
1687 2091 1836 2140 statione
1857 2091 2059 2141 noviffimus
2086 2094 2171 2131 exit.

1130 2143 1399 2183 BuRMANNus.

1179 2208 1241 2244 92.
1268 2201 1317 2232 Et
1336 2195 1437 2246 aquis
1470 2206 1539 2231 nox
1560 2192 1677 2243 surgit
1697 2192 1740 2230 ab
1761 2192 1921 2242 iisdem]
1962 2193 2005 2230 In
2029 2192 2171 2230 duobus

1125 2246 1242 2291 meis,
1271 2247 1310 2284 δε
1335 2247 1478 2295 aliquot
1500 2244 1574 2281 aliis
1596 2272 1606 2288 ‚
1642 2244 1723 2281 exit.
1746 2244 1806 2281 lib.
1837 2244 2011 2292 Joannis,
2038 2243 2138 2281 Statii
2162 2270 2177 2287 ,1

1124 2296 1249 2335 Ursini
1272 2325 1283 2342 ‚
1319 2296 1470 2334 Abbatis
1493 2296 1532 2333 δε
1554 2294 1642 2331 alter
1673 2294 1823 2332 caelest.
1854 2294 2075 2342 superiorem
2108 2293 2173 2330 ha<

1123 2345 1211 2384 bent
1239 2347 1454 2386 leciionem.
1493 2346 1665 2383 Omnino
1684 2344 1923 2393 probabilius?
1960 2344 2173 2393 Praecipuan

1123 2406 1184 2434 tur
1209 2398 1247 2435 &
1259 2398 1401 2448 surgit,
1429 2396 1616 2434 antitheta.
1644 2395 1813 2431 emme».
1848 2400 1928 2430 Nox
1940 2394 2056 2443 surgit
2078 2392 2178 2439 mul}

1123 2448 1150 2484 ti
1183 2455 1338 2486 Veteres.
1368 2448 1419 2485 ita
1440 2447 1505 2484 inf.
1529 2457 1610 2494 197.
1653 2445 1758 2481 Modo
1774 2444 1890 2495 surgis
1917 2448 1985 2496 Eoo

1177 2499 1368 2549 Temperius
1388 2496 1488 2536 coelo·

1124 2545 1173 2583 Et
1198 2559 1256 2586 11.
1279 2547 1369 2585 Fast.
1393 2559 1476 2596 500.
1496 2555 1540 2582 ex
1562 2544 1645 2583 MS.

1175 2614 1343 2658 Lunaque
1356 2606 1534 2655 surgebat.
1560 2607 1701 2644 HExNS.

1122 2656 1194 2697 Sed
1214 2668 1415 2708 utrumque
1438 2656 1591 2694 redum.
1618 2657 1707 2694 Fast.
1729 2668 1790 2695 vr.
1814 2657 1901 2705 4742

1171 2728 1220 2759 Et
1240 2720 1329 2770 vigil
1361 2719 1440 2757 Eois
1464 2720 1601 2766 Lucifer
1621 2719 1694 2756 exit
1715 2721 1825 2770 aquis.

1120 2784 1169 2822 Et
1196 2797 1250 2822 11.
1270 2785 1381 2823 Pont.
1408 2794 1444 2821 v.
1473 2796 1531 2833 50.

1172 2848 1298 2896 Qalis
1318 2847 1362 2885 ab
1385 2846 1463 2884 Eois
1483 2845 1619 2891 Lucifer
1640 2846 1712 2882 exit
1732 2845 1843 2896 aquis.
1875 2846 1959 2884 BUR
1968 2847 2010 2884 Mi

1172 2917 1233 2955 93.
1260 2905 1443 2956 Callida.]
1473 2906 1521 2944 Et
1541 2907 1601 2943 hic
1624 2906 1776 2942 candida
1799 2913 1875 2943 erat
1908 2906 1946 2943 in
1969 2916 2047 2942 uno
2082 2903 2178 2946 Lei}

1119 2955 1233 2994 denli.
1259 2957 1329 2994 vid.
1357 2957 1414 2994 ad.
1442 2970 1495 2994 11.
1521 2958 1654 2994 Amor.
1680 2970 1718 2993 xx
1735 2969 1814 2994 111.
1839 2968 1898 3005 29.

1168 3020 1229 3055 93.
1258 3007 1413 3045 Cardine
1435 3007 1612 3057 versata]
1644 3008 1769 3045 Infra:

1170 3070 1299 3116 Jamm
1322 3085 1362 3108 ne
1382 3073 1478 3121 verso
1493 3071 1677 3118 stridorem
1701 3069 1840 3107 cardine
1865 3067 2006 3106 reddat..

1122 3131 1180 3172 Sic
1203 3136 1241 3171 δε
1264 3134 1432 3172 Tibullus
1455 3135 1556 3184 Eleg.
1583 3147 1637 3172 11.
1657 3134 1717 3170 lib.
1744 3145 1774 3170 1.

1176 3202 1248 3232 Nec
1261 3197 1396 3243 ficrtim
1417 3195 1510 3245 verfh
1534 3196 1674 3232 cardine
1695 3203 1812 3242 aperta
1834 3192 1934 3237 fimet.
1963 3189 2134 3227 CIOFAwi

1174 3269 1238 3307 94.
1267 3257 1449 3308 Vultum]
1482 3257 1603 3297 Vultus
1625 3266 1718 3295 unus
1742 3251 1942 3292 Leidenfis.
2108 3299 2158 3338 I*

2019 3314 2080 3353 95,
2135 3311 2205 3346 ΨΥ
