2483 3616
242 208 336 261 rgo
701 183 760 241 122
836 182 891 242 Ε)
928 183 986 242 KV
1021 181 1048 238 Ῐ
1081 182 1136 239 Ι)
1173 182 1256 239 Ϊ’Ῑ
1327 182 1382 240 iq
1418 184 1474 240 sti
1512 184 1548 241 S
1585 183 1638 240 ()
1675 185 1732 243 ῘἿ
1765 184 1787 241 Ι
1825 186 1858 242 S

376 288 486 359 ‚48⁴5
523 284 687 345 Mens
711 290 925 362 antiqua
949 300 1132 343 tamen
1153 286 1290 342 facia
1312 302 1535 359 quoque
1561 289 1746 343 mansit
1771 290 1829 345 in
1857 291 1993 358 ursin

529 362 886 436 Adsiduoque
914 361 1032 416 suos
1058 360 1266 433 gemitu
1292 359 1477 414 testata
1504 360 1748 425 dolore3‚

531 437 965 509 Qualescumque
990 452 1176 490 manus
1202 433 1269 489 ad
1297 434 1513 488 coelum
1538 434 1594 488 δε
1619 434 1786 490 sidera
1811 437 1979 492 tollit:

531 510 911 583 ingratumque
932 508 1155 579 jovem,
1195 519 1429 581 nequeat
1453 524 1579 562 cum
1603 507 1815 573 dicere,
1851 509 2040 565 sentit..

531 585 653 649 Ah,
689 586 930 658 quotie3‚
966 582 1075 637 sola
1098 601 1211 638 non
1235 581 1351 636 ausa
1374 580 1649 654 quiescere
1673 581 1823 647 silv-21,

388 676 489 728 490
528 659 676 713 Ante
702 659 958 721 domum,
983 656 1369 730 quondamque
1398 653 1501 708 suis
1528 655 1724 710 erravit
1756 657 1812 711 in
1837 657 1973 728 agris
1990 658 2011 710 1.

533 731 623 786 Α11
650 731 861 804 quoties
883 748 980 802 per
1005 730 1122 784 saxa
1155 745 1351 783 canum
1373 727 1644 782 latratibus
1671 728 1781 784 acta
1808 729 1904 786 est!

534 805 907 874 Venatrixque
931 816 1081 856 metu
1106 813 1401 856 venantum
1423 801 1608 855 territa
1635 800 1798 874 fugit!

533 877 703 948 Saepe
729 875 853 930 feris
875 874 1029 929 latuit
1052 875 1200 940 vifis,
1238 874 1402 928 oblita
1431 873 1564 947 quid
1591 873 1749 938 effet;

530 947 771 1023 Ursaque
796 946 1109 1021 conspectos
1133 949 1190 1004 in
1213 946 1486 1004 montibus
1512 947 1721 1005 horruit
1744 948 1892 1004 ursos
1908 967 1935 1004 :2

2269 1026 2413 1085 Per—-

245 1154 288 1192 ba
311 1182 320 1193 .
349 1151 449 1190 u'nde
470 1149 558 1189 illud
571 1150 746 1202 superflua
768 1150 871 1191 fluxit
886 1180 896 1197 ‚
923 1151 1028 1202 quod
1050 1159 1172 1190 metro
1195 1150 1294 1189 satis·
1346 1152 1388 1189 A
1410 1150 1686 1204 praepositione
1716 1150 1859 1190 differat
1883 1180 1894 1198 ,
1932 1152 2035 1203 quod
2067 1152 2284 1207 plerumque
2317 1168 2402 1197 nonr

240 1202 408 1242 faciebat.
444 1203 601 1253 potentia
634 1215 724 1241 vero
755 1203 866 1240 verba
893 1204 1037 1252 egregie
1071 1203 1186 1248 dixit,
1211 1203 1295 1252 qui-
1348 1202 1455 1241 facile
1488 1203 1700 1253 dignoscere
1728 1202 1850 1241 licebit
1874 1232 1884 1249 ‚
1922 1203 1948 1240 fi
1971 1209 2010 1241 A
2031 1204 2200 1244 scribitur.
2248 1208 2295 1245 Et
2319 1237 2330 1253 ‚
2357 1216 2399 1247 ut

242 1255 307 1293 bus
329 1253 425 1303 apud
446 1254 582 1302 Jovem
606 1255 701 1301 (non
721 1255 913 1302 Junonem
929 1282 937 1296 ,
952 1262 992 1291 ut
1014 1253 1161 1292 videtur
1176 1255 1295 1292 Hein-
1348 1254 1423 1292 hoc
1446 1255 1560 1303 magis
1581 1254 1708 1304 sequar
1729 1265 1771 1291 ac
1791 1255 1946 1303 probem
1962 1284 1972 1300 ‚
1996 1254 2084 1294 facit
2105 1263 2170 1293 Pro
2190 1257 2406 1306 interjectio-

244 1306 284 1344 sn
304 1305 517 1343 emendatio
548 1305 657 1353 velle)
697 1305 818 1342 valere
849 1304 1018 1354 rogando
1052 1303 1171 1354 posset
1194 1319 1204 1343 ε
1245 1306 1296 1342 ita
1350 1305 1585 1350 admirantis,
1613 1316 1708 1355 quae
1731 1313 1838 1343 antea
1858 1305 1985 1343 insulse
2006 1307 2045 1344 δε
2065 1307 2346 1356 imprimebatur
2362 1310 2401 1348 &

245 1369 328 1399 2111·
349 1359 484 1394 Amor.
507 1369 565 1394 x1.
589 1368 647 1406 31.
1351 1357 1662 1405 pronunciabatur
1673 1356 1765 1393 Proh
1788 1368 1875 1394 cum
1887 1356 2178 1406 adspirationein
2191 1358 2401 1398 fine.1-1aec

295 1407 420 1459 Define
438 1407 630 1446 blanditias
651 1418 695 1448 «φ
716 1406 824 1445 verba
838 1407 996 1458 potentia
1019 1408 1200 1460 quondam
1353 1407 1392 1445 in
1406 1407 1563 1457 antiquis
1575 1407 1840 1457 exemplaribus
1851 1408 1978 1458 scripta
1990 1409 2179 1447 invenitur
2190 1417 2256 1447 Pro
2268 1410 2402 1461 absque

350 1460 505 1498 Perdere.
1352 1457 1386 1496 h.
1422 1459 1535 1497 Nunc
1566 1459 1659 1504 hac,
1686 1471 1800 1509 quam
1834 1460 1985 1509 exposui
2008 1489 2019 1505 ,
2045 1460 2221 1498 sententia
2244 1469 2403 1508 mutata„

247 1511 308 1549 ubi
351 1511 497 1560 plurimi
528 1509 674 1549 codices
697 1539 708 1556 ‚
745 1510 855 1547 verba
872 1511 1068 1560 precantia.
1097 1510 1296 1561 potentibus
1352 1522 1436 1547 eam
1467 1510 1599 1560 sequor
1628 1510 1842 1560 scripturam
1868 1539 1878 1556 ‚
1916 1522 2030 1561 quam
2062 1513 2220 1561 reperire
2252 1512 2327 1550 dixi
2361 1513 2403 1551 in

246 1574 338 1600 “vero
359 1562 477 1600 verbis
506 1562 690 1610 eleganter
712 1563 914 1611 opponitur
930 1563 969 1600 in
1002 1563 1071 1601 hac
1102 1574 1201 1599 voce
1224 1575 1295 1598 vox
1352 1561 1455 1610 Virg.
1484 1562 1695 1606 Vaticano;
1724 1562 1857 1608 Probi,
1888 1562 1926 1600 &
1949 1562 2117 1600 Prisciani
2138 1563 2314 1601 adduetus
2336 1575 2403 1602 au-

245 1614 418 1651 dracunda
450 1614 488 1651 &
521 1614 658 1651 minax.
687 1613 822 1652 iterum
845 1622 1044 1663 peccarunt
1071 1613 1205 1652 librarii
1226 1613 1294 1651 inf.
1352 1612 1531 1651 ctoritate.
1569 1613 1707 1651 Probus
1729 1613 1831 1650 enim
1862 1613 1937 1650 hoc
1959 1613 2103 1662 Virgilii
2133 1614 2241 1663 ponit
2273 1626 2404 1652 exem-

247 1664 309 1703 lib.
331 1677 390 1702 xv.
415 1664 499 1714 365.
1347 1664 1474 1713 plum:
1504 1669 1544 1701 A
1566 1664 1664 1714 virgo
1695 1664 1844 1712 infelix:
1871 1676 1948 1714 quo
1981 1665 2100 1703 modo
2124 1666 2236 1702 etiam
2268 1665 2405 1715 perspi-

301 1717 457 1765 Concipit
477 1715 540 1752 illa
555 1724 665 1765 preces
678 1744 690 1762 ,
717 1727 761 1756 09·
780 1716 888 1754 verba
903 1717 1087 1766 precantia
1109 1716 1208 1754 dicit.
1350 1715 1418 1753 cue
1440 1715 1571 1766 legitur
1593 1716 1632 1753 in
1650 1715 1713 1755 lib.
1739 1715 2031 1765 Longobardico
2051 1715 2302 1754 Bibliothecae
2324 1717 2406 1755 Va-

247 1766 308 1803 ubi
342 1767 439 1804 recte
463 1766 633 1804 Heinsius
656 1796 668 1812 ‚
704 1768 812 1805 verba
844 1768 995 1816 venefica
1029 1780 1074 1805 ex
1106 1767 1213 1804 MSS.
1238 1778 1296 1804 re-
1348 1767 1460 1805 tican.
1494 1767 1689 1805 Priscianus
1711 1767 1771 1805 lib.
1794 1779 1855 1805 xv.
1877 1767 1952 1804 hoc
1986 1766 2149 1816 ejusdem
2171 1768 2336 1806 Po'e'tae:
2365 1771 2407 1804 A
2443 1789 2446 1792 ·

250 1817 381 1866 posuit.
403 1817 522 1866 potuit
536 1817 730 1862 &fieri‚ut
751 1830 837 1856 cum
864 1819 938 1858 aliis
960 1819 1050 1857 locis
1071 1818 1170 1856 reete
1190 1818 1297 1856 verba
1343 1816 1439 1868 filice
1461 1818 1500 1856 in
1523 1819 1619 1856 nuda
1642 1819 1792 1856 connixa
1813 1818 1963 1870 reliquit.
1996 1818 2102 1855 Idem
2124 1820 2162 1856 in
2185 1818 2323 1857 eodem
2345 1818 2409 1858 lib.

242 1868 425 1918 precantia
437 1868 771 1912 dixerit,utlib.v1.·
790 1869 1220 1919 164.V11.55o.1x.1<9.
1243 1870 1299 1908 in-
1352 1870 1427 1907 hoc
1450 1870 1548 1908 aliud
1573 1884 1580 1908 :
1620 1875 1660 1906 A
1690 1869 1756 1907 tibi
1787 1884 1827 1907 ne
1859 1880 1992 1907 teneras
2015 1869 2139 1918 glacies
2160 1869 2252 1918 ficet
2284 1869 2406 1920 aspera

248 1917 295 1955 de
315 1919 474 1956 librarius
496 1920 703 1968 repetierit,
726 1921 827 1970 quod
849 1921 984 1958 centies
1017 1922 1055 1959 in
1080 1920 1224 1959 Ovidio
1245 1921 1300 1958 fa-
1346 1921 1504 1972 plantas.
1554 1922 1602 1959 Et
1625 1933 1715 1959 mox
1736 1920 1851 1958 subdit
1872 1922 1986 1958 haec:
2017 1925 2057 1957 A
2078 1934 2210 1971 quoque
2236 1933 2280 1961 ω·
2304 1930 2409 1971 prae-

250 1969 352 2008 6111111
379 1970 459 2018 jam
491 1971 715 2009 notavimus.
746 1983 790 2008 ex
812 1971 948 2010 Nostro
970 1972 1028 2010 illa
1050 1973 1163 2010 etiam
1184 1971 1299 2010 Sedu·
1348 1971 1468 2030 pofitt'o
1501 1972 1544 2021 est
1579 2002 1589 2019 ,
1628 1985 1671 2013 cs*
1701 1973 1887 2022 intersel‘tio
1913 2000 1923 2017 ‚
1959 1983 2002 2011 εν
2034 1985 2168 2009 nomen.
2198 1970 2428 2022 praepostti0‚-

247 2020 315 2059 lius
339 2021 504 2070 expreffit
526 2021 585 2059 lib.
611 2033 689 2060 111.
719 2035 798 2063 107.
1296 2037 1305 2041 ”
1357 2034 1397 2060 ut
1429 2038 1454 2060 a
1467 2023 1608 2073 summo
1640 2025 1689 2060 ad
1719 2025 1843 2061 imum.
1895 2023 2086 2071 interjectio
2111 2050 2122 2067 ,
2161 2032 2201 2058 ut
2221 2031 2409 2072 praemon-

405 2073 470 2109 Vix
493 2072 599 2109 verba
615 2074 794 2122 precantia
805 2073 886 2121 fari
1349 2074 1549 2123 stravimus
1574 2076 1613 2112 in
1641 2074 1806 2112 Bucolicis
1832 2073 1889 2123 esse
1923 2073 2084 2124 pofitmn.
2142 2079 2279 2110 Nomen
2309 2072 2410 2123 ipsius

305 2124 465 2173 singultu
486 2125 663 2174 quatiente
683 2125 792 2163 valet.
1359 2126 1507 2164 litterae.
1559 2125 1702 2163 Verum
1745 2126 1800 2163 his
1832 2124 2042 2162 Diomedes
2071 2125 2272 2173 refragatur
2296 2137 2305 2161 ε
2344 2124 2410 2174 qui

251 2174 301 2213 Et
320 2175 382 2212 lib.
405 2187 440 2211 v.
464 2186 548 2220 217.
1356 2176 1449 2214 libro
1474 2189 1520 2215 11.
1542 2176 1626 2214 Inst.
1649 2178 1892 2214 Grammatic.
1925 2184 1964 2213 ut
1996 2174 2060 2211 Ah
2081 2174 2262 2223 supposita
2292 2174 2409 2223 adspi-

303 2226 386 2263 Jbat
407 2227 553 2263 adorato
568 2235 628 2276 per
659 2226 768 2264 verba
787 2227 965 2277 precantia
989 2227 1135 2277 Christo.
1168 2229 1300 2267 Burin.
1359 2228 1501 2266 ratione
1533 2228 1705 2266 scribatur
1729 2257 1740 2273 ,
1767 2227 1953 2276 praecipit.
1999 2225 2146 2273 Quibus
2169 2226 2289 2263 otium
2323 2225 2373 2263 est
2394 2254 2407 2272 ,
2436 2242 2440 2243 ⁷

302 2277 388 2326 485.
414 2277 582 2328 Antiqua
614 2278 760 2328 manet]
791 2279 828 2316 in
858 2280 1003 2317 vetustis
1036 2281 1302 2329 exemplaribus
1357 2279 1453 2317 hanc
1477 2279 1651 2317 dirimant
1673 2277 1975 2316 controversiam.
2012 2277 2095 2324 Ego
2118 2276 2165 2313 ad
2185 2276 2252 2313 alia
2272 2288 2408 2326 prope-

251 2340 330 2366 11011
354 2338 497 2373 manet,
513 2328 574 2366 sed
596 2338 715 2366 tamen
735 2329 834 2367 redte
854 2329 1027 2379 scriptum
1051 2329 1122 2369 effe
1144 2331 1302 2368 videtur.
1358 2342 1411 2368 ro.
1465 2331 1686 2367 Cmrmws.
1733 2328 1888 2366 Nullum
1910 2328 1986 2365 fere
2017 2327 2093 2365 vidi
2123 2327 2294 2364 codicem
2326 2328 2411 2365 MS.

255 2382 384 2427 Quare
407 2390 527 2416 tamen
545 2380 634 2417 1000
667 2379 758 2418 illius
790 2381 891 2418 verbi
923 2392 1044 2419 manet
1076 2384 1114 2420 &
1146 2393 1214 2419 nos
1246 2394 1303 2418 re·
1357 2382 1395 2418 in
1408 2393 1485 2430 quo
1508 2393 1586 2418 non
1607 2380 1738 2418 librarii
1750 2378 2000 2423 confuderint,
2014 2383 2067 2423 A,
2080 2377 2144 2416 Ah
2167 2379 2205 2416 &
2228 2385 2297 2416 Ha.
2319 2390 2410 2428 qua·

253 2430 439 2478 posuimus
462 2459 473 2476 ‚
509 2437 550 2468 ut
580 2430 629 2468 est
669 2431 707 2469 in
748 2432 903 2481 antiquo
948 2432 1077 2470 codice
1117 2432 1304 2482 scriptum.
1360 2443 1398 2468 re
1419 2433 1457 2468 in
1479 2431 1648 2469 tenuibus
1670 2432 1723 2468 his
1746 2430 2068 2468 observatiunculis
2088 2429 2150 2466 vix
2174 2439 2308 2477 operae
2329 2440 2412 2477 pre-

256 2481 419 2519 Rrorus.
1359 2483 1454 2519 tium
1480 2482 1528 2519 est
1551 2483 1713 2520 haerere.
1739 2481 1841 2519 idem
1874 2489 2002 2518 tamen
2036 2481 2074 2517 &
2106 2479 2193 2517 fecit
2226 2479 2416 2519 Gebhard.

308 2545 391 2579 491.
424 2531 487 2568 Ah
509 2531 675 2583 quoties.]
708 2533 855 2582 Optimi
877 2534 1015 2584 quique
1036 2534 1114 2571 libri
1139 2562 1149 2578 ‚
1176 2534 1306 2583 quibus
1361 2546 1407 2570 11.
1431 2533 1617 2582 Crepund.
1642 2546 1674 2570 2.
1706 2533 1973 2571 BURMANNUS.

256 2583 294 2619 in
316 2582 389 2620 hoc
413 2595 524 2631 opere
547 2583 782 2622 emendando
805 2584 885 2622 usus
906 2585 985 2622 sum
1001 2613 1012 2630 ,
1034 2584 1219 2634 perspicue
1241 2585 1307 2622 ha-
1411 2597 1495 2634 495.
1522 2585 1776 2635 Pet-timuitque
1797 2585 1888 2633 lupos
1912 2612 1922 2628 ,
1951 2581 2119 2632 quamvis
2143 2590 2250 2631 pater
2277 2580 2351 2630 efflet
2373 2581 2413 2619 in

257 2634 344 2669 henr
359 2661 370 2677 ,
398 2641 454 2670 Ha
477 2635 641 2683 quotiens.
679 2637 719 2673 In
741 2636 845 2685 Virg.
867 2636 990 2674 Vatic.
1025 2637 1090 2686 qui
1118 2636 1303 2685 grandius-
1359 2636 1474 2686 illis.]
1525 2638 1611 2684 Qua
1645 2636 1788 2672 ratione
1822 2634 1986 2671 Callistus
2007 2641 2109 2682 pater
2131 2640 2207 2670 erat
2229 2632 2323 2669 inter
2353 2632 2411 2670 lu-

259 2684 346 2720 culis
369 2683 417 2720 est
439 2694 602 2722 exaratus
622 2685 747 2722 litteris
762 2714 771 2729 ‚
795 2696 975 2735 perpetuo
997 2687 1158 2725 scribitur
1180 2692 1230 2724 A.
1259 2687 1302 2724 In
1358 2699 1424 2735 pos
1449 2714 1460 2729 ‚
1497 2685 1522 2722 fi
1557 2697 1601 2722 ex
1633 2685 1772 2722 diluvio
1800 2683 1876 2732 lupi
1908 2695 1994 2721 cum
2028 2684 2156 2721 ceteris
2195 2682 2434 2720 animalibus

259 2735 333 2772 aliis
356 2747 444 2771 vero
460 2763 469 2779 ‚
497 2735 558 2783 qui
579 2736 617 2772 in
638 2735 865 2773 Bibliotheca
897 2739 1021 2775 Vatic.
1045 2737 1267 2775 affer-vantur
1290 2765 1302 2783 ‚
1358 2734 1526 2785 peridre?
1556 2734 1760 2783 respondeo
1793 2735 1951 2772 Po‘e'tam
1993 2734 2158 2771 nostrum
2190 2741 2410 2783 temporum

260 2786 381 2823 modo
404 2785 451 2822 est
475 2792 553 2826 Ha,
583 2786 702 2823 modo
723 2786 798 2823 Alo.
828 2787 923 2824 Item
945 2789 982 2825 in
1006 2801 1093 2826 meo
1117 2789 1300 2826 Terentio
1358 2787 1528 2825 ordinem
1552 2798 1629 2823 non
1660 2785 1800 2823 servare
1833 2786 1871 2823 in
1902 2785 2029 2823 fabulis
2057 2784 2278 2834 explicandis
2303 2814 2314 2830 ,
2350 2785 2413 2823 sed

261 2836 520 2885 manuscripto.
558 2834 600 2872 ln
623 2836 694 2874 alio
710 2865 720 2881 ‚
747 2837 810 2886 qui
834 2838 900 2874 fuit
924 2839 1101 2876 clarissimi
1125 2840 1215 2883 viri,
1234 2839 1302 2876 Pe—
1359 2837 1404 2875 ad
1427 2837 1464 2875 id
1485 2845 1568 2874 toto
1591 2837 1718 2874 animo
1751 2837 1941 2875 intendere
1963 2866 1973 2882 ‚
2011 2845 2052 2874 ut
2074 2836 2233 2874 fabulam
2267 2836 2433 2873 fabulae·

261 2889 304 2925 tri
327 2888 455 2924 Bembi
481 2915 490 2931 ,
518 2887 554 2924 in
575 2886 661 2924 loco
694 2888 859 2936 quodam
891 2889 1062 2927 Eunuchi
1084 2890 1228 2926 testatus
1256 2889 1305 2926 est
1362 2900 1448 2926 cum
1470 2888 1584 2937 gratia
1606 2896 1717 2938 atque
1737 2897 1812 2925 arte
1836 2889 2051 2938 conjungat.
2082 2887 2316 2924 CONSTANT.
2339 2886 2412 2923 FA-

262 2938 410 2975 Gabriel
435 2939 593 2975 Faernus
613 2938 685 2987 legi
707 2939 806 2976 Aha.
845 2940 935 2987 Quo
954 2940 1041 2977 1000
1062 2940 1219 2988 impressi
1242 2941 1306 2977 ha-
1365 2952 1470 2977 mus
1514 2940 1576 2977 An
1599 2939 1685 2977 ideo
1708 2939 1827 2977 versus
1849 2940 1909 2977 hic
1940 2938 2118 2988 suspectus
2139 2938 2229 2975 olim
2253 2936 2411 2974 Heinfio

261 2989 349 3026 bent
373 2989 448 3025 Ah.
477 2989 617 3026 ibidem
640 2989 677 3026 in
699 2989 761 3026 illo
785 2998 859 3038 opt.
884 2991 1005 3028 Vatic.
1026 2990 1179 3038 legitur,
1212 2991 1306 3027 Halo,
1361 2991 1470 3028 fuerit
1485 3020 1495 3035 ‚
1522 2991 1670 3035 nescio,
1699 2999 1796 3028 certe
1817 2991 1855 3030 in
1885 2990 2015 3028 codice
2044 2990 2109 3027 suo
2130 2995 2325 3032 notaverat
2347 2986 2411 3025 fibi

263 3041 320 3077 lta
342 3040 442 3077 enim
476 3048 582 3077 antea
603 3040 788 3088 legebatur
814 3054 821 3077 z
859 3040 991 3078 deinde
1023 3043 1121 3089 prior
1154 3040 1308 3090 adspira-
1362 3043 1411 3079 ita
1432 3042 1547 3080 videri
1562 3070 1572 3087 ,
1600 3043 1638 3079 ὃς
1661 3043 1698 3080 111
1729 3041 1890 3080 secundo
1913 3041 2090 3078 Mediceo
2113 3039 2133 3076 a
2157 3051 2272 3076 manu
2293 3039 2412 3087 prima

262 3094 316 3128 tio
341 3092 389 3129 est
412 3090 540 3128 deleta.
570 3092 697 3140 Itaque
719 3102 818 3128 nunc
839 3091 876 3128 in
901 3104 947 3129 00
970 3092 1042 3136 011,
1070 3091 1146 3129 Ah.
1181 3093 1307 3130 Locus
1362 3091 1465 3130 fuisse
1488 3093 1662 3131 deletum.
1683 3092 1743 3130 sed
1757 3105 1843 3131 cum
1857 3093 2015 3131 Ovidius
2035 3090 2113 3140 post
2138 3090 2318 3128 diluvium
2340 3097 2412 3126 tra-

272 3154 355 3179 1010
380 3141 549 3179 Terentii
569 3141 629 3179 hic
652 3141 721 3179 cst:
752 3141 840 3186 Al),
868 3143 952 3191 quid
974 3144 1070 3191 agis?
1098 3153 1183 3179 tare.
1221 3145 1308 3181 ΗΟ·
1362 3143 1492 3181 diderit
1522 3144 1794 3192 reparationem
1815 3143 1957 3193 generis
1989 3142 2145 3180 humani
2167 3153 2231 3190 per
2261 3141 2414 3177 Deuca·-

269 3193 381 3229 mines
394 3193 524 3230 eruditi
542 3193 694 3230 libenter
712 3192 909 3242 sequuntur
920 3193 1062 3242 Virgilii
1080 3193 1306 3242 scripturam,
1359 3194 1500 3231 lionem
1518 3223 1527 3239 ,
1541 3195 1716 3243 nusquam
1740 3207 1830 3232 vero
1854 3193 2067 3232 animalium
2084 3222 2094 3238 ‚
2115 3191 2246 3230 similes
2263 3191 2409 3239 scrupu-

270 3244 366 3288 ruius
389 3252 620 3282 mentionem
644 3244 725 3281 feci.
763 3256 923 3292 quorum
953 3245 1081 3292 opinio
1114 3245 1323 3283 111111111011Ἰ
1362 3245 1385 3282 11
1418 3245 1562 3282 moveri
1584 3244 1727 3294 possent
1740 3275 1755 3290 .‚.
1779 3246 2004 3294 ubicumque
2036 3243 2206 3282 animalia
2236 3241 2411 3284 inducit,

268 3293 501 3342 improbatur,
520 3325 524 3329 .
541 3296 675 3345 Ncque
696 3295 780 3334 ideo
804 3295 942 3334 damno
965 3296 1067 3335 scribi
1088 3302 1168 3334 Ha.—
1201 3305 1237 3334 ut
1261 3296 1304 3333 ab
1326 3315 1328 3317 >
1363 3307 1456 3347 quae
1480 3308 1580 3347 aqua¹
1604 3295 1744 3347 periisse
1767 3305 1852 3337 ante
1884 3296 2006 3337 tradit.
2044 3297 2171 3347 Quare
2193 3292 2408 3344 fingendum

2339 3340 2413 3386 est.
