2483 3616
147 158 440 227 qut-,Gorgoni5
463 161 586 217 ὄμμα
604 153 850 214 amputavit
873 183 889 209 ,
955 166 977 197 e
1000 149 1113 211 cnjus
1131 153 1267 214 guttis
1288 152 1333 196 in
1352 158 1512 198 terram
1536 149 1709 213 delapsis
1732 156 1882 216 angues
1905 155 2187 219 exortisiint':
2223 158 2278 209 ἐξ

150 229 374 277 Atlantem
395 225 440 270 in
461 229 662 278 montem,
708 220 930 279 virgasque
951 249 966 275 ,
1005 217 1096 277 post
1129 215 1444 263 Andromedam
1479 215 1703 261 liberatam
1727 251 1742 276 ‚
1788 222 1832 264 in
1866 222 2024 280 lapides
2056 224 2280 269 convertit.

150 294 262 339 Orto
292 288 430 337 deinde
460 301 504 331 in
536 285 690 343 nuptiis
721 284 934 340 tumultu,
980 280 1194 327 Phineum
1227 295 1319 326 cum
1342 278 1466 340 fiiis,
1501 295 1660 341 unaque
1681 282 1887 328 Proetum
1926 286 1978 336 ἐξ
2004 288 2280 346 Polydecten,

139 356 291 419 saxeos
313 350 504 400 reddidit.
1601 413 1609 420 ·
1770 414 1776 420 Π
1911 414 1919 421 ⁶

217 420 345 466 [ΑΒ.
381 413 439 460 V.
485 410 590 458 Tum
621 413 803 470 Pallas,
848 427 952 473 quae
984 409 1180 456 haetenus
1214 426 1342 457 comes
1364 408 1546 470 fuerat,
1591 411 1674 473 ipso
1697 413 1866 471 relicto,
1901 429 1945 457 in
1969 414 2206 462 Heliconem
2238 415 2280 474 se
2314 460 2316 462 ,

153 481 332 544 confert,
367 487 414 524 ut
435 478 699 537 fflpocrenen
718 468 926 537 inspiciat.
995 476 1068 521 Ibi
1092 486 1274 521 narrant
1296 476 1360 521 illi
1383 473 1542 534 Mesae
1563 476 1611 521 de
1635 478 1851 535 Pyreneo,
1888 476 1941 527 ὃ
1968 478 2213 526 Pieridibus
2229 472 2281 526 ‘in

145 537 262 609 picas
272 545 500 603 conversts3
529 540 776 602 postquam,
809 551 934 586 cantu
954 541 1001 586 de
1021 541 1161 585 variis
1181 538 1623 600 transformationibus
1657 542 1846 602 instituto
1871 574 1887 599 ,
1932 557 2023 587 cum
2059 545 2153 604 ipfis
2187 562 2279 590 con-

155 610 379 669 tendifflnt.

218 674 287 718 Ll
305 689 348 718 B.
385 674 456 719 VI
461 708 469 716 .
504 672 605 736 ⁴³Quo
628 674 805 732 exemplo
827 671 1090 728 mota-Dea,
1126 669 1316 732 anumse
1329 670 1455 732 fecit.
1500 670 1654 732 Itaque
1676 674 1780 717 inito
1799 687 1891 716 cum
1916 671 2117 718 Arachne
2138 683 2279 720 texen-

152 738 197 784 di
223 740 473 793 certamine,
501 735 717 796 postquam
740 735 951 797 utriusque
974 738 1057 781 tela
1081 737 1232 780 ‘varias
1253 735 1646 797 transformationes
1681 735 2040 797 repraesentavit,
2085 737 2218 799 ipsam
2237 742 2283 785 in

153 817 352 848 araneam
381 802 584 847 mutavit.
651 800 786 846 Nihil
806 810 948 845 tamen
970 800 1042 845 hoc
1064 800 1233 844 Nioben
1256 803 1418 857 movit,
1464 815 1540 860 quo
1564 804 1701 847 minus
1725 801 1878 859 amiffis
1900 801 2040 846 liberis
2060 803 2105 846 in
2121 802 2284 863 saxum

153 865 440 927 obduresceret.
508 866 609 929 Qo
631 866 794 926 quidem
817 868 999 926 cognito,
1035 866 1183 925 vulgus
1205 865 1353 921 Lycios
1375 863 1545 924 rusticos
1565 867 1609 909 in
1641 881 1772 910 ranas
1798 868 1826 911 a
1848 865 2003 911 Diana
2024 867 2190 928 versos,
2226 869 2282 920 {9³

153 930 380 990 Marsyam
399 931 452 976 ab
473 931 665 988 Apolline
701 932 954 976 excoriatum
977 963 998 988 ,Α
1049 931 1093 974 in
1126 931 1368 973 memoriam
1404 930 1639 973 revocavit.
1709 932 1894 991 Cumque
1936 931 1996 975 ad
2024 931 2285 993 consolandos

152 986 365 1041 Thebanos
386 996 504 1040 urbes
512 994 732 1053 finitimae
755 995 1052 1054 conveniſjent‚
1075 991 1159 1053 soli
1179 991 1401 1052 defuerunt
1424 992 1697 1053 Athenienst’s
1712 1011 1726 1038 .·
1750 997 1943 1053 quoniam
1967 997 1995 1040 a
2022 993 2145 1041 Tereo
2169 999 2284 1059 Rege

151 1058 472 1120 infssabantur.
540 1059 637 1123 Qi
657 1060 798 1104 deinde
811 1059 1011 1119 stuprata
1034 1057 1273 1102 Philomela
1287 1090 1303 1115 ‚
1337 1059 1381 1102 in
1403 1070 1583 1116 upupam
1615 1058 1946 1118 transformatus
1967 1058 2065 1119 *fuit
2079 1077 2094 1105 .·
2140 1077 2286 1122 quem-

153 1124 373 1169 admodum
397 1124 451 1175 ὃ
475 1123 711 1168 Philomela
733 1126 778 1168 in
800 1122 1044 1183 lasciniam,
1077 1138 1128 1166 ac
1146 1122 1311 1167 Procne
1331 1123 1376 1167 in
1397 1121 1678 1166 hirundinem.
1749 1124 1878 1187 Qme
1903 1140 1968 1169 res
1981 1124 2281 1188 Pandioniso-

153 1203 240 1233 cero
264 1189 497 1245 intellecta,
534 1197 706 1232 mortem
729 1189 893 1232 attulit.
958 1188 1077 1232 Hinc
1100 1189 1143 1231 in
1177 1203 1296 1248 regno
1318 1185 1506 1247 fiicceffit
1540 1186 1814 1232 Erechtheus.
1851 1190 1872 1232 e
1907 1188 2022 1246 cujas
2040 1191 2142 1249 filia
2176 1192 2282 1237 Ori-

151 1251 297 1310 thyia,
332 1253 490 1297 Boreas
516 1252 670 1296 Calain
694 1254 939 1311 procreavit
964 1251 1017 1305 ὃ
1044 1251 1223 1297 Zethen.
1293 1252 1389 1316 Qi
1423 1253 1467 1295 in
1499 1253 1849 1310 Argonautarum
1874 1268 2042 1297 numero
2076 1257 2283 1314 quondam

141 1315 352 1377 fuerunt3
388 1331 480 1361 cum
503 1315 641 1376 Jason
653 1348 668 1373 ,
691 1315 1128 1378 fhminatisfinpentis
1149 1316 1365 1374 dentibus,
1402 1315 1422 1360 ὲ
1444 1316 1590 1376 quibus
1609 1315 1790 1362 homines
1819 1319 1983 1362 armati
2003 1319 2283 1379 prodierunt,

153 1380 208 1432 &⁹
230 1381 402 1427 dracone
415 1379 579 1441 sopito,
614 1382 747 1426 vellus
767 1397 940 1426 aureum
962 1383 1124 1426 retulit.

214 1445 285 1491 L1
304 1461 344 1490 B.
382 1445 493 1491 Vn.
528 1445 572 1490 Is
585 1444 802 1505 postquam
824 1446 988 1491 domum
1012 1461 1103 1491 cum
1123 1446 1283 1492 [Medea
1305 1447 1464 1506 rediit,
1497 1446 1654 1509 Aesoni
1688 1450 1763 1495 illa
1774 1448 2050 1509 juventutem
2083 1451 2284 1497 reddiditz

150 1508 419 1570 Eandemque
451 1509 599 1554 Peliae
611 1512 833 1569 pollicita,
873 1511 1094 1569 praemiſjo
1121 1513 1270 1557 arietis
1291 1514 1337 1557 in
1359 1528 1513 1574 agnum
1534 1513 1760 1574 reformati
1778 1513 2034 1575 specimine,
2078 1515 2165 1560 dolo
2190 1531 2286 1561 eum

151 1575 311 1620 occidit.
379 1573 482 1619 Inde
495 1586 573 1632 per
594 1576 725 1620 varia
745 1576 832 1620 loca
854 1577 996 1620 multis
1015 1577 1191 1634 instgnia
1212 1576 1638 1635 tranformationibus
1673 1580 1816 1622 delata
1834 1612 1850 1636 ,
1887 1579 1979 1639 post
2011 1577 2153 1639 occifhs
2182 1581 2285 1625 libe-

152 1654 246 1697 ros,
281 1641 416 1699 Aegeo
437 1642 585 1698 nupfit.
623 1640 782 1683 Contra
808 1637 916 1683 hicne
927 1638 1065 1699 postea
1086 1639 1235 1685 bellum
1266 1643 1401 1685 movit
1424 1640 1572 1686 Minos
1586 1662 1601 1696 5
1640 1643 1814 1687 collectis
1837 1644 2016 1705 undique
2039 1646 2191 1702 copiis:
2237 1655 2288 1699 ut

154 1702 210 1753 [9³
235 1703 255 1747 ὲ
280 1703 414 1749 Paro.
450 1703 600 1768 Qum
624 1719 715 1749 cum
736 1705 856 1749 Arne
876 1704 1082 1764 quondam
1096 1704 1367 1764 prodidiſj'et,
1403 1707 1448 1750 in
1468 1706 1729 1751 monedulam
1751 1705 1906 1765 fuerat
1939 1707 2150 1768 converfit.
2218 1712 2287 1755 At

151 1768 321 1815 Aeacus
351 1768 404 1812 ab
425 1769 559 1829 Aegeo
582 1767 705 1827 stetit
725 1802 740 1826 ,
798 1768 852 1818 &⁴
869 1769 928 1814 ad
948 1785 1039 1814 eum
1064 1769 1353 1827 M'yrmidones
1376 1768 1505 1829 suos,
1548 1770 1570 1813 e
1580 1769 1778 1829 formicis
1798 1780 1936 1829 ortos,
1960 1773 2120 1816 auxilio
2145 1773 2285 1834 miſsit„

152 1831 250 1876 duce
288 1831 466 1890 Cephalo
501 1848 517 1877 .·
574 1834 646 1892 qui
677 1834 774 1877 olim
806 1849 974 1878 uxorem
995 1832 1124 1895 suam
1147 1867 1163 1892 ³
1205 1843 1375 1878 mutata
1397 1834 1484 1894 fibi
1506 1832 1656 1893 forma
1683 1866 1704 1892 ,,
1743 1836 1788 1879 in
1819 1834 2077 1880 adulterium
2103 1838 2283 1896 pellexe=

151 1889 250 1953 rat,
285 1911 500 1956 canemque
511 1894 641 1957 suum
654 1898 789 1957 stmul
805 1913 897 1943 cum
919 1900 1042 1957 vulpe
1064 1901 1108 1944 in
1119 1897 1235 1961 saxa
1257 1899 1446 1943 converti
1468 1899 1659 1944 viderat.

213 1960 349 2005 Lm.
387 1960 522 2005 VIII.
557 1960 706 2007 Minos
735 1964 904 2007 interim
939 1963 1177 2008 Alcathoen
1209 1963 1374 2024 obſsdet.
1418 1977 1501 2022 qua
1536 1974 1659 2022 capta
1681 1996 1696 2022 9
1733 1964 1872 2026 Nisus
1894 1967 1939 2010 in
1962 1965 2286 2020 haliaeetum&

151 2023 290 2081 Scylla
321 2027 366 2069 in
396 2026 504 2069 cirin
525 2023 651 2084 fuere
683 2028 900 2072 translati.
968 2028 1087 2073 Hinc
1121 2030 1165 2072 in
1188 2029 1360 2072 Cretam
1381 2028 1451 2072 ille
1473 2027 1663 2088 reversus
1684 2028 1765 2088 est,
1800 2030 1873 2075 ubi
1904 2031 2186 2077 Minotaurus
2218 2034 2285 2078 la-

151 2087 345 2145 byrtntho
390 2098 483 2133 erat
524 2088 714 2148 inclusus.
780 2106 899 2150 quem
943 2107 1036 2136 cum
1091 2092 1262 2153 ThCss’m
1286 2092 1334 2136 de
1367 2091 1498 2136 medio
1519 2091 1747 2153 sustuliffet
1791 2127 1808 2152 9
1876 2111 1968 2139 cum
2003 2097 2199 2141 Ariadne
2241 2099 2288 2142 in

144 2154 338 2210 patriam
358 2153 595 2211 rediturus,
630 2169 722 2198 eam
739 2156 786 2199 in
803 2157 951 2201 itinere
973 2156 1215 2215 dereliquit.'
1244 2153 1357 2201 Tunc
1379 2171 1471 2201 eam
1493 2156 1688 2203 Bacchus
1710 2159 1924 2219 aſjumpstt
1938 2192 1953 2217 ‚
1988 2158 2150 2221 ejusque
2173 2177 2285 2207 coro-

152 2230 251 2260 nam
271 2219 382 2262 inter
392 2217 536 2277 stdera
557 2218 788 2262 collocavit.
856 2220 1005 2265 Icarus
1022 2235 1148 2278 vero,
1184 2236 1275 2265 cum
1297 2236 1346 2265 ex
1367 2219 1503 2280 insula
1535 2232 1756 2268 conaretur
1769 2223 1860 2283 post
1882 2233 2058 2282 patrem.
2091 2226 2286 2286 evolare³

143 2276 378 2339 submerstus
398 2281 481 2339 est:
514 2280 674 2343 ejusque
694 2280 904 2342 exsequias
923 2285 1191 2330 celebrantem
1205 2295 1375 2344 patrem
1397 2284 1512 2329 vidit
1528 2287 1680 2345 perdix
1704 2319 1720 2345 ‚
1756 2287 1777 2332 ἑ
1803 2284 1903 2333 Talo
1927 2301 2055 2347 nuper
2075 2289 2285 2350 transfor-

155 2351 289 2387 mata.
356 2341 528 2403 Thespiis
546 2347 703 2390 interea
725 2361 818 2391 cum
839 2349 964 2392 valde
986 2350 1150 2394 celebris
1161 2349 1260 2408 jam
1282 2349 1405 2408 eſjet,
1448 2349 1508 2393 ad
1536 2363 1685 2409 aprum
1719 2352 1993 2408 Calydonium
2015 2385 2032 2411 ‚
2074 2352 2189 2412 cujus
2218 2356 2284 2399 in-

153 2405 370 2465 terfectore
380 2405 549 2466 sublato
562 2441 576 2465 ,
600 2408 762 2470 sorores
783 2410 868 2470 ejus
888 2413 933 2456 in
953 2413 1235 2474 Meleagrides
1258 2428 1359 2458 ave-s
1379 2423 1570 2459 mutatae
1583 2413 1691 2476 scint
1715 2449 1731 2472 ,
1756 2414 1853 2475 fuit
1874 2426 2136 2462 convocatus.
2181 2419 2286 2464 Iride

156 2470 217 2521 ad
235 2470 464 2514 Acheloum
487 2471 746 2530 divertitur,
781 2474 835 2524 ξύ)
859 2475 1098 2523 Echinades
1121 2476 1278 2537 insulas
1303 2476 1493 2537 conspicit
1517 2511 1532 2536 ‚
1577 2480 1623 2524 in
1657 2494 1759 2539 quas
1796 2481 1993 2526 Naiades
2029 2492 2153 2527 erant
2190 2499 2283 2528 con-

142 2532 316 2594 versae.
386 2534 519 2597 Qiod
539 2535 602 2578 ita
616 2535 721 2593 fieri
735 2540 910 2596 potuiſje
935 2541 1065 2584 Lelex
1090 2573 1106 2597 ‚
1143 2543 1333 2598 primum
1359 2542 1564 2587 Baucidis
1595 2543 1655 2593 {9³
1691 2544 1952 2589 Philemonis
1969 2546 2125 2603 probat
2148 2563 2284 2592 exem-

149 2598 249 2663 plo,
285 2599 355 2657 qui
377 2598 422 2641 in
445 2597 609 2641 arbores
621 2596 792 2656 fuerint
815 2604 1088 2645 commutati:
1110 2606 1223 2660 ficut
1246 2603 1299 2651 ὅς’)
1347 2604 1488 2646 domus
1523 2604 1703 2665 ipfhrum
1726 2608 1772 2650 in
1807 2609 2005 2666 templum
2029 2642 2045 2667 ,
2081 2625 2134 2654 ac
2149 2624 2285 2671 pagus

157 2658 241 2720 ipse
263 2663 307 2705 in
319 2660 528 2720 stagnum.
595 2661 799 2705 Achelous
822 2663 969 2707 deinde
988 2665 1138 2708 Protei
1162 2664 1215 2714 {9⁹
1255 2664 1444 2724 Mestrae
1468 2667 1860 2728 transformationes
1883 2671 2061 2732 adjicit,
2105 2689 2156 2719 ac
2178 2675 2285 2735 sstas

158 2725 327 2784 denique
345 2750 367 2782 5
411 2725 555 2787 quibus
589 2722 683 2786 usu-s
717 2726 922 2785 quondam
945 2726 1128 2788 fuerat,
1172 2743 1264 2774 cum
1298 2728 1430 2790 ipsum
1456 2742 1665 2789 premeret
1698 2733 1900 2784 fflreules
1924 2769 1948 2795 ,.
1968 2740 2117 2799 gratia
2140 2739 2293 2785 Deia-

158 2801 292 2836 mnae.

167 2850 169 2852 ’
229 2850 360 2896 Lm.
399 2850 494 2898 IX.
530 2854 650 2899 Haec
672 2856 737 2901 illi
750 2855 890 2915 postea
914 2857 1065 2917 vestem
1088 2861 1228 2919 mistt‚
1271 2875 1354 2919 qua
1368 2863 1500 2920 periit
1538 2862 1774 2924 (postquam
1808 2867 1968 2913 Lichas
2001 2869 2047 2913 in
2068 2866 2284 2928 scopulum

153 2912 248 2973 fnit
281 2917 542 2970 translatus)
591 2917 644 2969 δέ,
690 2920 736 2964 in
781 2922 930 2965 coelum
976 2923 1194 2968 traductus
1240 2924 1308 2982 est.
1393 2922 1499 2970 Tum
1534 2930 1739 2974 Alcmena
1773 2931 1834 2975 ad
1854 2932 1969 2977 Iolen
1992 2931 2042 2992 ſse
2080 2935 2282 2977 contulit:

163 2979 274 3042 eique
309 2979 607 3026 Galanthidem
635 2983 679 3048 in
713 2983 953 3042 mustelam,
1000 2985 1053 3036 ὃ
1087 2988 1164 3031 illa
1198 2987 1373 3045 viciffim
1395 2988 1582 3050 sororem
1592 2990 1721 3052 sicam
1746 2996 1791 3039 in
1822 2996 2011 3041 arborem
2046 2994 2284 3053 conveissim

165 3044 379 3104 narravit.
405 3043 581 3088 Interim
593 3043 839 3106 fitpervenit
862 3050 955 3108 ipsts
980 3049 1155 3108 Iolaus,
1180 3062 1380 3110 reparata
1385 3067 1464 3112 per
1476 3055 1623 3101 Heben
1622 3057 1868 3115 juventute.
1894 3061 1952 3105 Id
1972 3061 2081 3120 quod
2089 3072 2166 3102 non
2170 3059 2283 3116 poste

166 3105 351 3149 omnibus
375 3107 625 3165 contingere,
671 3109 847 3176 Jupiter
860 3114 994 3157 Aeaci
1016 3117 1192 3174 exemplo
1217 3116 1343 3161 docet.
1377 3118 1507 3163 Hunc
1518 3118 1688 3180 fugiens
1712 3123 1924 3181 Miletus,
1960 3127 2003 3167 in
2027 3123 2175 3182 Astam
2196 3117 2297 3182 dis-

167 3165 298 3225 suffit,
334 3167 387 3221 {9³
409 3169 626 3230 Byblidem
641 3177 884 3234 procreavit
907 3187 1032 3237 atque
1070 3179 1264 3227 Caunum
1291 3242 1337 3290 A
1350 3182 1462 3241 cujus
1485 3184 1562 3230 illa
1585 3184 1779 3248 dcfiderio
1803 3186 2102 3244 tabefacta2in
2114 3182 2290 3245 fontem·

156 3274 200 3294 ιε...
395 3264 398 3268 ’
1374 3258 1397 3307 3
2131 3259 2290 3308 ‘perblt-u.
