2483 3616
292 148 397 200 494

744 123 812 182 Ῥ.
889 115 1300 178 O'VIDI1
1366 116 1903 179 NASONIS

295 254 487 311 venenis,
522 267 592 298 nec
609 253 746 302 minus
767 262 886 300 natos
907 252 961 301 ab
983 248 1072 309 ipsc}
1096 250 1365 304 interemtos,
1401 246 1549 308 Iasone
1570 252 1727 297 relieto.
1774 247 1975 311 Inspefft'is
2009 248 2153 309 itaque
2176 251 2328 311 casibus
2347 260 2427 304 mi..

291 317 475 371 [brorum
495 349 511 375 ³
545 318 700 377 veniffi’
733 322 751 341 ⁶
773 318 902 362 etiam
935 313 1129 359 Athenas
1148 343 1164 375 2
1211 309 1318 355 ‘ubi
1351 311 1566 357 Phineum
1611 313 1665 366 ξς)
1700 319 1719 352 ε
1743 313 1978 374 Peripham
2002 314 2048 359 in
2080 329 2186 360 aves
2209 321 2427 381 conversos·

280 374 404 429 'Item
430 390 589 443 neptem
611 383 896 441 Polypemonis
918 379 1133 424 volucrum
1156 375 1323 439 explcfff
1343 390 1575 423 numerum.

291 668 413 705 mines
432 665 602 704 suberinis
631 662 782 713 pedibus
812 663 881 701 iter
902 674 966 711 per
984 662 1137 701 flumina
1157 659 1333 698 facientes

295 717 497 766 praefingit.
524 715 675 752 BARTH.
702 713 1016 758 v111.Adver.17.

344 766 363 794 d
391 768 442 804 Ibi
462 778 538 803 cum
555 763 739 814 parente.]
772 763 908 799 Indicat
930 762 1067 800 Colchis
1100 775 1177 800 cum
1194 770 1338 812 parente

291 817 426 866 'Aefime
447 822 510 853 Cr.
529 827 601 854 σε.
629 816 746 852 Parm.
767 813 891 861 Lugd.

344 876 361 895 e
388 866 508 904 Etiam
536 864 709 903 Athenas.
734 863 750 913 ]
806 864 962 901 Tandem
987 863 1080 903 Ath.
1109 865 1230 913 Marg.
1258 864 1336 902 Mi-

292 918 377 967 cyll.

343 967 360 994 f
382 967 445 1005 Ubi
473 965 688 1015 Phineum.]

290 1018 411 1058 Parm.
440 1021 478 1058 in
508 1019 628 1068 Lugd.
654 1017 732 1066 post
752 1018 916 1054 Athenas
944 1016 1025 1054 finis
1044 1025 1120 1054 erat
1146 1017 1252 1066 hujus
1279 1028 1335 1055 ar-

287 1071 469 1119 gumenti.
497 1071 535 1107 &
565 1068 697 1108 deinde
726 1080 870 1106 novum
898 1066 943 1105 ab
967 1074 1055 1105 Item
1078 1077 1210 1118 neptem
1241 1068 1335 1106 inci·

291 1121 426 1169 piebat.

341 1179 358 1206 g
387 1170 581 1220 Peripham.
602 1170 618 1221 ]

290 1222 465 1262 Fabulam
488 1223 582 1259 hanc
597 1249 607 1267 ,
635 1221 672 1259 id
695 1221 799 1270 quod
823 1221 1036 1268 interpretes
1064 1220 1158 1269 fugit
1173 1247 1183 1263 ,
1213 1228 1334 1259 narrat

289 1274 505 1312 Antoninus
528 1272 703 1311 Liberalis
728 1284 805 1321 cap.
826 1273 860 1308 6.
889 1273 978 1313 Ζευς
1005 1270 1047 1306 δὲ
1076 1269 1182 1306 ἐλθὼν
1202 1269 1253 1314 εἷς
1281 1271 1332 1307 τᾶ

288 1324 386 1361 &cuia
403 1325 466 1358 τοῦ
498 1323 747 1370 Περίφαντος,
796 1322 859 1357 καὶ
892 1320 1115 1365 καταλαβὼν
1136 1322 1332 1365 ὁμιλοῦντα

290 1378 336 1421 τῇ
358 1375 523 1420 γυναικὶ,
553 1377 679 1420 πιέσαις
699 1373 923 1421 ἀμφοτέραις
944 1374 1026 1414 ταῖς
1045 1373 1189 1418 χερσῖν,
1212 1372 1332 1413 ἐποίκ-

289 1439 347 1463 σεν
374 1425 484 1469 ’όρνιθοι
512 1422 644 1463 αἰετόν,
689 1427 763 1464 Tau
794 1424 833 1459 δὲ
855 1425 1008 1469 γυναῖκα
1028 1423 1139 1459 αὐτοῦ
1155 1422 1330 1462 δεηθεῖσαν

289 1479 355 1514 καὶ
380 1475 491 1518 αὐτὴν
521 1476 628 1522 ’όρνιθοι
659 1475 796 1516 ποιῆσαι
826 1477 983 1518 σύννομον
1014 1477 1063 1521 τῷ
1093 1475 1327 1520 Περίφαντι,

288 1529 428 1568 ἐποίησε
446 1527 568 1573 Φῆνῆν.
607 1528 682 1565 hoc
701 1526 771 1570 est,
799 1524 1011 1574 offifragam;
1042 1536 1154 1573 quam
1183 1526 1221 1562 &
1248 1524 1328 1561 bar-

287 1580 409 1616 batam
429 1578 566 1615 dietam
589 1578 721 1616 Plinius
741 1577 852 1617 refert
869 1576 931 1613 lib.
953 1589 986 1613 x.
1007 1587 1083 1624 cap.
1103 1587 1137 1624 3.
1163 1573 1329 1623 Offifran-

284 1643 347 1678 gus
367 1630 415 1667 est
435 1628 574 1666 Isidoro
593 1629 653 1666 lib.
668 1641 741 1665 x11.
761 1639 795 1669 7.
823 1627 927 1675 Orig.
954 1627 1247 1675 Interaccipitres
1259 1639 1328 1664 nu-

290 1689 408 1718 merat
425 1679 569 1717 Aelian.
590 1679 752 1717 Animal.
770 1677 864 1715 Hist.
883 1677 1024 1715 lib.x11.
1043 1688 1163 1725 cap.4.
1188 1676 1328 1714 Aristo-

288 1731 377 1768 teles
417 1730 494 1774 περὶ
523 1733 686 1776 exuam.
716 1725 881 1772 Α’κουσμ.
918 1739 998 1776 pag.
1031 1739 1090 1775 97.
1127 1727 1196 1766 Ed.
1229 1727 1326 1777 Sylb.

287 1782 352 1816 Εἰς
374 1781 436 1816 τοῦ
457 1780 603 1828 ζεύγους
624 1780 668 1817 δὲ
697 1782 766 1817 τῶν
795 1780 910 1815 ἀετῶν
931 1779 1070 1823 θάτερον
1098 1780 1166 1815 τῶν
1191 1777 1326 1823 ἀγόνων

744 965 876 1016 Hicque
905 964 1054 1003 Phenen.
1093 971 1179 1003 Item
1202 975 1333 1016 neptem

673 1169 914 1220 Periphantem
943 1167 1063 1207 fuifl'et
1091 1167 1332 1207 scribendum.

286 1830 474 1878 (ἐκγόνων
507 1831 642 1873 Gesn.)
677 1829 862 1868 ἁλικίετοε
904 1829 1047 1874 γίνεται
1083 1828 1290 1876 παρκλλῑιξ
1313 1852 1347 1872 ,-

289 1881 351 1924 ἓως
369 1878 412 1918 ἂν
434 1881 576 1927 σύζυγα
597 1884 755 1926 γένηται.
794 1880 837 1917 ἐκ
854 1880 896 1917 δὲ
920 1881 987 1916 τῶν
1019 1881 1207 1917 ἁλικιέτων
1235 1878 1326 1926 φήνῃ

287 1934 427 1979 γίνεται
448 1933 519 1970 &c.
546 1932 638 1974 Φίνις
657 1932 787 1970 dicitur
812 1930 832 1968 ἒι
854 1930 1072 1969 Dioscoride
1090 1931 1149 1969 lib.
1165 1943 1208 1968 11.
1228 1943 1259 1969 c.
1273 1930 1329 1979 58.

287 1983 381 2025 Φίνις
402 1984 443 2019 το
458 1982 717 2032 ’όρνεονῄῃεμιίῑ
731 2011 741 2027 ,
760 1982 778 2019 ‘6
797 1981 960 2025 P‘coua'tfei
973 1983 1143 2019 καλοῦσιν
1163 1979 1332 2028 zwiwu-

287 2048 364 2080 γον.
393 2033 462 2072 Sed
480 2035 575 2072 hanc
594 2046 671 2071 non
693 2045 817 2070 meam
844 2031 914 2070 effe
929 2061 940 2077 ,
969 2032 1029 2070 sed
1058 2032 1244 2070 Boscharti
1267 2032 1334 2070 ob-

284 2086 531 2124 servationem
561 2085 610 2121 ait
638 2085 708 2121 Vir
729 2084 951 2121 Clarissimus
972 2111 983 2127 ‚
1011 2082 1190 2132 fiquidem
1210 2084 1245 2121 in
1267 2083 1332 2120 suo

285 2136 520 2174 Hierozoico
539 2147 585 2172 ex
607 2134 825 2172 Dioscoride
842 2135 941 2172 hunc
960 2134 1087 2172 locum
1109 2134 1258 2172 adducit
1270 2134 1334 2171 ali-

287 2187 372 2224 cubi
396 2186 624 2223 Boschartus.
672 2185 804 2223 Fateor
833 2185 945 2222 bilem
961 2195 1122 2222 movere
1141 2185 1232 2222 mihi
1255 2194 1330 2222 tam

282 2238 451 2287 jejunam
478 2236 757 2285 malignitatem.
796 2236 948 2279 Nerno,
976 2235 1133 2283 opinor,
1162 2236 1254 2272 ferat
1271 2246 1333 2272 me

285 2290 336 2325 ita
355 2288 595 2325 scribentem:
624 2287 713 2322 Φῑνιν
733 2286 803 2324 efle
830 2287 1092 2323 Rornanorum
1122 2286 1330 2334 offifragam

288 2338 398 2375 docet
416 2351 461 2376 ex
484 2337 700 2375 Dioscoride
717 2338 754 2375 in
777 2338 920 2374 Lexico
940 2337 1005 2374 suo
1026 2336 1229 2385 Crispinus;
1243 2348 1331 2385 ergo

286 2400 364 2425 non
386 2388 568 2427 Boscharti
587 2389 698 2432 haec,
728 2387 789 2425 sed
810 2387 964 2436 Crispini
986 2386 1191 2424 observatio
1212 2387 1279 2430 est,
1294 2388 1333 2424 &

287 2439 350 2475 hic
373 2439 416 2474 ab
436 2439 497 2475 illo
518 2439 746 2487 compilatus.
800 2437 916 2486 Quasi
934 2449 1025 2475 vero
1048 2439 1116 2474 τῶν
1145 2437 1333 2474 ἀδυνάτων

290 2487 329 2522 ’ἐν
350 2486 455 2531 esset,
483 2498 523 2526 ut
543 2489 618 2526 duo
639 2489 736 2526 idem
759 2489 926 2537 legerint.
963 2489 1081 2537 Atqui
1099 2488 1159 2526 ille
1182 2497 1259 2526 tam
1283 2489 1330 2525 ri-

290 2537 393 2585 gidus
411 2538 566 2576 aliorum
588 2540 712 2576 censor
733 2540 804 2586 ipse
824 2539 983 2576 duorum
1006 2538 1178 2576 locorum
1199 2550 1327 2576 emen-

289 2588 454 2624 dationes
471 2590 506 2625 in
526 2590 824 2627 annotationibus
835 2590 1012 2637 prioribus
1030 2589 1076 2627 ad
1094 2590 1236 2627 Anton.
1250 2601 1328 2638 cap.

291 2649 396 2675 xxxx.
423 2637 484 2675 fibi
514 2639 740 2676 confidenter
764 2640 926 2677 vindicat
949 2668 959 2684 ‚
988 2651 1076 2689 quas
1104 2642 1142 2678 in
1162 2640 1327 2678 secundis

289 2689 406 2730 curis,
432 2689 553 2726 nescio
582 2687 654 2737 qua
685 2698 807 2726 motus
835 2688 949 2727 caussa
970 2719 981 2735 ,
1008 2691 1218 2739 simpliciter
1235 2702 1326 2728 vero

287 2737 429 2776 auctori
454 2765 464 2780 ,
492 2740 566 2775 hoc
586 2738 658 2781 est,
687 2739 863 2776 Cluverio
891 2750 1054 2789 acceptas
1075 2743 1195 2779 refert.
1248 2741 1328 2779 Aut

287 2790 445 2828 fateatur
463 2789 546 2825 heic
568 2786 708 2825 necesse
729 2789 776 2825 est
791 2815 801 2831 ,
828 2789 927 2826 idem
946 2790 1033 2833 fibi,
1061 2791 1162 2839 quod
1190 2792 1329 2829 Cluve-

288 2840 345 2877 rio
368 2867 378 2883 ‚
419 2837 555 2876 venisse
585 2839 622 2875 in
651 2846 815 2875 mentem
840 2866 850 2882 ,
886 2847 947 2875 aut
978 2852 1035 2876 eas
1057 2839 1077 2879 a
1098 2841 1131 2877 se
1153 2842 1330 2879 Cluverio

290 2888 476 2927 subleents.
517 2889 556 2925 ln
581 2889 763 2926 Antonini
782 2888 869 2925 loco
891 2889 1008 2926 modo
1036 2889 1195 2927 adducto
1217 2892 1334 2940 suspe-

291 2940 394 2978 &um
417 2940 508 2977 mihi
527 2937 597 2976 effe
620 2938 825 2986 scripseram
853 2950 968 2986 nuper
991 2939 1033 2975 τὸ
1054 2940 1147 2976 &mix
1169 2968 1178 2983 ,
1215 2942 1253 2977 ὅ(
1273 2954 1329 2978 re-

291 2990 383 3028 etius
406 2989 521 3028 videri
543 2990 652 3027 ὄικεῑκ
666 3016 676 3033 ,
718 3000 794 3037 quo
815 2989 927 3026 utitur
951 2989 1086 3026 eodem
1106 2989 1206 3027 sensu
1225 2991 1326 3029 idern

288 3042 439 3089 scriptor
462 3052 537 3088 cap.
561 3054 592 3089 5.
615 3052 670 3077 10.
695 3051 749 3076 12.
770 3039 808 3076 ὅ(
829 3050 886 3087 30.
922 3038 992 3075 Sed
1016 3039 1143 3075 omnia
1166 3040 1224 3076 illa
1243 3040 1326 3078 loca

289 3100 462 3139 corrupta
486 3089 556 3129 effe
585 3090 764 3128 affirmare
785 3100 861 3126 non
890 3087 1029 3126 dubitat
1049 3088 1117 3125 Vir
1137 3089 1192 3126 Cl.
1221 3091 1259 3126 &
1287 3092 1324 3128 in

288 3142 354 3179 iliis
376 3141 471 3178 ὂικίει
502 3140 768 3179 rescribendum
791 3153 800 3176 ε
838 3151 914 3176 non
939 3140 1013 3187 pati
1040 3139 1138 3176 enirn
1158 3147 1327 3178 naturam

290 3193 391 3231 rvocis
404 3194 441 3229 δε
453 3193 602 3240 genium
624 3192 770 3240 linguae
788 3191 950 3228 Graecae
962 3217 972 3234 ,
985 3197 1025 3227 ut
1046 3190 1154 3226 ὂικεῖοι
1166 3190 1329 3229 dicamus

290 3241 396 3283 aedes
424 3243 570 3291 nostras,
620 3243 675 3281 At
707 3241 797 3291 quid
824 3241 970 3297 linguae
1008 3241 1172 3288 Graecae
1202 3242 1331 3291 genius

2183 514 2428 576 Tandem

1391 660 1550 709 patiatur
1567 687 1578 705 ‚
1614 670 1695 699 non
1718 660 1870 700 >aliunde
1896 660 2027 706 nobis,
2054 672 2167 710 quam
2200 669 2428 706 eie-veterum

1393 712 1648 749 monumentis
1666 711 1879 751 discendum
1902 739 1912 757 ,
1936 713 1974 750 in
2001 712 2132 762 quibus
2151 711 2177 749 fi
2199 713 2304 749 ὂικεῖοι
2321 715 2431 764 saepi-

1393 761 1474 799 cule
1493 774 1560 811 pro
1590 761 1708 800 domo
1739 763 1778 800 δε
1808 763 1890 801 sede
1921 761 2121 801 domestica
2139 764 2229 812 poni
2251 765 2431 804 inveneri-

1392 823 1478 850 mus
1492 841 1503 857 ‚
1530 825 1646 851 nemo
1665 814 1777 862 genio
1797 814 1833 851 id
1854 815 2002 863 linguae
2014 814 2107 851 illius
2117 825 2317 862 repugnare
2329 814 2429 854 dixe-

1387 864 1443 900 rit.
1472 864 1617 902 Praeter
1638 863 1882 913 Theophrast.
1902 866 2006 915 cujus
2024 865 2071 902 est
2090 863 2179 902 illud
2205 865 2243 902 in
2264 864 2310 902 de
2327 866 2428 907 Caus.

1388 914 1504 954 Plant.
1518 914 1600 955 Lib.
1615 926 1760 963 iv.cap.
1780 914 1931 963 ῐς.ὃ’τοιν
1953 918 2052 959 σῖτος
2071 913 2124 956 εἷς
2146 917 2197 951 ‘ric
2217 914 2327 951 ὅικεῖει
2338 917 2432 964 τέθῃ,

1389 965 1486 1003 addo
1508 975 1609 1003 nunc
1628 966 1677 1002 ita
1697 965 1802 1014 loqui
1832 966 1943 1004 etiam
1964 965 2203 1004 Parthenium
2234 965 2337 1004 Erot.
2355 978 2430 1017 cap.

1390 1026 1450 1062 27.
1480 1017 1819 1061 Κοιῐ,ἐργοισοιμένκν
1840 1016 2002 1054 ἐνιαυτὸν
2021 1016 2139 1059 ῧςερον
2160 1014 2203 1052 ἐκ
2218 1018 2286 1054 τῶν
2308 1016 2431 1056 &ausim

1390 1066 1533 1104 ἐλοῑσοει
1556 1095 1566 1111 ,
1594 1066 1734 1104 aedibus
1765 1067 1930 1117 expulisse.
1968 1068 2114 1106 Aelian.
2135 1068 2223 1104 Var.
2247 1066 2342 1106 Hist.
2365 1066 2434 1112 1ib.,

1390 1129 1453 1154 111.
1471 1129 1548 1167 cap.
1573 1130 1627 1164 ¹7·
1658 1113 1829 1164 Α’γειγεΐν
1844 1124 1913 1160 ,τὴν
1939 1119 2051 1157 ὀπίσω
2077 1115 2127 1159 εἷς
2147 1121 2196 1154 era
2217 1117 2350 1164 ὃικεῖοι,
2372 1118 2432 1168 ἀοσ-

1390 1181 1490 1204 mum
1510 1168 1674 1206 reducere.
1703 1170 1859 1207 Lucian.
1877 1170 1916 1207 in
1935 1170 2074 1208 Afino:
2106 1170 2177 1214 Πρό
2201 1169 2266 1210 τῆς
2282 1166 2429 1214 ἑσπέρας

1388 1217 1606 1262 ἤλθομενεῖς
1628 1221 1681 1256 τΞι
1702 1220 1810 1258 bansta
1824 1248 1835 1265 ,
1874 1220 2017 1258 domum
2036 1219 2210 1257 venimus.
2235 1219 2369 1258 Tzetz.
2391 1218 2428 1259 in

1390 1270 1633 1318 Lycophron.
1656 1283 1736 1320 pag.
1753 1284 1833 1319 150.
1861 1271 2015 1309 Edssas.
2029 1269 2188 1315 Αἰαντος
2218 1271 2283 1306 τοῦ
2298 1271 2432 1315 Λοκροῦ

1387 1323 1467 1362 περὶ
1487 1322 1556 1362 τὰς
1578 1324 1715 1365 ,Γυρέιις
1743 1324 1881 1367 πέτρας
1908 1322 2172 1368 ναυαγήσαντος
2199 1348 2210 1366 ,
2247 1321 2280 1356 οἱ
2304 1323 2431 1367 Λοκροὶ

1385 1371 1490 1415 μόλις
1507 1370 1673 1415 σωθέντες
1692 1370 1855 1416 ἦλθον-εἷς
1876 1376 1929 1410 4τοὶ
1948 1373 2232 1418 ὂικεῖοι,άοιηιιιη
2250 1382 2429 1412 venerunt.

1386 1421 1541 1460 Adhaec
1570 1424 1896 1472 quemadmodum
1918 1425 2014 1474 apud
2045 1424 2200 1462 Latinos
2223 1422 2344 1460 domus
2361 1435 2426 1472 pro

1384 1471 1499 1521 patria
1523 1500 1535 1518 ,
1569 1474 1619 1511 ita
1653 1476 1692 1512 ὅ(
1720 1475 1817 1524 apud
1845 1476 2008 1514 Graecos
2041 1478 2091 1512 τΞι
2114 1475 2224 1513 ὂικεῖοι
2243 1482 2427 1523 ponuntur

1385 1523 1583 1562 interdum.
1611 1525 1824 1564 Parthenius
1849 1527 1953 1564 Erot.
1975 1538 2053 1575 cap.
2073 1538 2106 1573 4.
2144 1525 2309 1570 Πὸλεμον
2328 1525 2430 1562 ἐπά-
2482 1551 2483 1554 =

1385 1573 1492 1621 ξετοιι
1516 1577 1588 1618 τοῖς
1610 1575 1763 1621 ὂικεὶοις,
1791 1576 1918 1614 bellum
1932 1579 2071 1627 patriae
2093 1577 2228 1624 inferet.
2278 1576 2326 1613 Et
2344 1574 2430 1625 quid
2482 1610 2483 1617 ,

1386 1627 1527 1663 mirum
1562 1626 1672 1663 ὸικεῖοι
1701 1639 1767 1675 pro
1798 1627 1917 1667 domo
1947 1628 2096 1676 accipi,
2132 1639 2217 1664 cum
2245 1627 2437 1671 συνώνυμον
2480 1635 2483 1657 1

1385 1676 1461 1725 ejus
1483 1676 1554 1712 ἰ’ἕιοι
1576 1689 1624 1714 eo
1644 1677 1743 1716 sensu
1762 1679 1877 1728 accipi
1895 1689 2164 1727 nonnunquam
2185 1676 2434 1726 deprehenda-
2480 1679 2481 1682 ’

1383 1725 1475 1764 tur?
1504 1739 1530 1764 1.
1552 1727 1650 1766 Esdr.
1678 1740 1756 1778 cap.
1781 1742 1838 1767 .vr.
1859 1729 1918 1772 fis.
1943 1741 2003 1778 32.
2038 1731 2223 1774 Ληφθῆναι
2250 1727 2356 1774 ξύλον
2379 1728 2432 1765 ἐκ

1383 1778 1450 1813 τῶν
1471 1776 1565 1816 ἰδίων
1584 1778 1715 1824 αὐτοῦ,
1743 1791 1783 1816 ut
1808 1781 1969 1826 sumatur
1994 1781 2127 1829 lignum
2145 1780 2186 1816 de
2213 1778 2310 1815 domo
2339 1779 2432 1828 ejus,
2478 1790 2480 1793 ·

1384 1827 1467 1865 sane
1489 1830 1527 1866 in
1552 1829 1648 1867 Esdr.
1668 1831 1813 1868 Canon.
1843 1843 1919 1880 cap.
1941 1843 1993 1870 vr.
2023 1831 2080 1874 sss.
2117 1843 2172 1869 11.
2207 1841 2274 1878 pro
2293 1825 2344 1865 ἐκ
2367 1829 2433 1866 τῶν

1384 1877 1477 1915 ἰδίων
1497 1879 1672 1924 habetur,
1702 1882 1753 1916 ἐκ
1787 1883 1851 1924 τῆς
1881 1882 2004 1924 ὀικίκς.
2042 1881 2201 1930 Vulgata
2232 1879 2428 1925 transtulit,

1385 1939 1426 1966 ut
1441 1931 1608 1978 sumatur
1627 1930 1761 1979 lignum
1786 1932 1826 1968 de
1847 1931 1923 1980 suis
1946 1931 2101 1980 propriis.
2156 1931 2344 1968 Nimirum
2366 1930 2432 1979 sua
2475 1955 2478 1960 ·

1388 1981 1594 2030 velpropria
1616 1990 1752 2019 vocant
1774 1984 1884 2019 etiam
1908 1983 2032 2019 Latini
2053 1981 2150 2019 sedes
2167 1981 2244 2018 suas
2261 1980 2432 2020 domesti-
2476 2019 2478 2021 .

1391 2043 1459 2069 cas.
1505 2033 1634 2069 Amm.
1654 2033 1805 2070 Marcel.
1824 2033 1885 2070 lib.
1903 2045 1984 2070 xvx.
2007 2044 2088 2081 pag.
2115 2032 2195 2081 136.
2217 2031 2282 2068 Ed.
2310 2031 2427 2071 Boxh.

1389 2087 1502 2131 Rapta
1517 2083 1739 2131 sarcinarum
1753 2084 2039 2132 &jumentorum
2051 2095 2129 2119 cum
2151 2081 2427 2130 calonibusparte

1391 2133 1551 2169 maxima
1572 2133 1660 2170 redit
1681 2134 1728 2170 ad
1738 2135 1819 2183 sua.
1847 2134 2040 2171 Lib.xvn.
2069 2145 2149 2182 pag.
2171 2132 2252 2181 158.
2279 2137 2321 2167 Ut
2331 2141 2429 2180 ponte
2472 2135 2477 2183 j

1388 2186 1555 2231 compasta
1575 2184 1795 2236 transgrcffus
1814 2185 1851 2221 in
1866 2184 1941 2233 suis
1958 2183 2146 2234 requireret
2165 2181 2340 2226 barbaros,
2353 2195 2434 2220 cum*

1387 2233 1526 2270 nullum
1542 2235 1726 2285 reliquiſjet
1746 2237 1782 2272 in
1801 2235 1931 2282 nostris.
1965 2235 2011 2272 Et
2030 2247 2109 2284 pag.
2136 2235 2216 2283 163.
2244 2233 2428 2282 Repedavit
2469 2234 2475 2283 ξ

1388 2284 1436 2319 ad
1459 2289 1538 2332 sua.
1575 2285 1754 2334 Interpres
1783 2285 1928 2324 Abdiae
1953 2285 2077 2336 Babyl.
2097 2285 2159 2324 lib.
2179 2296 2344 2333 111.„pag.
2368 2296 2426 2324 ιο.
2470 2306 2473 2323 ,-

1387 2333 1494 2375 Abiit
1513 2336 1742 2386 unusquisque
1763 2337 1810 2374 ad
1828 2337 1975 2386 propria.
2002 2349 2081 2385 pag.
2105 2347 2161 2384 34.
2202 2341 2294 2372 Cum
2314 2348 2431 2372 raven.

1389 2385 1476 2433 tiffet
1496 2386 1544 2422 ad
1560 2387 1706 2436 propria.
1724 2388 1903 2437 Euagrius
1935 2388 1973 2429 in
2005 2388 2080 2426 vita
2093 2387 2283 2431 Antonii,
2300 2384 2426 2426 ,abibat
2470 2387 2472 2401 ³

1388 2436 1437 2471 ad
1449 2436 1528 2483 sua.
1566 2439 1713 2475 Petron.
1742 2439 1887 2487 Fragm.
1910 2439 2023 2487 Trag.
2044 2449 2123 2487 pag.
2149 2450 2206 2486 50.
2234 2435 2302 2474 Ed.
2327 2436 2423 2475 Blav.

1391 2486 1612 2539 osculatique
1630 2489 1784 2538 mensam
1798 2517 1809 2533 ‚
1837 2502 1994 2538 rogamus
2014 2491 2221 2532 nocturnas,
2249 2497 2289 2523 ut
2298 2486 2373 2535 suis
2387 2486 2424 2537 ft
2467 2511 2469 2514 <

1385 2546 1526 2574 teneant
1540 2566 1549 2581 ‚
1570 2539 1655 2576 dum
1675 2540 1826 2578 redimus
1847 2539 2001 2576 acaena.
2027 2540 2164 2578 11.ε.ἐν
2188 2540 2261 2581 τοῖς
2282 2537 2422 2580 bauaima.
2466 2535 2469 2579 ξ

1384 2587 1507 2625 Etiam
1528 2590 1665 2627 Plinius
1685 2589 1745 2627 lib.
1771 2604 1800 2629 1.
1820 2592 1886 2638 Ep.
1900 2602 1934 2637 4.
1953 2588 1987 2638 fi
2016 2589 2155 2640 quando
2180 2589 2218 2626 in
2244 2589 2354 2637 nostra
2370 2587 2423 2625 di·
2465 2598 2469 2630 Ν·

1383 2639 1539 2676 verteris.
1569 2639 1688 2676 Οἰκία
1707 2652 1784 2677 non
1803 2639 1873 2678 effe
1902 2638 2072 2679 usitatum
2105 2639 2350 2688 πεζόγρκφοις
2367 2636 2422 2678 vel
2464 2656 2466 2661 ’

1382 2688 1468 2726 inde
1487 2690 1626 2738 liquet,
1652 2690 1755 2739 quod
1772 2699 1947 2741 tanquam
1968 2702 2087 2729 rarum
2110 2691 2200 2740 quid
2219 2692 2257 2729 in
2269 2690 2421 2729 Arriano
2463 2718 2466 2737 ι

1382 2738 1419 2776 id
1436 2749 1589 2778 annotet
1601 2741 1815 2782 Eustathius.
1841 2743 1894 2780 At
1912 2742 2122 2791 frequenter
2137 2741 2234 2789 apud
2251 2739 2422 2782 Herodo-
2464 2740 2465 2770 i

1386 2798 1466 2826 tum
1484 2792 1653 2828 occurrit.
1680 2803 1757 2829 non
1784 2804 1898 2842 nego.
1924 2792 1984 2829 sed
2005 2791 2312 2842 indefieriidajo,
2324 2787 2422 2840 quod
2462 2810 2465 2826 t

1387 2840 1537 2888 scriptor
1555 2842 1616 2879 ille
1633 2842 1784 2889 Jonicus
1801 2843 1854 2881 fit.
1907 2843 2008 2881 Nam
2037 2842 2174 2880 Ionum
2203 2842 2252 2880 est
2272 2854 2316 2879 ex
2335 2838 2421 2878 mas-
2461 2883 2463 2892 2

1390 2891 1517 2929 culinis
1556 2892 1614 2929 vel
1633 2894 1845 2932 foemininis
1865 2894 1984 2932 facere
2014 2902 2154 2931 neutra.
2207 2893 2352 2940 Colligo
2377 2900 2422 2927 ex
2461 2902 2465 2922 f

1391 2941 1511 2977 Schol.
1537 2941 1715 2990 Aponon.
1744 2944 1789 2982 ad
1820 2945 1883 2982 lib.
1916 2956 1995 2982 111.
2024 2944 2117 2982 vers.
2145 2955 2225 2993 137.
2248 2944 2286 2980 δε
2305 2939 2422 2979 Schol.
2460 2954 2463 2986 ς

1385 2990 1548 3028 Homer.
1578 2992 1623 3028 ad
1651 2993 1752 3030 lliad.
1780 2998 1817 3032 E.
1851 2995 1936 3033 vers.
1964 3006 2046 3040 772.
2080 2995 2173 3032 illius
2206 2994 2314 3031 verba
2331 2990 2419 3029 sunt}
2460 2987 2463 3013 *⁸

1382 3041 1514 3075 Κύκλοι
1541 3042 1644 3085 λέγει
1673 3047 1753 3086 τοῦς
1779 3044 1946 3091 ῥόμβους,
1972 3045 2207 3084 κυκλῶμκτα.
2233 3038 2420 3083 Ιωνικῶςδὲ
2459 3058 2461 3071 =

1382 3092 1432 3125 τέι
1458 3092 1578 3128 κύκλα
1602 3090 1687 3129 οἰντῖ
1718 3099 1800 3137 τοῦς
1828 3099 2002 3140 κύκλους,
2029 3097 2071 3139 ὡς
2090 3095 2211 3139 λύχνα
2231 3091 2420 3139 κκῖἷῖφρὲὒ
2459 3091 2461 3097 ¹

1386 3142 1528 3179 Confer
1557 3143 1723 3191 Etymol.
1758 3147 1889 3198 Magni
1917 3147 2122 3189 Auctorem
2144 3157 2224 3195 pag.
2247 3144 2328 3194 585.
2355 3139 2421 3185 Ed,

1391 3191 1555 3242 Sylburg.
1583 3194 1805 3236 Muncxm,

2206 3307 2286 3346 191·
2312 3285 2425 3342 affy-3
