<?xml version="1.0" encoding="UTF-8"?>
<!DOCTYPE html PUBLIC "-//W3C//DTD XHTML 1.0 Transitional//EN"
    "http://www.w3.org/TR/xhtml1/DTD/xhtml1-transitional.dtd">
<html xmlns="http://www.w3.org/1999/xhtml" xml:lang="en" lang="en">
 <head>
  <title>
</title>
<meta http-equiv="Content-Type" content="text/html;charset=utf-8" />
  <meta name='ocr-system' content='tesseract 3.04.00' />
  <meta name='ocr-capabilities' content='ocr_page ocr_carea ocr_par ocr_line ocrx_word'/>
</head>
<body>
  <div class='ocr_page' id='page_1' title='image "./publiiovidiinaso02ovid_0020.png"; bbox 0 0 2483 3616; ppageno 0'>
   <div class='ocr_carea' id='block_1_1' title="bbox 211 173 271 208">
    <p class='ocr_par' dir='ltr' id='par_1_1' title="bbox 211 173 271 208">
     <span class='ocr_line' id='line_1_1' title="bbox 211 173 271 208; baseline 0.033 -2"><span class='ocrx_word' id='word_1_1' title='bbox 211 173 271 208; x_wconf 66' lang='lat'><em>10</em></span> 
     </span>
    </p>
   </div>
   <div class='ocr_carea' id='block_1_2' title="bbox 670 126 1828 203">
    <p class='ocr_par' dir='ltr' id='par_1_2' title="bbox 670 126 1828 203">
     <span class='ocr_line' id='line_1_2' title="bbox 670 126 1828 203; baseline -0.003 -1"><span class='ocrx_word' id='word_1_2' title='bbox 670 144 735 202; x_wconf 77' lang='grc' dir='ltr'><em>Ρ.</em></span> <span class='ocrx_word' id='word_1_3' title='bbox 809 142 1219 203; x_wconf 83' lang='lat' dir='ltr'><em>oV1D11</em></span> <span class='ocrx_word' id='word_1_4' title='bbox 1292 126 1828 198; x_wconf 78' lang='lat' dir='ltr'><strong>NASONIS</strong></span> 
     </span>
    </p>
   </div>
   <div class='ocr_carea' id='block_1_3' title="bbox 205 229 2339 365">
    <p class='ocr_par' dir='ltr' id='par_1_3' title="bbox 205 229 2339 365">
     <span class='ocr_line' id='line_1_3' title="bbox 205 229 2339 302; baseline -0.006 -8"><span class='ocrx_word' id='word_1_5' title='bbox 205 251 336 294; x_wconf 85' lang='lat' dir='ltr'><em>terent</em></span> <span class='ocrx_word' id='word_1_6' title='bbox 349 247 516 302; x_wconf 75' lang='lat' dir='ltr'><em>partem</em></span> <span class='ocrx_word' id='word_1_7' title='bbox 537 232 556 261; x_wconf 77' lang='lat'><em>*¹</em></span> <span class='ocrx_word' id='word_1_8' title='bbox 580 234 779 297; x_wconf 83' lang='lat' dir='ltr'><em>universa</em></span> <span class='ocrx_word' id='word_1_9' title='bbox 795 251 896 297; x_wconf 87' lang='lat' dir='ltr'><em>:per</em></span> <span class='ocrx_word' id='word_1_10' title='bbox 918 251 1023 298; x_wconf 82' lang='lat' dir='ltr'><em>quae</em></span> <span class='ocrx_word' id='word_1_11' title='bbox 1033 235 1138 297; x_wconf 83' lang='lat' dir='ltr'><em>solis</em></span> <span class='ocrx_word' id='word_1_12' title='bbox 1151 232 1348 295; x_wconf 79' lang='lat' dir='ltr'><em>splendor</em></span> <span class='ocrx_word' id='word_1_13' title='bbox 1368 248 1419 279; x_wconf 83' lang='lat' dir='ltr'><em>ac</em></span> <span class='ocrx_word' id='word_1_14' title='bbox 1442 229 1451 258; x_wconf 63' lang='lat' dir='ltr'><em>i</em></span> <span class='ocrx_word' id='word_1_15' title='bbox 1472 235 1594 280; x_wconf 83' lang='lat' dir='ltr'><em>lunae</em></span> <span class='ocrx_word' id='word_1_16' title='bbox 1618 244 1854 294; x_wconf 82' lang='lat' dir='ltr'><em>vagaretur</em></span> <span class='ocrx_word' id='word_1_17' title='bbox 1867 248 1884 280; x_wconf 85' lang='lat'><em>.·</em></span> <span class='ocrx_word' id='word_1_18' title='bbox 1889 233 2139 296; x_wconf 77' lang='lat' dir='ltr'><em>gruvzffinta</em></span> <span class='ocrx_word' id='word_1_19' title='bbox 2162 243 2339 298; x_wconf 71' lang='lat' dir='ltr'><em>autem,</em></span> 
     </span>
     <span class='ocr_line' id='line_1_4' title="bbox 208 299 1330 365; baseline -0.012 -11"><span class='ocrx_word' id='word_1_20' title='bbox 208 311 384 365; x_wconf 78' lang='lat' dir='ltr'><em>huntus,</em></span> <span class='ocrx_word' id='word_1_21' title='bbox 421 306 660 365; x_wconf 71' lang='lat' dir='ltr'><em>liquorque,</em></span> <span class='ocrx_word' id='word_1_22' title='bbox 693 303 738 347; x_wconf 85' lang='lat' dir='ltr'><em>in</em></span> <span class='ocrx_word' id='word_1_23' title='bbox 768 302 855 348; x_wconf 79' lang='lat' dir='ltr'><em>ima</em></span> <span class='ocrx_word' id='word_1_24' title='bbox 870 310 997 361; x_wconf 82' lang='lat' dir='ltr'><em>parte</em></span> <span class='ocrx_word' id='word_1_25' title='bbox 1028 299 1045 325; x_wconf 77' lang='lat'><em>¹‘</em></span> <span class='ocrx_word' id='word_1_26' title='bbox 1056 299 1330 361; x_wconf 72' lang='lat' dir='ltr'><em>subsiderent.</em></span> 
     </span>
    </p>
   </div>
   <div class='ocr_carea' id='block_1_4' title="bbox 391 392 2205 686">
    <p class='ocr_par' dir='ltr' id='par_1_4' title="bbox 391 392 2205 686">
     <span class='ocr_line' id='line_1_5' title="bbox 391 392 2205 468; baseline -0.001 -19"><span class='ocrx_word' id='word_1_27' title='bbox 391 456 394 459; x_wconf 53' lang='grc'><strong>,</strong></span> <span class='ocrx_word' id='word_1_28' title='bbox 426 419 455 468; x_wconf 79' lang='lat'><em>5</em></span> <span class='ocrx_word' id='word_1_29' title='bbox 622 395 757 458; x_wconf 86' lang='lat' dir='ltr'><em>Nte‚</em></span> <span class='ocrx_word' id='word_1_30' title='bbox 794 412 939 450; x_wconf 78' lang='lat' dir='ltr'><em>mare</em></span> <span class='ocrx_word' id='word_1_31' title='bbox 979 395 1033 448; x_wconf 85' lang='lat'>&amp;</span> <span class='ocrx_word' id='word_1_32' title='bbox 1059 392 1337 457; x_wconf 77' lang='lat' dir='ltr'><em>tellu3,&amp;‚</em></span> <span class='ocrx_word' id='word_1_33' title='bbox 1375 392 1524 465; x_wconf 86' lang='lat' dir='ltr'><em>quod</em></span> <span class='ocrx_word' id='word_1_34' title='bbox 1549 394 1684 463; x_wconf 86' lang='lat' dir='ltr'><em>tegit</em></span> <span class='ocrx_word' id='word_1_35' title='bbox 1714 394 1920 459; x_wconf 83' lang='lat' dir='ltr'><em>omnia,</em></span> <span class='ocrx_word' id='word_1_36' title='bbox 1957 394 2205 458; x_wconf 76' lang='lat' dir='ltr'><em>coelum,</em></span> 
     </span>
     <span class='ocr_line' id='line_1_6' title="bbox 624 465 1849 529; baseline -0.001 -8"><span class='ocrx_word' id='word_1_37' title='bbox 624 467 774 522; x_wconf 82' lang='lat' dir='ltr'><em>Unus</em></span> <span class='ocrx_word' id='word_1_38' title='bbox 811 481 920 521; x_wconf 83' lang='lat' dir='ltr'><em>erat</em></span> <span class='ocrx_word' id='word_1_39' title='bbox 960 480 1079 521; x_wconf 92' lang='lat' dir='ltr'><em>toto</em></span> <span class='ocrx_word' id='word_1_40' title='bbox 1117 467 1350 521; x_wconf 78' lang='lat' dir='ltr'><em>Naturae</em></span> <span class='ocrx_word' id='word_1_41' title='bbox 1389 465 1562 518; x_wconf 81' lang='lat' dir='ltr'><em>vultus</em></span> <span class='ocrx_word' id='word_1_42' title='bbox 1597 465 1652 518; x_wconf 78' lang='lat' dir='ltr'><em>in</em></span> <span class='ocrx_word' id='word_1_43' title='bbox 1691 466 1849 529; x_wconf 86' lang='lat' dir='ltr'><em>orbe,</em></span> 
     </span>
     <span class='ocr_line' id='line_1_7' title="bbox 499 536 1968 613; baseline -0.001 -18"><span class='ocrx_word' id='word_1_44' title='bbox 499 544 685 613; x_wconf 77' lang='lat' dir='ltr'><em>Quem</em></span> <span class='ocrx_word' id='word_1_45' title='bbox 711 539 897 594; x_wconf 70' lang='lat' dir='ltr'><em>dixere</em></span> <span class='ocrx_word' id='word_1_46' title='bbox 933 540 1142 602; x_wconf 76' lang='lat' dir='ltr'><em>Cha033</em></span> <span class='ocrx_word' id='word_1_47' title='bbox 1183 538 1328 592; x_wconf 86' lang='lat' dir='ltr'><em>rudis</em></span> <span class='ocrx_word' id='word_1_48' title='bbox 1366 536 1731 610; x_wconf 84' lang='lat' dir='ltr'><em>indigestaque</em></span> <span class='ocrx_word' id='word_1_49' title='bbox 1767 540 1968 601; x_wconf 85' lang='lat' dir='ltr'><em>moles;</em></span> 
     </span>
     <span class='ocr_line' id='line_1_8' title="bbox 495 610 2196 686; baseline -0.001 -16"><span class='ocrx_word' id='word_1_50' title='bbox 495 615 613 670; x_wconf 88' lang='lat' dir='ltr'><em>Nec</em></span> <span class='ocrx_word' id='word_1_51' title='bbox 654 612 980 686; x_wconf 80' lang='lat' dir='ltr'>quidquam,</span> <span class='ocrx_word' id='word_1_52' title='bbox 1016 612 1111 668; x_wconf 86' lang='lat' dir='ltr'><em>nisi</em></span> <span class='ocrx_word' id='word_1_53' title='bbox 1149 611 1362 685; x_wconf 82' lang='lat' dir='ltr'><em>pondus</em></span> <span class='ocrx_word' id='word_1_54' title='bbox 1386 610 1557 673; x_wconf 75' lang='lat' dir='ltr'><em>iner53</em></span> <span class='ocrx_word' id='word_1_55' title='bbox 1599 611 1956 685; x_wconf 87' lang='lat' dir='ltr'><em>congestaque</em></span> <span class='ocrx_word' id='word_1_56' title='bbox 1997 611 2196 668; x_wconf 88' lang='lat' dir='ltr'><em>eodem</em></span> 
     </span>
    </p>
   </div>
   <div class='ocr_carea' id='block_1_5' title="bbox 214 798 1290 3279">
    <p class='ocr_par' dir='ltr' id='par_1_5' title="bbox 261 798 1223 908">
     <span class='ocr_line' id='line_1_9' title="bbox 261 798 1223 856; baseline -0.009 -11"><span class='ocrx_word' id='word_1_57' title='bbox 261 808 370 846; x_wconf 64' lang='lat' dir='ltr'><em>&#39;Nunc</em></span> <span class='ocrx_word' id='word_1_58' title='bbox 392 805 481 850; x_wconf 85' lang='lat' dir='ltr'><em>tibi,</em></span> <span class='ocrx_word' id='word_1_59' title='bbox 498 803 534 855; x_wconf 78' lang='lat' dir='ltr'><em>fi</em></span> <span class='ocrx_word' id='word_1_60' title='bbox 556 818 626 856; x_wconf 76' lang='lat' dir='ltr'><em>qua</em></span> <span class='ocrx_word' id='word_1_61' title='bbox 648 814 738 842; x_wconf 82' lang='lat' dir='ltr'><em>tenes</em></span> <span class='ocrx_word' id='word_1_62' title='bbox 759 802 804 839; x_wconf 83' lang='lat' dir='ltr'><em>ab</em></span> <span class='ocrx_word' id='word_1_63' title='bbox 826 802 951 851; x_wconf 72' lang='lat' dir='ltr'><em>origine</em></span> <span class='ocrx_word' id='word_1_64' title='bbox 976 801 1082 838; x_wconf 79' lang='lat' dir='ltr'><em>dicere</em></span> <span class='ocrx_word' id='word_1_65' title='bbox 1097 798 1223 850; x_wconf 76' lang='lat' dir='ltr'><em>prima</em></span> 
     </span>
     <span class='ocr_line' id='line_1_10' title="bbox 318 858 496 908; baseline -0.011 -12"><span class='ocrx_word' id='word_1_66' title='bbox 318 858 496 908; x_wconf 79' lang='lat' dir='ltr'><em>Incipiam.</em></span> 
     </span>
    </p>

    <p class='ocr_par' dir='ltr' id='par_1_6' title="bbox 215 909 409 948">
     <span class='ocr_line' id='line_1_11' title="bbox 215 909 409 948; baseline -0.015 0"><span class='ocrx_word' id='word_1_67' title='bbox 215 909 409 948; x_wconf 77' lang='lat' dir='ltr'><em>Lucanus:</em></span> 
     </span>
    </p>

    <p class='ocr_par' dir='ltr' id='par_1_7' title="bbox 266 953 1120 1009">
     <span class='ocr_line' id='line_1_12' title="bbox 266 953 1120 1009; baseline -0.007 -12"><span class='ocrx_word' id='word_1_68' title='bbox 266 965 324 997; x_wconf 83' lang='lat' dir='ltr'><em>At</em></span> <span class='ocrx_word' id='word_1_69' title='bbox 338 958 447 1009; x_wconf 79' lang='lat' dir='ltr'><em>fimul</em></span> <span class='ocrx_word' id='word_1_70' title='bbox 469 957 493 995; x_wconf 70' lang='grc' dir='ltr'><em>ὰ</em></span> <span class='ocrx_word' id='word_1_71' title='bbox 514 958 629 1008; x_wconf 83' lang='lat' dir='ltr'><em>prima</em></span> <span class='ocrx_word' id='word_1_72' title='bbox 652 955 821 1005; x_wconf 81' lang='lat' dir='ltr'><em>descendit</em></span> <span class='ocrx_word' id='word_1_73' title='bbox 844 953 970 1003; x_wconf 80' lang='lat' dir='ltr'><em>origine</em></span> <span class='ocrx_word' id='word_1_74' title='bbox 994 955 1120 991; x_wconf 85' lang='lat' dir='ltr'><em>mundi</em></span> 
     </span>
    </p>

    <p class='ocr_par' dir='ltr' id='par_1_8' title="bbox 214 1003 1186 1111">
     <span class='ocr_line' id='line_1_13' title="bbox 267 1003 1186 1060; baseline -0.005 -12"><span class='ocrx_word' id='word_1_75' title='bbox 267 1010 472 1060; x_wconf 80' lang='lat' dir='ltr'><em>Cauffarum</em></span> <span class='ocrx_word' id='word_1_76' title='bbox 487 1009 609 1058; x_wconf 86' lang='lat' dir='ltr'><em>series:</em></span> <span class='ocrx_word' id='word_1_77' title='bbox 638 1019 743 1058; x_wconf 68' lang='lat' dir='ltr'><em>atque</em></span> <span class='ocrx_word' id='word_1_78' title='bbox 765 1004 882 1044; x_wconf 80' lang='lat' dir='ltr'><em>omnia</em></span> <span class='ocrx_word' id='word_1_79' title='bbox 896 1006 986 1052; x_wconf 79' lang='lat' dir='ltr'><em>fata</em></span> <span class='ocrx_word' id='word_1_80' title='bbox 1008 1003 1186 1044; x_wconf 65' lang='lat' dir='ltr'><em>laborant.</em></span> 
     </span>
     <span class='ocr_line' id='line_1_14' title="bbox 214 1062 426 1111; baseline -0.009 -12"><span class='ocrx_word' id='word_1_81' title='bbox 214 1062 426 1111; x_wconf 62' lang='lat' dir='ltr'><em>Cromnos.</em></span> 
     </span>
    </p>

    <p class='ocr_par' dir='ltr' id='par_1_9' title="bbox 266 1109 734 1161">
     <span class='ocr_line' id='line_1_15' title="bbox 266 1109 734 1161; baseline -0.006 -12"><span class='ocrx_word' id='word_1_82' title='bbox 266 1125 301 1159; x_wconf 80' lang='lat'><em>4.</em></span> <span class='ocrx_word' id='word_1_83' title='bbox 328 1119 533 1161; x_wconf 76' lang='lat' dir='ltr'><em>Perpetuam</em></span> <span class='ocrx_word' id='word_1_84' title='bbox 555 1109 734 1159; x_wconf 67' lang='lat' dir='ltr'><em>carmem]</em></span> 
     </span>
    </p>

    <p class='ocr_par' dir='ltr' id='par_1_10' title="bbox 270 1157 1261 1213">
     <span class='ocr_line' id='line_1_16' title="bbox 270 1157 1261 1213; baseline -0.007 -13"><span class='ocrx_word' id='word_1_85' title='bbox 270 1169 359 1200; x_wconf 79' lang='lat' dir='ltr'><em>Sunt</em></span> <span class='ocrx_word' id='word_1_86' title='bbox 380 1162 501 1213; x_wconf 70' lang='lat' dir='ltr'><em>quibus</em></span> <span class='ocrx_word' id='word_1_87' title='bbox 523 1175 634 1198; x_wconf 83' lang='lat' dir='ltr'><em>unum</em></span> <span class='ocrx_word' id='word_1_88' title='bbox 657 1170 734 1210; x_wconf 78' lang='lat' dir='ltr'><em>opus</em></span> <span class='ocrx_word' id='word_1_89' title='bbox 756 1159 799 1207; x_wconf 83' lang='lat' dir='ltr'><em>est</em></span> <span class='ocrx_word' id='word_1_90' title='bbox 820 1159 973 1195; x_wconf 67' lang='lat' dir='ltr'><em>intactae</em></span> <span class='ocrx_word' id='word_1_91' title='bbox 986 1157 1145 1195; x_wconf 83' lang='lat' dir='ltr'><em>Palladis</em></span> <span class='ocrx_word' id='word_1_92' title='bbox 1167 1169 1261 1194; x_wconf 79' lang='lat' dir='ltr'><em>arces</em></span> 
     </span>
    </p>

    <p class='ocr_par' dir='ltr' id='par_1_11' title="bbox 218 1210 1262 1362">
     <span class='ocr_line' id='line_1_17' title="bbox 268 1210 811 1263; baseline -0.007 -12"><span class='ocrx_word' id='word_1_93' title='bbox 268 1214 434 1250; x_wconf 77' lang='lat' dir='ltr'><em>Carmine</em></span> <span class='ocrx_word' id='word_1_94' title='bbox 450 1222 605 1263; x_wconf 84' lang='lat' dir='ltr'><em>perpetuo</em></span> <span class='ocrx_word' id='word_1_95' title='bbox 637 1210 811 1248; x_wconf 86' lang='lat' dir='ltr'><em>celebrare.</em></span> 
     </span>
     <span class='ocr_line' id='line_1_18' title="bbox 218 1257 1262 1310; baseline -0.007 -9"><span class='ocrx_word' id='word_1_96' title='bbox 218 1264 321 1302; x_wconf 86' lang='lat' dir='ltr'><em>Male</em></span> <span class='ocrx_word' id='word_1_97' title='bbox 345 1264 545 1301; x_wconf 83' lang='lat' dir='ltr'><em>continuum</em></span> <span class='ocrx_word' id='word_1_98' title='bbox 579 1262 638 1300; x_wconf 84' lang='lat' dir='ltr'><em>hic</em></span> <span class='ocrx_word' id='word_1_99' title='bbox 663 1260 814 1310; x_wconf 85' lang='lat' dir='ltr'><em>quidam</em></span> <span class='ocrx_word' id='word_1_100' title='bbox 848 1258 1005 1297; x_wconf 84' lang='lat' dir='ltr'><em>codices.</em></span> <span class='ocrx_word' id='word_1_101' title='bbox 1029 1257 1084 1310; x_wconf 33' lang='lat' dir='ltr'><em>*fic</em></span> <span class='ocrx_word' id='word_1_102' title='bbox 1098 1268 1262 1310; x_wconf 81' lang='lat' dir='ltr'><em>perpetua</em></span> 
     </span>
     <span class='ocr_line' id='line_1_19' title="bbox 219 1309 1015 1362; baseline -0.008 -10"><span class='ocrx_word' id='word_1_103' title='bbox 219 1316 350 1358; x_wconf 80' lang='lat' dir='ltr'><em>oratio,</em></span> <span class='ocrx_word' id='word_1_104' title='bbox 377 1314 526 1362; x_wconf 79' lang='lat' dir='ltr'><em>Historia</em></span> <span class='ocrx_word' id='word_1_105' title='bbox 549 1312 724 1350; x_wconf 81' lang='lat' dir='ltr'><em>&amp;similia</em></span> <span class='ocrx_word' id='word_1_106' title='bbox 744 1311 871 1360; x_wconf 75' lang='lat' dir='ltr'><em>passini</em></span> <span class='ocrx_word' id='word_1_107' title='bbox 894 1309 1015 1347; x_wconf 83' lang='lat' dir='ltr'><em>obvia.</em></span> 
     </span>
    </p>

    <p class='ocr_par' dir='ltr' id='par_1_12' title="bbox 269 1362 1043 1413">
     <span class='ocr_line' id='line_1_20' title="bbox 269 1362 1043 1413; baseline -0.005 -12"><span class='ocrx_word' id='word_1_108' title='bbox 269 1378 304 1413; x_wconf 84' lang='lat'><em>4.</em></span> <span class='ocrx_word' id='word_1_109' title='bbox 331 1363 537 1413; x_wconf 86' lang='lat' dir='ltr'><em>Deducite.]</em></span> <span class='ocrx_word' id='word_1_110' title='bbox 567 1363 656 1401; x_wconf 86' lang='lat' dir='ltr'><em>Vid.</em></span> <span class='ocrx_word' id='word_1_111' title='bbox 667 1363 713 1400; x_wconf 84' lang='lat' dir='ltr'><em>ad</em></span> <span class='ocrx_word' id='word_1_112' title='bbox 731 1362 904 1399; x_wconf 83' lang='lat' dir='ltr'><em>1.Amor.</em></span> <span class='ocrx_word' id='word_1_113' title='bbox 918 1373 1043 1407; x_wconf 74' lang='lat' dir='ltr'><em>X1v.7.</em></span> 
     </span>
    </p>

    <p class='ocr_par' dir='ltr' id='par_1_13' title="bbox 219 1412 1271 1970">
     <span class='ocr_line' id='line_1_21' title="bbox 271 1412 1261 1465; baseline -0.004 -12"><span class='ocrx_word' id='word_1_114' title='bbox 271 1422 544 1465; x_wconf 80' lang='lat' dir='ltr'><em>Argumentum.</em></span> <span class='ocrx_word' id='word_1_115' title='bbox 558 1413 574 1463; x_wconf 91' lang='lat'>]</span> <span class='ocrx_word' id='word_1_116' title='bbox 599 1413 834 1452; x_wconf 80' lang='lat' dir='ltr'><em>Contulimus</em></span> <span class='ocrx_word' id='word_1_117' title='bbox 843 1412 936 1449; x_wconf 86' lang='lat' dir='ltr'><em>haec</em></span> <span class='ocrx_word' id='word_1_118' title='bbox 947 1419 1162 1460; x_wconf 80' lang='lat' dir='ltr'><em>argumenta</em></span> <span class='ocrx_word' id='word_1_119' title='bbox 1175 1422 1261 1449; x_wconf 88' lang='lat' dir='ltr'><em>cum</em></span> 
     </span>
     <span class='ocr_line' id='line_1_22' title="bbox 219 1462 1264 1512; baseline -0.006 -7"><span class='ocrx_word' id='word_1_120' title='bbox 219 1465 424 1505; x_wconf 80' lang='lat' dir='ltr'><em>Editionib.</em></span> <span class='ocrx_word' id='word_1_121' title='bbox 439 1464 623 1502; x_wconf 86' lang='lat' dir='ltr'><em>Parmenfi</em></span> <span class='ocrx_word' id='word_1_122' title='bbox 646 1464 750 1512; x_wconf 80' lang='lat'>1496.</span> <span class='ocrx_word' id='word_1_123' title='bbox 763 1465 802 1502; x_wconf 69' lang='grc' dir='ltr'><em>δε</em></span> <span class='ocrx_word' id='word_1_124' title='bbox 814 1462 1053 1512; x_wconf 80' lang='lat' dir='ltr'><em>Lugdunenfi</em></span> <span class='ocrx_word' id='word_1_125' title='bbox 1071 1463 1172 1512; x_wconf 75' lang='lat'><em>1518.</em></span> <span class='ocrx_word' id='word_1_126' title='bbox 1187 1465 1264 1500; x_wconf 67' lang='grc' dir='ltr'><em>’κό-</em></span> 
     </span>
     <span class='ocr_line' id='line_1_23' title="bbox 220 1512 1270 1565; baseline -0.006 -10"><span class='ocrx_word' id='word_1_127' title='bbox 220 1517 373 1555; x_wconf 85' lang='lat' dir='ltr'><em>loniens.</em></span> <span class='ocrx_word' id='word_1_128' title='bbox 390 1516 494 1565; x_wconf 77' lang='lat'>1556·</span> <span class='ocrx_word' id='word_1_129' title='bbox 504 1527 524 1552; x_wconf 84' lang='lat' dir='ltr'><em>a</em></span> <span class='ocrx_word' id='word_1_130' title='bbox 537 1515 702 1563; x_wconf 88' lang='lat' dir='ltr'><em>Gyberto</em></span> <span class='ocrx_word' id='word_1_131' title='bbox 715 1514 906 1561; x_wconf 82' lang='lat' dir='ltr'><em>Longoh&#39;o</em></span> <span class='ocrx_word' id='word_1_132' title='bbox 919 1513 1119 1562; x_wconf 68' lang='lat' dir='ltr'><em>cui‘ata‚qui</em></span> <span class='ocrx_word' id='word_1_133' title='bbox 1130 1512 1270 1562; x_wconf 89' lang='lat' dir='ltr'><em>Micyl-</em></span> 
     </span>
     <span class='ocr_line' id='line_1_24' title="bbox 222 1562 1268 1616; baseline -0.006 -11"><span class='ocrx_word' id='word_1_134' title='bbox 222 1568 356 1605; x_wconf 78' lang='lat' dir='ltr'><em>lianam</em></span> <span class='ocrx_word' id='word_1_135' title='bbox 371 1568 445 1604; x_wconf 86' lang='lat' dir='ltr'><em>sere</em></span> <span class='ocrx_word' id='word_1_136' title='bbox 455 1566 622 1616; x_wconf 87' lang='lat' dir='ltr'><em>sequitur.</em></span> <span class='ocrx_word' id='word_1_137' title='bbox 636 1567 673 1603; x_wconf 84' lang='lat'>&amp;</span> <span class='ocrx_word' id='word_1_138' title='bbox 687 1564 928 1607; x_wconf 83' lang='lat' dir='ltr'><em>Frelloniana,</em></span> <span class='ocrx_word' id='word_1_139' title='bbox 938 1562 1011 1599; x_wconf 90' lang='lat' dir='ltr'><em>sive</em></span> <span class='ocrx_word' id='word_1_140' title='bbox 1021 1563 1268 1600; x_wconf 85' lang='lat' dir='ltr'><em>Vincentiana</em></span> 
     </span>
     <span class='ocr_line' id='line_1_25' title="bbox 222 1613 1271 1666; baseline -0.005 -12"><span class='ocrx_word' id='word_1_141' title='bbox 222 1617 405 1666; x_wconf 82' lang='lat' dir='ltr'><em>(eaedem</em></span> <span class='ocrx_word' id='word_1_142' title='bbox 419 1617 518 1654; x_wconf 87' lang='lat' dir='ltr'><em>enim</em></span> <span class='ocrx_word' id='word_1_143' title='bbox 539 1616 644 1665; x_wconf 77' lang='lat' dir='ltr'><em>sunt)</em></span> <span class='ocrx_word' id='word_1_144' title='bbox 668 1616 771 1653; x_wconf 70' lang='lat' dir='ltr'><em>Ann.</em></span> <span class='ocrx_word' id='word_1_145' title='bbox 788 1613 889 1663; x_wconf 79' lang='lat'><em>1568.</em></span> <span class='ocrx_word' id='word_1_146' title='bbox 902 1626 922 1650; x_wconf 79' lang='lat' dir='ltr'><em>a</em></span> <span class='ocrx_word' id='word_1_147' title='bbox 934 1614 1119 1651; x_wconf 87' lang='lat' dir='ltr'><em>Raenerio</em></span> <span class='ocrx_word' id='word_1_148' title='bbox 1132 1621 1271 1658; x_wconf 84' lang='lat' dir='ltr'><em>curata,</em></span> 
     </span>
     <span class='ocr_line' id='line_1_26' title="bbox 224 1663 1270 1717; baseline -0.004 -13"><span class='ocrx_word' id='word_1_149' title='bbox 224 1679 338 1717; x_wconf 86' lang='lat' dir='ltr'><em>quam</em></span> <span class='ocrx_word' id='word_1_150' title='bbox 369 1667 511 1715; x_wconf 81' lang='lat' dir='ltr'><em>semper</em></span> <span class='ocrx_word' id='word_1_151' title='bbox 541 1668 617 1703; x_wconf 86' lang='lat' dir='ltr'><em>fere</em></span> <span class='ocrx_word' id='word_1_152' title='bbox 646 1666 856 1710; x_wconf 75' lang='lat' dir='ltr'><em>Plautinus,</em></span> <span class='ocrx_word' id='word_1_153' title='bbox 886 1664 1104 1714; x_wconf 88' lang='lat' dir='ltr'><em>plerumque</em></span> <span class='ocrx_word' id='word_1_154' title='bbox 1134 1663 1270 1701; x_wconf 78' lang='lat' dir='ltr'><em>Daniel</em></span> 
     </span>
     <span class='ocr_line' id='line_1_27' title="bbox 225 1714 1270 1764; baseline -0.004 -9"><span class='ocrx_word' id='word_1_155' title='bbox 225 1717 421 1761; x_wconf 84' lang='lat' dir='ltr'><em>Heinsius,</em></span> <span class='ocrx_word' id='word_1_156' title='bbox 447 1716 654 1764; x_wconf 83' lang='lat' dir='ltr'><em>praesertim</em></span> <span class='ocrx_word' id='word_1_157' title='bbox 677 1728 697 1752; x_wconf 88' lang='lat' dir='ltr'><em>a</em></span> <span class='ocrx_word' id='word_1_158' title='bbox 726 1716 785 1752; x_wconf 89' lang='lat' dir='ltr'><em>lib.</em></span> <span class='ocrx_word' id='word_1_159' title='bbox 814 1728 867 1752; x_wconf 82' lang='lat' dir='ltr'><em>iv.</em></span> <span class='ocrx_word' id='word_1_160' title='bbox 899 1716 984 1764; x_wconf 86' lang='lat' dir='ltr'><em>quia</em></span> <span class='ocrx_word' id='word_1_161' title='bbox 1015 1715 1065 1753; x_wconf 85' lang='lat' dir='ltr'><em>ibi</em></span> <span class='ocrx_word' id='word_1_162' title='bbox 1095 1714 1270 1752; x_wconf 86' lang='lat' dir='ltr'><em>deficiunt</em></span> 
     </span>
     <span class='ocr_line' id='line_1_28' title="bbox 227 1765 1270 1815; baseline -0.002 -10"><span class='ocrx_word' id='word_1_163' title='bbox 227 1768 377 1806; x_wconf 87' lang='lat' dir='ltr'><em>Giselini</em></span> <span class='ocrx_word' id='word_1_164' title='bbox 405 1766 706 1810; x_wconf 75' lang='lat' dir='ltr'><em>emendationes,</em></span> <span class='ocrx_word' id='word_1_165' title='bbox 734 1773 913 1815; x_wconf 88' lang='lat' dir='ltr'><em>quantum</em></span> <span class='ocrx_word' id='word_1_166' title='bbox 936 1765 1087 1814; x_wconf 87' lang='lat' dir='ltr'><em>quidem</em></span> <span class='ocrx_word' id='word_1_167' title='bbox 1111 1765 1198 1802; x_wconf 85' lang='lat' dir='ltr'><em>inihi</em></span> <span class='ocrx_word' id='word_1_168' title='bbox 1224 1765 1270 1803; x_wconf 89' lang='lat' dir='ltr'><em>ad</em></span> 
     </span>
     <span class='ocr_line' id='line_1_29' title="bbox 227 1815 1271 1865; baseline -0.003 -9"><span class='ocrx_word' id='word_1_169' title='bbox 227 1830 381 1856; x_wconf 85' lang='lat' dir='ltr'><em>manum</em></span> <span class='ocrx_word' id='word_1_170' title='bbox 405 1818 506 1855; x_wconf 92' lang='lat' dir='ltr'><em>fuere</em></span> <span class='ocrx_word' id='word_1_171' title='bbox 521 1846 531 1862; x_wconf 92' lang='lat'>‚</span> <span class='ocrx_word' id='word_1_172' title='bbox 544 1817 592 1853; x_wconf 86' lang='lat' dir='ltr'><em>est</em></span> <span class='ocrx_word' id='word_1_173' title='bbox 612 1816 761 1853; x_wconf 80' lang='lat' dir='ltr'><em>secutus.</em></span> <span class='ocrx_word' id='word_1_174' title='bbox 789 1815 925 1854; x_wconf 77' lang='lat' dir='ltr'><em>diversa</em></span> <span class='ocrx_word' id='word_1_175' title='bbox 946 1828 1037 1853; x_wconf 84' lang='lat' dir='ltr'><em>vero</em></span> <span class='ocrx_word' id='word_1_176' title='bbox 1057 1816 1168 1865; x_wconf 83' lang='lat' dir='ltr'><em>longe</em></span> <span class='ocrx_word' id='word_1_177' title='bbox 1190 1815 1271 1855; x_wconf 88' lang='lat' dir='ltr'><em>sunt</em></span> 
     </span>
     <span class='ocr_line' id='line_1_30' title="bbox 228 1866 1270 1919; baseline -0.002 -13"><span class='ocrx_word' id='word_1_178' title='bbox 228 1869 460 1919; x_wconf 78' lang='lat' dir='ltr'><em>Argumenta</em></span> <span class='ocrx_word' id='word_1_179' title='bbox 485 1897 494 1913; x_wconf 83' lang='grc'>,</span> <span class='ocrx_word' id='word_1_180' title='bbox 534 1868 572 1905; x_wconf 90' lang='lat'>&amp;</span> <span class='ocrx_word' id='word_1_181' title='bbox 603 1866 819 1916; x_wconf 83' lang='lat' dir='ltr'><em>interpolata</em></span> <span class='ocrx_word' id='word_1_182' title='bbox 842 1895 857 1912; x_wconf 88' lang='grc'><em>,.</em></span> <span class='ocrx_word' id='word_1_183' title='bbox 901 1879 994 1916; x_wconf 75' lang='lat' dir='ltr'><em>quae</em></span> <span class='ocrx_word' id='word_1_184' title='bbox 1030 1867 1270 1904; x_wconf 84' lang='lat' dir='ltr'><em>Bersmannus</em></span> 
     </span>
     <span class='ocr_line' id='line_1_31' title="bbox 227 1917 1269 1970; baseline -0.003 -13"><span class='ocrx_word' id='word_1_185' title='bbox 227 1919 404 1970; x_wconf 83' lang='lat' dir='ltr'><em>praefixit.</em></span> <span class='ocrx_word' id='word_1_186' title='bbox 431 1919 511 1956; x_wconf 85' lang='lat' dir='ltr'><em>Nos</em></span> <span class='ocrx_word' id='word_1_187' title='bbox 532 1918 846 1955; x_wconf 82' lang='lat' dir='ltr'><em>Munckerianum</em></span> <span class='ocrx_word' id='word_1_188' title='bbox 868 1917 1064 1967; x_wconf 81' lang='lat' dir='ltr'><em>sequimur.</em></span> <span class='ocrx_word' id='word_1_189' title='bbox 1082 1918 1269 1955; x_wconf 79' lang='lat' dir='ltr'><em>BURMAN.</em></span> 
     </span>
    </p>

    <p class='ocr_par' dir='ltr' id='par_1_14' title="bbox 228 1967 1290 3279">
     <span class='ocr_line' id='line_1_32' title="bbox 281 1967 1270 2018; baseline -0.001 -12"><span class='ocrx_word' id='word_1_190' title='bbox 281 1979 297 1997; x_wconf 68' lang='lat'>³</span> <span class='ocrx_word' id='word_1_191' title='bbox 325 1971 463 2007; x_wconf 80' lang='lat' dir='ltr'><em>Indicat</em></span> <span class='ocrx_word' id='word_1_192' title='bbox 483 1967 698 2018; x_wconf 66' lang='lat' dir='ltr'><em>volumine]</em></span> <span class='ocrx_word' id='word_1_193' title='bbox 730 1975 771 2005; x_wconf 86' lang='lat' dir='ltr'><em>In</em></span> <span class='ocrx_word' id='word_1_194' title='bbox 792 1968 969 2005; x_wconf 72' lang='lat' dir='ltr'><em>volumine</em></span> <span class='ocrx_word' id='word_1_195' title='bbox 998 1968 1090 2006; x_wconf 86' lang='lat' dir='ltr'><em>Edd.</em></span> <span class='ocrx_word' id='word_1_196' title='bbox 1115 1980 1270 2013; x_wconf 85' lang='lat' dir='ltr'><em>Omnes,</em></span> 
     </span>
     <span class='ocr_line' id='line_1_33' title="bbox 228 2018 1272 2070; baseline -0.002 -12"><span class='ocrx_word' id='word_1_197' title='bbox 228 2020 288 2058; x_wconf 83' lang='lat' dir='ltr'><em>sed</em></span> <span class='ocrx_word' id='word_1_198' title='bbox 310 2020 478 2070; x_wconf 80' lang='lat' dir='ltr'><em>antiquus</em></span> <span class='ocrx_word' id='word_1_199' title='bbox 499 2020 557 2057; x_wconf 87' lang='lat' dir='ltr'><em>ille</em></span> <span class='ocrx_word' id='word_1_200' title='bbox 579 2019 699 2057; x_wconf 82' lang='lat' dir='ltr'><em>codex</em></span> <span class='ocrx_word' id='word_1_201' title='bbox 721 2031 741 2056; x_wconf 89' lang='lat' dir='ltr'><em>a</em></span> <span class='ocrx_word' id='word_1_202' title='bbox 762 2018 862 2056; x_wconf 87' lang='lat' dir='ltr'><em>Nob.</em></span> <span class='ocrx_word' id='word_1_203' title='bbox 890 2018 1045 2057; x_wconf 78' lang='lat' dir='ltr'><em>Heinsio</em></span> <span class='ocrx_word' id='word_1_204' title='bbox 1059 2030 1145 2057; x_wconf 88' lang='lat' dir='ltr'><em>cum</em></span> <span class='ocrx_word' id='word_1_205' title='bbox 1168 2018 1272 2056; x_wconf 81' lang='lat' dir='ltr'><em>editis</em></span> 
     </span>
     <span class='ocr_line' id='line_1_34' title="bbox 232 2069 1271 2115; baseline -0.003 -6"><span class='ocrx_word' id='word_1_206' title='bbox 232 2071 381 2109; x_wconf 79' lang='lat' dir='ltr'><em>collatus</em></span> <span class='ocrx_word' id='word_1_207' title='bbox 396 2099 406 2115; x_wconf 93' lang='lat'>,</span> <span class='ocrx_word' id='word_1_208' title='bbox 418 2083 495 2108; x_wconf 90' lang='lat' dir='ltr'><em>non</em></span> <span class='ocrx_word' id='word_1_209' title='bbox 508 2071 599 2107; x_wconf 89' lang='lat' dir='ltr'><em>haec</em></span> <span class='ocrx_word' id='word_1_210' title='bbox 619 2078 764 2107; x_wconf 77' lang='lat' dir='ltr'><em>tantum</em></span> <span class='ocrx_word' id='word_1_211' title='bbox 780 2098 790 2114; x_wconf 89' lang='lat'>‚</span> <span class='ocrx_word' id='word_1_212' title='bbox 802 2069 860 2106; x_wconf 86' lang='lat' dir='ltr'><em>sed</em></span> <span class='ocrx_word' id='word_1_213' title='bbox 874 2071 912 2107; x_wconf 71' lang='grc' dir='ltr'><em>ὃ(</em></span> <span class='ocrx_word' id='word_1_214' title='bbox 925 2069 1052 2107; x_wconf 83' lang='lat' dir='ltr'><em>crebro</em></span> <span class='ocrx_word' id='word_1_215' title='bbox 1065 2069 1271 2107; x_wconf 81' lang='lat' dir='ltr'><em>admodum</em></span> 
     </span>
     <span class='ocr_line' id='line_1_35' title="bbox 232 2119 1273 2169; baseline -0.003 -10"><span class='ocrx_word' id='word_1_216' title='bbox 232 2122 308 2159; x_wconf 79' lang='lat' dir='ltr'><em>aliis</em></span> <span class='ocrx_word' id='word_1_217' title='bbox 327 2122 366 2159; x_wconf 90' lang='lat' dir='ltr'><em>in</em></span> <span class='ocrx_word' id='word_1_218' title='bbox 386 2121 476 2159; x_wconf 86' lang='lat' dir='ltr'><em>locis</em></span> <span class='ocrx_word' id='word_1_219' title='bbox 498 2119 806 2169; x_wconf 66' lang='lat' dir='ltr'><em>praepositionem</em></span> <span class='ocrx_word' id='word_1_220' title='bbox 840 2120 938 2158; x_wconf 87' lang='lat' dir='ltr'><em>illam</em></span> <span class='ocrx_word' id='word_1_221' title='bbox 971 2120 1120 2158; x_wconf 83' lang='lat' dir='ltr'><em>omittit.</em></span> <span class='ocrx_word' id='word_1_222' title='bbox 1160 2122 1273 2156; x_wconf 90' lang='lat' dir='ltr'><em>Cete-</em></span> 
     </span>
     <span class='ocr_line' id='line_1_36' title="bbox 231 2170 1273 2210; baseline -0.003 0"><span class='ocrx_word' id='word_1_223' title='bbox 231 2183 315 2210; x_wconf 81' lang='lat' dir='ltr'><em>rum</em></span> <span class='ocrx_word' id='word_1_224' title='bbox 344 2172 384 2210; x_wconf 84' lang='lat' dir='ltr'><em>in</em></span> <span class='ocrx_word' id='word_1_225' title='bbox 416 2171 552 2208; x_wconf 86' lang='lat' dir='ltr'><em>eodem</em></span> <span class='ocrx_word' id='word_1_226' title='bbox 575 2170 704 2208; x_wconf 85' lang='lat' dir='ltr'><em>codice</em></span> <span class='ocrx_word' id='word_1_227' title='bbox 725 2182 866 2208; x_wconf 81' lang='lat' dir='ltr'><em>annexa</em></span> <span class='ocrx_word' id='word_1_228' title='bbox 886 2171 972 2208; x_wconf 87' lang='lat' dir='ltr'><em>huic</em></span> <span class='ocrx_word' id='word_1_229' title='bbox 993 2171 1191 2208; x_wconf 76' lang='lat' dir='ltr'><em>narrationi</em></span> <span class='ocrx_word' id='word_1_230' title='bbox 1210 2171 1273 2207; x_wconf 80' lang='lat' dir='ltr'><em>ista</em></span> 
     </span>
     <span class='ocr_line' id='line_1_37' title="bbox 233 2220 1275 2270; baseline -0.002 -11"><span class='ocrx_word' id='word_1_231' title='bbox 233 2222 459 2259; x_wconf 77' lang='lat' dir='ltr'><em>visebantur:</em></span> <span class='ocrx_word' id='word_1_232' title='bbox 487 2227 544 2259; x_wconf 83' lang='lat' dir='ltr'><em>Ex</em></span> <span class='ocrx_word' id='word_1_233' title='bbox 565 2232 658 2258; x_wconf 85' lang='lat' dir='ltr'><em>terra</em></span> <span class='ocrx_word' id='word_1_234' title='bbox 680 2235 757 2258; x_wconf 82' lang='lat' dir='ltr'><em>cum</em></span> <span class='ocrx_word' id='word_1_235' title='bbox 769 2221 886 2258; x_wconf 83' lang='lat' dir='ltr'><em>omnia</em></span> <span class='ocrx_word' id='word_1_236' title='bbox 903 2232 1067 2270; x_wconf 84' lang='lat' dir='ltr'><em>generata</em></span> <span class='ocrx_word' id='word_1_237' title='bbox 1079 2220 1155 2270; x_wconf 84' lang='lat' dir='ltr'><em>fint</em></span> <span class='ocrx_word' id='word_1_238' title='bbox 1169 2250 1180 2266; x_wconf 86' lang='lat'>‚</span> <span class='ocrx_word' id='word_1_239' title='bbox 1206 2235 1275 2257; x_wconf 88' lang='lat' dir='ltr'><em>va-</em></span> 
     </span>
     <span class='ocr_line' id='line_1_38' title="bbox 235 2271 1276 2323; baseline -0.002 -14"><span class='ocrx_word' id='word_1_240' title='bbox 235 2274 436 2323; x_wconf 73' lang='lat' dir='ltr'><em>riarumque</em></span> <span class='ocrx_word' id='word_1_241' title='bbox 459 2286 573 2309; x_wconf 59' lang='lat' dir='ltr'><em>rerum</em></span> <span class='ocrx_word' id='word_1_242' title='bbox 596 2282 709 2309; x_wconf 77' lang='lat' dir='ltr'><em>mater</em></span> <span class='ocrx_word' id='word_1_243' title='bbox 723 2272 917 2321; x_wconf 74' lang='lat' dir='ltr'><em>&#39;reperiatur</em></span> <span class='ocrx_word' id='word_1_244' title='bbox 930 2300 941 2317; x_wconf 90' lang='lat'>‚</span> <span class='ocrx_word' id='word_1_245' title='bbox 977 2283 1055 2309; x_wconf 87' lang='lat' dir='ltr'><em>tum</em></span> <span class='ocrx_word' id='word_1_246' title='bbox 1077 2271 1276 2308; x_wconf 78' lang='lat' dir='ltr'><em>humanum</em></span> 
     </span>
     <span class='ocr_line' id='line_1_39' title="bbox 234 2322 1278 2372; baseline 0.001 -14"><span class='ocrx_word' id='word_1_247' title='bbox 234 2336 338 2371; x_wconf 80' lang='lat' dir='ltr'><em>genus</em></span> <span class='ocrx_word' id='word_1_248' title='bbox 361 2330 388 2367; x_wconf 66' lang='lat'><em>‚&#39;</em></span> <span class='ocrx_word' id='word_1_249' title='bbox 407 2324 498 2372; x_wconf 74' lang='lat' dir='ltr'><em>quod</em></span> <span class='ocrx_word' id='word_1_250' title='bbox 529 2325 652 2359; x_wconf 58' lang='lat' dir='ltr'><em>cuneta</em></span> <span class='ocrx_word' id='word_1_251' title='bbox 684 2323 835 2359; x_wconf 84' lang='lat' dir='ltr'><em>vinceret</em></span> <span class='ocrx_word' id='word_1_252' title='bbox 859 2351 869 2367; x_wconf 87' lang='lat'>‚</span> <span class='ocrx_word' id='word_1_253' title='bbox 907 2322 1127 2359; x_wconf 80' lang='lat' dir='ltr'><em>Prometheus</em></span> <span class='ocrx_word' id='word_1_254' title='bbox 1171 2323 1278 2372; x_wconf 84' lang='lat' dir='ltr'><em>Iapeti</em></span> 
     </span>
     <span class='ocr_line' id='line_1_40' title="bbox 229 2372 1279 2421; baseline 0.001 -13"><span class='ocrx_word' id='word_1_255' title='bbox 229 2372 353 2421; x_wconf 76' lang='lat' dir='ltr'><em>filius,</em></span> <span class='ocrx_word' id='word_1_256' title='bbox 382 2383 421 2408; x_wconf 84' lang='lat' dir='ltr'><em>ut</em></span> <span class='ocrx_word' id='word_1_257' title='bbox 445 2374 534 2408; x_wconf 84' lang='lat' dir='ltr'><em>idem</em></span> <span class='ocrx_word' id='word_1_258' title='bbox 558 2372 717 2421; x_wconf 54' lang='lat' dir='ltr'><em>Hesiodus</em></span> <span class='ocrx_word' id='word_1_259' title='bbox 739 2373 904 2420; x_wconf 84' lang='lat' dir='ltr'><em>ostendit,</em></span> <span class='ocrx_word' id='word_1_260' title='bbox 942 2387 984 2410; x_wconf 87' lang='lat' dir='ltr'><em>ex</em></span> <span class='ocrx_word' id='word_1_261' title='bbox 1017 2372 1120 2410; x_wconf 85' lang='lat' dir='ltr'><em>humo</em></span> <span class='ocrx_word' id='word_1_262' title='bbox 1137 2372 1279 2420; x_wconf 79' lang='lat' dir='ltr'><em>finxit,</em></span> 
     </span>
     <span class='ocr_line' id='line_1_41' title="bbox 239 2423 1277 2471; baseline 0 -12"><span class='ocrx_word' id='word_1_263' title='bbox 239 2423 293 2459; x_wconf 87' lang='lat' dir='ltr'><em>cui</em></span> <span class='ocrx_word' id='word_1_264' title='bbox 317 2423 484 2459; x_wconf 85' lang='lat' dir='ltr'><em>Minerva</em></span> <span class='ocrx_word' id='word_1_265' title='bbox 498 2423 663 2471; x_wconf 79' lang='lat' dir='ltr'><em>spiritum</em></span> <span class='ocrx_word' id='word_1_266' title='bbox 686 2423 829 2469; x_wconf 82' lang='lat' dir='ltr'><em>infudit.</em></span> <span class='ocrx_word' id='word_1_267' title='bbox 869 2423 1007 2460; x_wconf 85' lang='lat' dir='ltr'><em>Saecula</em></span> <span class='ocrx_word' id='word_1_268' title='bbox 1029 2424 1136 2460; x_wconf 82' lang='lat' dir='ltr'><em>etiam</em></span> <span class='ocrx_word' id='word_1_269' title='bbox 1159 2424 1277 2460; x_wconf 85' lang='lat' dir='ltr'><em>dicata</em></span> 
     </span>
     <span class='ocr_line' id='line_1_42' title="bbox 241 2473 1278 2524; baseline 0.003 -16"><span class='ocrx_word' id='word_1_270' title='bbox 241 2473 402 2509; x_wconf 80' lang='lat' dir='ltr'><em>Varronis</em></span> <span class='ocrx_word' id='word_1_271' title='bbox 425 2473 629 2509; x_wconf 61' lang='lat' dir='ltr'><em>auetoritate</em></span> <span class='ocrx_word' id='word_1_272' title='bbox 652 2483 864 2510; x_wconf 77' lang='lat' dir='ltr'><em>vertuntur:</em></span> <span class='ocrx_word' id='word_1_273' title='bbox 894 2474 1058 2524; x_wconf 79' lang='lat' dir='ltr'><em>quoniam</em></span> <span class='ocrx_word' id='word_1_274' title='bbox 1082 2488 1227 2511; x_wconf 77' lang='lat' dir='ltr'><em>aureum</em></span> <span class='ocrx_word' id='word_1_275' title='bbox 1240 2475 1278 2511; x_wconf 81' lang='lat' dir='ltr'><em>in</em></span> 
     </span>
     <span class='ocr_line' id='line_1_43' title="bbox 241 2523 1279 2573; baseline 0.001 -14"><span class='ocrx_word' id='word_1_276' title='bbox 241 2523 386 2559; x_wconf 84' lang='lat' dir='ltr'><em>deterius</em></span> <span class='ocrx_word' id='word_1_277' title='bbox 407 2534 604 2572; x_wconf 76' lang='lat' dir='ltr'><em>argenteum</em></span> <span class='ocrx_word' id='word_1_278' title='bbox 619 2551 629 2567; x_wconf 84' lang='lat'><strong>,</strong></span> <span class='ocrx_word' id='word_1_279' title='bbox 657 2536 702 2563; x_wconf 64' lang='lat' dir='ltr'><em>cy</em></span> <span class='ocrx_word' id='word_1_280' title='bbox 715 2523 785 2572; x_wconf 83' lang='lat' dir='ltr'><em>post</em></span> <span class='ocrx_word' id='word_1_281' title='bbox 805 2524 843 2561; x_wconf 80' lang='lat' dir='ltr'><em>in</em></span> <span class='ocrx_word' id='word_1_282' title='bbox 863 2538 1005 2561; x_wconf 88' lang='lat' dir='ltr'><em>aeneum</em></span> <span class='ocrx_word' id='word_1_283' title='bbox 1030 2553 1042 2569; x_wconf 94' lang='lat'>,</span> <span class='ocrx_word' id='word_1_284' title='bbox 1077 2539 1117 2561; x_wconf 87' lang='lat' dir='ltr'><em>ac</em></span> <span class='ocrx_word' id='word_1_285' title='bbox 1144 2525 1253 2573; x_wconf 83' lang='lat' dir='ltr'><em>postea</em></span> <span class='ocrx_word' id='word_1_286' title='bbox 1267 2553 1279 2569; x_wconf 87' lang='lat'><strong>,</strong></span> 
     </span>
     <span class='ocr_line' id='line_1_44' title="bbox 242 2573 1280 2623; baseline 0.003 -15"><span class='ocrx_word' id='word_1_287' title='bbox 242 2573 334 2623; x_wconf 73' lang='lat' dir='ltr'><em>quod</em></span> <span class='ocrx_word' id='word_1_288' title='bbox 355 2573 538 2621; x_wconf 79' lang='lat' dir='ltr'><em>Orpheium</em></span> <span class='ocrx_word' id='word_1_289' title='bbox 560 2573 741 2610; x_wconf 59' lang='lat' dir='ltr'><em>antedictis</em></span> <span class='ocrx_word' id='word_1_290' title='bbox 763 2574 829 2620; x_wconf 83' lang='lat' dir='ltr'><em>est,</em></span> <span class='ocrx_word' id='word_1_291' title='bbox 856 2575 895 2611; x_wconf 82' lang='lat' dir='ltr'><em>in</em></span> <span class='ocrx_word' id='word_1_292' title='bbox 906 2577 1064 2621; x_wconf 85' lang='lat' dir='ltr'><em>ferreum</em></span> <span class='ocrx_word' id='word_1_293' title='bbox 1085 2574 1180 2621; x_wconf 81' lang='lat' dir='ltr'><em>ceſjit.</em></span> <span class='ocrx_word' id='word_1_294' title='bbox 1209 2574 1280 2611; x_wconf 87' lang='lat' dir='ltr'><em>Sed</em></span> 
     </span>
     <span class='ocr_line' id='line_1_45' title="bbox 241 2620 1280 2671; baseline 0.001 -12"><span class='ocrx_word' id='word_1_295' title='bbox 241 2623 300 2660; x_wconf 82' lang='lat' dir='ltr'><em>illa</em></span> <span class='ocrx_word' id='word_1_296' title='bbox 332 2620 530 2671; x_wconf 77' lang='lat' dir='ltr'><em>glossatoris</em></span> <span class='ocrx_word' id='word_1_297' title='bbox 560 2623 707 2670; x_wconf 82' lang='lat' dir='ltr'><em>alicujus</em></span> <span class='ocrx_word' id='word_1_298' title='bbox 742 2624 984 2670; x_wconf 78' lang='lat' dir='ltr'><em>proculdubio</em></span> <span class='ocrx_word' id='word_1_299' title='bbox 1015 2625 1095 2662; x_wconf 86' lang='lat' dir='ltr'><em>sunt</em></span> <span class='ocrx_word' id='word_1_300' title='bbox 1128 2653 1139 2670; x_wconf 90' lang='lat'>‚</span> <span class='ocrx_word' id='word_1_301' title='bbox 1201 2635 1280 2661; x_wconf 89' lang='lat' dir='ltr'><em>non</em></span> 
     </span>
     <span class='ocr_line' id='line_1_46' title="bbox 243 2673 1284 2723; baseline 0.001 -14"><span class='ocrx_word' id='word_1_302' title='bbox 243 2673 463 2712; x_wconf 60' lang='lat' dir='ltr'><em>Laustantu.</em></span> <span class='ocrx_word' id='word_1_303' title='bbox 516 2673 624 2710; x_wconf 82' lang='lat' dir='ltr'><em>Certe</em></span> <span class='ocrx_word' id='word_1_304' title='bbox 654 2673 692 2710; x_wconf 89' lang='lat' dir='ltr'><em>in</em></span> <span class='ocrx_word' id='word_1_305' title='bbox 722 2673 868 2710; x_wconf 86' lang='lat' dir='ltr'><em>Veneta</em></span> <span class='ocrx_word' id='word_1_306' title='bbox 896 2673 1053 2722; x_wconf 82' lang='lat' dir='ltr'><em>separata</em></span> <span class='ocrx_word' id='word_1_307' title='bbox 1084 2673 1104 2712; x_wconf 70' lang='lat' dir='ltr'><em>a</em></span> <span class='ocrx_word' id='word_1_308' title='bbox 1140 2674 1284 2723; x_wconf 82' lang='lat' dir='ltr'><em>reliquis</em></span> 
     </span>
     <span class='ocr_line' id='line_1_47' title="bbox 243 2723 1283 2772; baseline 0.001 -12"><span class='ocrx_word' id='word_1_309' title='bbox 243 2723 416 2760; x_wconf 81' lang='lat' dir='ltr'><em>visuntur.</em></span> <span class='ocrx_word' id='word_1_310' title='bbox 471 2723 561 2760; x_wconf 90' lang='lat' dir='ltr'><em>Non</em></span> <span class='ocrx_word' id='word_1_311' title='bbox 593 2731 669 2760; x_wconf 83' lang='lat' dir='ltr'><em>tam</em></span> <span class='ocrx_word' id='word_1_312' title='bbox 700 2723 822 2761; x_wconf 85' lang='lat' dir='ltr'><em>stultus</em></span> <span class='ocrx_word' id='word_1_313' title='bbox 854 2723 902 2760; x_wconf 91' lang='lat' dir='ltr'><em>est</em></span> <span class='ocrx_word' id='word_1_314' title='bbox 932 2724 992 2761; x_wconf 81' lang='lat' dir='ltr'><em>hic</em></span> <span class='ocrx_word' id='word_1_315' title='bbox 1023 2724 1196 2772; x_wconf 80' lang='lat' dir='ltr'><em>scriptor,</em></span> <span class='ocrx_word' id='word_1_316' title='bbox 1243 2732 1283 2761; x_wconf 91' lang='lat' dir='ltr'><em>ut</em></span> 
     </span>
     <span class='ocr_line' id='line_1_48' title="bbox 243 2772 1283 2822; baseline 0 -12"><span class='ocrx_word' id='word_1_317' title='bbox 243 2773 358 2811; x_wconf 85' lang='lat' dir='ltr'><em>videri</em></span> <span class='ocrx_word' id='word_1_318' title='bbox 381 2773 486 2821; x_wconf 74' lang='lat' dir='ltr'><em>possit</em></span> <span class='ocrx_word' id='word_1_319' title='bbox 506 2773 557 2810; x_wconf 85' lang='lat' dir='ltr'><em>bis</em></span> <span class='ocrx_word' id='word_1_320' title='bbox 578 2773 677 2810; x_wconf 88' lang='lat' dir='ltr'><em>idem</em></span> <span class='ocrx_word' id='word_1_321' title='bbox 699 2772 863 2810; x_wconf 80' lang='lat' dir='ltr'><em>narrasse.</em></span> <span class='ocrx_word' id='word_1_322' title='bbox 917 2775 1026 2822; x_wconf 85' lang='lat' dir='ltr'><em>Quae</em></span> <span class='ocrx_word' id='word_1_323' title='bbox 1058 2774 1118 2811; x_wconf 87' lang='lat' dir='ltr'><em>ista</em></span> <span class='ocrx_word' id='word_1_324' title='bbox 1149 2774 1283 2811; x_wconf 85' lang='lat' dir='ltr'><em>lacinia.</em></span> 
     </span>
     <span class='ocr_line' id='line_1_49' title="bbox 245 2823 1283 2873; baseline 0.001 -13"><span class='ocrx_word' id='word_1_325' title='bbox 245 2824 435 2867; x_wconf 84' lang='lat' dir='ltr'><em>continet,</em></span> <span class='ocrx_word' id='word_1_326' title='bbox 472 2824 635 2861; x_wconf 84' lang='lat' dir='ltr'><em>invenies</em></span> <span class='ocrx_word' id='word_1_327' title='bbox 664 2823 701 2861; x_wconf 88' lang='lat' dir='ltr'><em>in</em></span> <span class='ocrx_word' id='word_1_328' title='bbox 732 2824 960 2872; x_wconf 85' lang='lat' dir='ltr'><em>sequentibus</em></span> <span class='ocrx_word' id='word_1_329' title='bbox 992 2824 1112 2862; x_wconf 84' lang='lat' dir='ltr'><em>multo</em></span> <span class='ocrx_word' id='word_1_330' title='bbox 1133 2824 1283 2873; x_wconf 85' lang='lat' dir='ltr'><em>politius-</em></span> 
     </span>
     <span class='ocr_line' id='line_1_50' title="bbox 244 2874 1281 2923; baseline 0.001 -13"><span class='ocrx_word' id='word_1_331' title='bbox 244 2874 365 2911; x_wconf 79' lang='lat' dir='ltr'><em>relata.</em></span> <span class='ocrx_word' id='word_1_332' title='bbox 410 2874 654 2910; x_wconf 53' lang='lat' dir='ltr'><em>Munianus.</em></span> <span class='ocrx_word' id='word_1_333' title='bbox 700 2874 738 2911; x_wconf 89' lang='lat' dir='ltr'><em>in</em></span> <span class='ocrx_word' id='word_1_334' title='bbox 768 2874 952 2912; x_wconf 84' lang='lat' dir='ltr'><em>Parmensi</em></span> <span class='ocrx_word' id='word_1_335' title='bbox 981 2875 1133 2912; x_wconf 84' lang='lat' dir='ltr'><em>habetur</em></span> <span class='ocrx_word' id='word_1_336' title='bbox 1162 2875 1281 2923; x_wconf 83' lang='lat' dir='ltr'><em>prima</em></span> 
     </span>
     <span class='ocr_line' id='line_1_51' title="bbox 249 2924 1282 2974; baseline 0 -14"><span class='ocrx_word' id='word_1_337' title='bbox 249 2935 328 2972; x_wconf 86' lang='lat' dir='ltr'><em>pars</em></span> <span class='ocrx_word' id='word_1_338' title='bbox 350 2924 395 2961; x_wconf 86' lang='lat' dir='ltr'><em>ad</em></span> <span class='ocrx_word' id='word_1_339' title='bbox 409 2925 573 2974; x_wconf 73' lang='lat' dir='ltr'><em>spiritam</em></span> <span class='ocrx_word' id='word_1_340' title='bbox 596 2925 728 2971; x_wconf 75' lang='lat' dir='ltr'><em>infudit</em></span> <span class='ocrx_word' id='word_1_341' title='bbox 744 2952 754 2969; x_wconf 90' lang='lat'><strong>,</strong></span> <span class='ocrx_word' id='word_1_342' title='bbox 781 2932 966 2972; x_wconf 87' lang='lat' dir='ltr'><em>praeterea</em></span> <span class='ocrx_word' id='word_1_343' title='bbox 987 2930 1063 2962; x_wconf 85' lang='lat' dir='ltr'><em>&#39;erat</em></span> <span class='ocrx_word' id='word_1_344' title='bbox 1077 2953 1086 2969; x_wconf 93' lang='lat'>‚</span> <span class='ocrx_word' id='word_1_345' title='bbox 1107 2925 1282 2962; x_wconf 77' lang='lat' dir='ltr'><em>omnium-</em></span> 
     </span>
     <span class='ocr_line' id='line_1_52' title="bbox 251 2974 1282 3024; baseline 0.004 -16"><span class='ocrx_word' id='word_1_346' title='bbox 251 2987 312 3021; x_wconf 83' lang='lat' dir='ltr'><em>que</em></span> <span class='ocrx_word' id='word_1_347' title='bbox 325 2988 439 3012; x_wconf 84' lang='lat' dir='ltr'><em>rerum</em></span> <span class='ocrx_word' id='word_1_348' title='bbox 451 2986 563 3011; x_wconf 84' lang='lat' dir='ltr'><em>mater</em></span> <span class='ocrx_word' id='word_1_349' title='bbox 577 3002 588 3018; x_wconf 87' lang='lat'><strong><em>,</em></strong></span> <span class='ocrx_word' id='word_1_350' title='bbox 599 2985 639 3011; x_wconf 78' lang='lat' dir='ltr'><em>ut</em></span> <span class='ocrx_word' id='word_1_351' title='bbox 660 2974 857 3011; x_wconf 77' lang='lat' dir='ltr'><em>humanum</em></span> <span class='ocrx_word' id='word_1_352' title='bbox 866 2989 969 3024; x_wconf 84' lang='lat' dir='ltr'><em>genus</em></span> <span class='ocrx_word' id='word_1_353' title='bbox 990 2978 1113 3012; x_wconf 55' lang='lat' dir='ltr'><em>cundia</em></span> <span class='ocrx_word' id='word_1_354' title='bbox 1135 2976 1258 3011; x_wconf 81' lang='lat' dir='ltr'><em>vincat</em></span> <span class='ocrx_word' id='word_1_355' title='bbox 1270 2991 1282 3012; x_wconf 77' lang='lat'><em>.-</em></span> 
     </span>
     <span class='ocr_line' id='line_1_53' title="bbox 254 3023 1289 3072; baseline 0.005 -15"><span class='ocrx_word' id='word_1_356' title='bbox 254 3023 370 3060; x_wconf 79' lang='lat' dir='ltr'><em>deinde</em></span> <span class='ocrx_word' id='word_1_357' title='bbox 403 3025 574 3062; x_wconf 86' lang='lat' dir='ltr'><em>hominem</em></span> <span class='ocrx_word' id='word_1_358' title='bbox 606 3040 647 3062; x_wconf 83' lang='lat' dir='ltr'><em>ex</em></span> <span class='ocrx_word' id='word_1_359' title='bbox 680 3025 783 3061; x_wconf 76' lang='lat' dir='ltr'><em>humo</em></span> <span class='ocrx_word' id='word_1_360' title='bbox 799 3025 920 3072; x_wconf 82' lang='lat' dir='ltr'><em>finxit.</em></span> <span class='ocrx_word' id='word_1_361' title='bbox 969 3026 1011 3063; x_wconf 89' lang='lat' dir='ltr'><em>In</em></span> <span class='ocrx_word' id='word_1_362' title='bbox 1043 3026 1116 3063; x_wconf 83' lang='lat' dir='ltr'><em>aliis</em></span> <span class='ocrx_word' id='word_1_363' title='bbox 1139 3025 1289 3062; x_wconf 83' lang='lat' dir='ltr'><em>deerant</em></span> 
     </span>
     <span class='ocr_line' id='line_1_54' title="bbox 256 3073 1288 3126; baseline 0.007 -21"><span class='ocrx_word' id='word_1_364' title='bbox 256 3073 381 3108; x_wconf 81' lang='lat' dir='ltr'><em>onmia</em></span> <span class='ocrx_word' id='word_1_365' title='bbox 409 3076 501 3112; x_wconf 80' lang='lat' dir='ltr'><em>haec</em></span> <span class='ocrx_word' id='word_1_366' title='bbox 524 3104 537 3121; x_wconf 83' lang='lat'><strong>,</strong></span> <span class='ocrx_word' id='word_1_367' title='bbox 579 3075 646 3113; x_wconf 82' lang='lat' dir='ltr'><em>nisi</em></span> <span class='ocrx_word' id='word_1_368' title='bbox 678 3075 781 3126; x_wconf 87' lang='lat' dir='ltr'><em>quod</em></span> <span class='ocrx_word' id='word_1_369' title='bbox 811 3077 1039 3114; x_wconf 79' lang='lat' dir='ltr'><em>Raeneriana</em></span> <span class='ocrx_word' id='word_1_370' title='bbox 1081 3076 1288 3113; x_wconf 84' lang='lat' dir='ltr'><em>confuderit</em></span> 
     </span>
     <span class='ocr_line' id='line_1_55' title="bbox 257 3121 1289 3176; baseline 0 -13"><span class='ocrx_word' id='word_1_371' title='bbox 257 3131 342 3156; x_wconf 72' lang='lat' dir='ltr'><em>cum</em></span> <span class='ocrx_word' id='word_1_372' title='bbox 356 3121 586 3176; x_wconf 62' lang='lat' dir='ltr'><em>Argumento</em></span> <span class='ocrx_word' id='word_1_373' title='bbox 605 3126 690 3163; x_wconf 86' lang='lat' dir='ltr'><em>Fab.</em></span> <span class='ocrx_word' id='word_1_374' title='bbox 714 3139 757 3163; x_wconf 88' lang='lat'><em>11.</em></span> <span class='ocrx_word' id='word_1_375' title='bbox 779 3134 819 3164; x_wconf 91' lang='lat' dir='ltr'><em>ut</em></span> <span class='ocrx_word' id='word_1_376' title='bbox 841 3138 929 3164; x_wconf 85' lang='lat' dir='ltr'><em>mox</em></span> <span class='ocrx_word' id='word_1_377' title='bbox 952 3127 1165 3164; x_wconf 87' lang='lat' dir='ltr'><em>videbimus.</em></span> <span class='ocrx_word' id='word_1_378' title='bbox 1186 3138 1289 3175; x_wconf 82' lang='lat' dir='ltr'><em>prae-</em></span> 
     </span>
     <span class='ocr_line' id='line_1_56' title="bbox 258 3174 1290 3229; baseline 0.011 -24"><span class='ocrx_word' id='word_1_379' title='bbox 258 3177 355 3205; x_wconf 79' lang='lat' dir='ltr'><em>terea</em></span> <span class='ocrx_word' id='word_1_380' title='bbox 382 3183 419 3207; x_wconf 89' lang='lat' dir='ltr'><em>in</em></span> <span class='ocrx_word' id='word_1_381' title='bbox 448 3174 676 3214; x_wconf 80' lang='lat' dir='ltr'><em>Editionibus</em></span> <span class='ocrx_word' id='word_1_382' title='bbox 705 3178 860 3226; x_wconf 82' lang='lat' dir='ltr'><em>antiquis</em></span> <span class='ocrx_word' id='word_1_383' title='bbox 893 3179 931 3215; x_wconf 71' lang='grc' dir='ltr'><em>ὅ(</em></span> <span class='ocrx_word' id='word_1_384' title='bbox 953 3178 1180 3218; x_wconf 80' lang='lat' dir='ltr'><em>Raeneri&#39;ana</em></span> <span class='ocrx_word' id='word_1_385' title='bbox 1199 3177 1290 3229; x_wconf 82' lang='lat' dir='ltr'><em>legi-</em></span> 
     </span>
     <span class='ocr_line' id='line_1_57' title="bbox 257 3222 1035 3279; baseline 0.003 -13"><span class='ocrx_word' id='word_1_386' title='bbox 257 3226 315 3258; x_wconf 73' lang='lat' dir='ltr'><em>tur</em></span> <span class='ocrx_word' id='word_1_387' title='bbox 328 3247 339 3262; x_wconf 66' lang='lat'><em>2</em></span> <span class='ocrx_word' id='word_1_388' title='bbox 364 3231 405 3259; x_wconf 80' lang='lat' dir='ltr'><em>ut</em></span> <span class='ocrx_word' id='word_1_389' title='bbox 423 3222 553 3271; x_wconf 71' lang='lat' dir='ltr'><em>Hefiodi</em></span> <span class='ocrx_word' id='word_1_390' title='bbox 572 3227 743 3268; x_wconf 78' lang='lat' dir='ltr'><em>volumen.</em></span> <span class='ocrx_word' id='word_1_391' title='bbox 769 3228 1035 3279; x_wconf 51' lang='lat' dir='ltr'><em>Burmannus.</em></span> 
     </span>
    </p>
   </div>
   <div class='ocr_carea' id='block_1_6' title="bbox 764 1106 1080 1149">
    <p class='ocr_par' dir='ltr' id='par_1_15' title="bbox 764 1106 1080 1149">
     <span class='ocr_line' id='line_1_58' title="bbox 764 1106 1080 1149; baseline -0.006 -2"><span class='ocrx_word' id='word_1_392' title='bbox 764 1109 898 1146; x_wconf 82' lang='lat' dir='ltr'><em>Horat.</em></span> <span class='ocrx_word' id='word_1_393' title='bbox 914 1119 944 1144; x_wconf 91' lang='lat'><em>1.</em></span> <span class='ocrx_word' id='word_1_394' title='bbox 958 1106 1033 1144; x_wconf 88' lang='lat' dir='ltr'><em>Od.</em></span> <span class='ocrx_word' id='word_1_395' title='bbox 1048 1118 1080 1149; x_wconf 91' lang='lat'><em>7.</em></span> 
     </span>
    </p>
   </div>
   <div class='ocr_carea' id='block_1_7' title="bbox 2220 684 2350 746">
    <p class='ocr_par' dir='ltr' id='par_1_16' title="bbox 2220 684 2350 746">
     <span class='ocr_line' id='line_1_59' title="bbox 2220 684 2350 746; baseline 0.054 -7"><span class='ocrx_word' id='word_1_396' title='bbox 2220 684 2275 739; x_wconf 92' lang='lat' dir='ltr'>N</span> <span class='ocrx_word' id='word_1_397' title='bbox 2277 707 2350 746; x_wconf 78' lang='lat' dir='ltr'><em>on</em></span> 
     </span>
    </p>
   </div>
   <div class='ocr_carea' id='block_1_8' title="bbox 1312 796 2363 1254">
    <p class='ocr_par' dir='ltr' id='par_1_17' title="bbox 1312 796 2355 899">
     <span class='ocr_line' id='line_1_60' title="bbox 1363 796 2355 854; baseline 0.008 -20"><span class='ocrx_word' id='word_1_398' title='bbox 1363 797 1383 825; x_wconf 87' lang='lat' dir='ltr'><em>b</em></span> <span class='ocrx_word' id='word_1_399' title='bbox 1410 804 1452 835; x_wconf 86' lang='lat' dir='ltr'><em>In</em></span> <span class='ocrx_word' id='word_1_400' title='bbox 1472 796 1611 845; x_wconf 61' lang='lat' dir='ltr'><em>initia]</em></span> <span class='ocrx_word' id='word_1_401' title='bbox 1643 799 1725 836; x_wconf 86' lang='lat' dir='ltr'><em>Fuit</em></span> <span class='ocrx_word' id='word_1_402' title='bbox 1747 809 1872 836; x_wconf 86' lang='lat' dir='ltr'><em>mutua</em></span> <span class='ocrx_word' id='word_1_403' title='bbox 1895 812 2009 836; x_wconf 86' lang='lat' dir='ltr'><em>rerum</em></span> <span class='ocrx_word' id='word_1_404' title='bbox 2033 811 2057 836; x_wconf 75' lang='grc' dir='ltr'><em>ε.</em></span> <span class='ocrx_word' id='word_1_405' title='bbox 2080 800 2224 850; x_wconf 78' lang='lat' dir='ltr'><em>Micyll.</em></span> <span class='ocrx_word' id='word_1_406' title='bbox 2246 817 2355 854; x_wconf 82' lang='lat' dir='ltr'><em>quae-</em></span> 
     </span>
     <span class='ocr_line' id='line_1_61' title="bbox 1312 848 2075 899; baseline -0.001 -12"><span class='ocrx_word' id='word_1_407' title='bbox 1312 849 1398 887; x_wconf 86' lang='lat' dir='ltr'><em>dam</em></span> <span class='ocrx_word' id='word_1_408' title='bbox 1420 848 1516 886; x_wconf 87' lang='lat' dir='ltr'><em>deest</em></span> <span class='ocrx_word' id='word_1_409' title='bbox 1538 849 1760 887; x_wconf 87' lang='lat' dir='ltr'><em>Heinfianae</em></span> <span class='ocrx_word' id='word_1_410' title='bbox 1783 851 1822 887; x_wconf 84' lang='lat'>&amp;</span> <span class='ocrx_word' id='word_1_411' title='bbox 1843 851 1986 899; x_wconf 84' lang='lat' dir='ltr'><em>Micyll.</em></span> <span class='ocrx_word' id='word_1_412' title='bbox 2007 849 2075 887; x_wconf 82' lang='lat' dir='ltr'><em>Ed.</em></span> 
     </span>
    </p>

    <p class='ocr_par' dir='ltr' id='par_1_18' title="bbox 1314 899 2355 999">
     <span class='ocr_line' id='line_1_62' title="bbox 1363 899 2355 953; baseline 0.008 -18"><span class='ocrx_word' id='word_1_413' title='bbox 1363 907 1379 926; x_wconf 88' lang='lat' dir='ltr'><em>c</em></span> <span class='ocrx_word' id='word_1_414' title='bbox 1406 906 1448 936; x_wconf 85' lang='lat' dir='ltr'><em>In</em></span> <span class='ocrx_word' id='word_1_415' title='bbox 1472 900 1557 947; x_wconf 82' lang='lat' dir='ltr'><em>suas</em></span> <span class='ocrx_word' id='word_1_416' title='bbox 1570 900 1690 950; x_wconf 84' lang='lat' dir='ltr'><em>species</em></span> <span class='ocrx_word' id='word_1_417' title='bbox 1723 899 1945 951; x_wconf 64' lang='lat' dir='ltr'><em>distributa]</em></span> <span class='ocrx_word' id='word_1_418' title='bbox 1971 900 2149 948; x_wconf 61' lang='lat' dir='ltr'><em>Distintta</em></span> <span class='ocrx_word' id='word_1_419' title='bbox 2170 915 2214 944; x_wconf 66' lang='grc' dir='ltr'><em>ω’</em></span> <span class='ocrx_word' id='word_1_420' title='bbox 2234 904 2355 953; x_wconf 69' lang='grc' dir='ltr'><em>ᾰζβνὶ·</em></span> 
     </span>
     <span class='ocr_line' id='line_1_63' title="bbox 1314 949 1638 999; baseline 0.003 -11"><span class='ocrx_word' id='word_1_421' title='bbox 1314 949 1400 988; x_wconf 77' lang='lat' dir='ltr'><em>buta</em></span> <span class='ocrx_word' id='word_1_422' title='bbox 1417 978 1426 993; x_wconf 95' lang='lat'><em>,</em></span> <span class='ocrx_word' id='word_1_423' title='bbox 1454 950 1638 999; x_wconf 81' lang='lat' dir='ltr'><em>Micyllus.</em></span> 
     </span>
    </p>

    <p class='ocr_par' dir='ltr' id='par_1_19' title="bbox 1368 999 2268 1052">
     <span class='ocr_line' id='line_1_64' title="bbox 1368 999 2268 1052; baseline 0.008 -15"><span class='ocrx_word' id='word_1_424' title='bbox 1368 999 1387 1027; x_wconf 78' lang='lat' dir='ltr'><em>d</em></span> <span class='ocrx_word' id='word_1_425' title='bbox 1413 1008 1468 1038; x_wconf 85' lang='lat' dir='ltr'><em>Jta</em></span> <span class='ocrx_word' id='word_1_426' title='bbox 1491 1001 1571 1051; x_wconf 88' lang='lat' dir='ltr'><em>ut.]</em></span> <span class='ocrx_word' id='word_1_427' title='bbox 1603 1009 1659 1039; x_wconf 81' lang='lat' dir='ltr'><em>Ita</em></span> <span class='ocrx_word' id='word_1_428' title='bbox 1682 1001 1779 1040; x_wconf 87' lang='lat' dir='ltr'><em>deest</em></span> <span class='ocrx_word' id='word_1_429' title='bbox 1799 1003 1910 1052; x_wconf 86' lang='lat' dir='ltr'><em>antiq.</em></span> <span class='ocrx_word' id='word_1_430' title='bbox 1932 1001 2025 1039; x_wconf 86' lang='lat' dir='ltr'><em>Edd.</em></span> <span class='ocrx_word' id='word_1_431' title='bbox 2048 1003 2087 1040; x_wconf 71' lang='grc' dir='ltr'><em>ὃς</em></span> <span class='ocrx_word' id='word_1_432' title='bbox 2108 1005 2268 1044; x_wconf 84' lang='lat' dir='ltr'><em>Raener.</em></span> 
     </span>
    </p>

    <p class='ocr_par' dir='ltr' id='par_1_20' title="bbox 1366 1050 2296 1105">
     <span class='ocr_line' id='line_1_65' title="bbox 1366 1050 2296 1105; baseline 0.008 -17"><span class='ocrx_word' id='word_1_433' title='bbox 1366 1059 1385 1078; x_wconf 87' lang='lat' dir='ltr'><em>e</em></span> <span class='ocrx_word' id='word_1_434' title='bbox 1410 1050 1592 1099; x_wconf 80' lang='lat' dir='ltr'><em>Levzffima</em></span> <span class='ocrx_word' id='word_1_435' title='bbox 1614 1053 1826 1102; x_wconf 71' lang='lat' dir='ltr'><em>corporum]</em></span> <span class='ocrx_word' id='word_1_436' title='bbox 1850 1051 2070 1101; x_wconf 83' lang='lat' dir='ltr'><em>Leviffimum</em></span> <span class='ocrx_word' id='word_1_437' title='bbox 2085 1056 2296 1105; x_wconf 81' lang='lat' dir='ltr'><em>,Micyllus.</em></span> 
     </span>
    </p>

    <p class='ocr_par' dir='ltr' id='par_1_21' title="bbox 1367 1101 2093 1152">
     <span class='ocr_line' id='line_1_66' title="bbox 1367 1101 2093 1152; baseline 0.006 -13"><span class='ocrx_word' id='word_1_438' title='bbox 1367 1101 1385 1130; x_wconf 83' lang='lat' dir='ltr'>f</span> <span class='ocrx_word' id='word_1_439' title='bbox 1408 1104 1507 1150; x_wconf 71' lang='lat' dir='ltr'><em>Infra</em></span> <span class='ocrx_word' id='word_1_440' title='bbox 1528 1103 1658 1152; x_wconf 65' lang='lat' dir='ltr'><em>huna]</em></span> <span class='ocrx_word' id='word_1_441' title='bbox 1698 1105 1788 1141; x_wconf 83' lang='lat' dir='ltr'><em>Huic</em></span> <span class='ocrx_word' id='word_1_442' title='bbox 1809 1104 1930 1151; x_wconf 81' lang='lat' dir='ltr'><em>infra,</em></span> <span class='ocrx_word' id='word_1_443' title='bbox 1959 1104 2093 1143; x_wconf 87' lang='lat' dir='ltr'><em>Colon.</em></span> 
     </span>
    </p>

    <p class='ocr_par' dir='ltr' id='par_1_22' title="bbox 1318 1154 2363 1254">
     <span class='ocr_line' id='line_1_67' title="bbox 1366 1154 2363 1208; baseline 0.007 -18"><span class='ocrx_word' id='word_1_444' title='bbox 1366 1160 1385 1190; x_wconf 76' lang='lat' dir='ltr'><strong>g</strong></span> <span class='ocrx_word' id='word_1_445' title='bbox 1413 1160 1557 1191; x_wconf 82' lang='lat' dir='ltr'><em>Partem</em></span> <span class='ocrx_word' id='word_1_446' title='bbox 1584 1154 1773 1205; x_wconf 76' lang='lat' dir='ltr'><em>peterent.]</em></span> <span class='ocrx_word' id='word_1_447' title='bbox 1815 1161 1859 1191; x_wconf 86' lang='lat' dir='ltr'><em>In</em></span> <span class='ocrx_word' id='word_1_448' title='bbox 1881 1154 2028 1204; x_wconf 81' lang='lat' dir='ltr'><em>sublimi</em></span> <span class='ocrx_word' id='word_1_449' title='bbox 2052 1166 2155 1207; x_wconf 89' lang='lat' dir='ltr'><em>parte</em></span> <span class='ocrx_word' id='word_1_450' title='bbox 2182 1167 2363 1208; x_wconf 60' lang='lat' dir='ltr'><em>paterent„</em></span> 
     </span>
     <span class='ocr_line' id='line_1_68' title="bbox 1318 1205 1737 1254; baseline 0.002 -12"><span class='ocrx_word' id='word_1_451' title='bbox 1318 1205 1440 1254; x_wconf 88' lang='lat' dir='ltr'><em>Lugd.</em></span> <span class='ocrx_word' id='word_1_452' title='bbox 1462 1206 1623 1242; x_wconf 86' lang='lat' dir='ltr'><em>Raener..</em></span> <span class='ocrx_word' id='word_1_453' title='bbox 1734 1206 1737 1208; x_wconf 70' lang='grc'>’</span> 
     </span>
    </p>
   </div>
   <div class='ocr_carea' id='block_1_9' title="bbox 1319 1255 2395 3317">
    <p class='ocr_par' dir='ltr' id='par_1_23' title="bbox 1319 1255 2370 1357">
     <span class='ocr_line' id='line_1_69' title="bbox 1368 1255 2364 1308; baseline 0.006 -17"><span class='ocrx_word' id='word_1_454' title='bbox 1368 1255 1388 1282; x_wconf 84' lang='lat' dir='ltr'>h</span> <span class='ocrx_word' id='word_1_455' title='bbox 1413 1256 1592 1304; x_wconf 81' lang='lat' dir='ltr'><em>Universa.</em></span> <span class='ocrx_word' id='word_1_456' title='bbox 1648 1255 1761 1293; x_wconf 90' lang='lat' dir='ltr'><em>Deest</em></span> <span class='ocrx_word' id='word_1_457' title='bbox 1782 1256 1953 1294; x_wconf 85' lang='lat' dir='ltr'><em>omnibus</em></span> <span class='ocrx_word' id='word_1_458' title='bbox 1974 1257 2086 1295; x_wconf 83' lang='lat' dir='ltr'><em>Editt.</em></span> <span class='ocrx_word' id='word_1_459' title='bbox 2108 1258 2204 1296; x_wconf 88' lang='lat' dir='ltr'><em>forte</em></span> <span class='ocrx_word' id='word_1_460' title='bbox 2233 1258 2364 1308; x_wconf 57' lang='lat' dir='ltr'><em>legenf</em></span> 
     </span>
     <span class='ocr_line' id='line_1_70' title="bbox 1319 1306 2370 1357; baseline -0.002 -12"><span class='ocrx_word' id='word_1_461' title='bbox 1319 1306 1409 1345; x_wconf 88' lang='lat' dir='ltr'><em>dum</em></span> <span class='ocrx_word' id='word_1_462' title='bbox 1425 1335 1435 1352; x_wconf 89' lang='lat'>‚</span> <span class='ocrx_word' id='word_1_463' title='bbox 1463 1307 1589 1343; x_wconf 80' lang='lat' dir='ltr'><em>univer</em></span> <span class='ocrx_word' id='word_1_464' title='bbox 1602 1321 1614 1342; x_wconf 83' lang='grc' dir='ltr'><strong><em>ι</em></strong></span> <span class='ocrx_word' id='word_1_465' title='bbox 1628 1334 1639 1352; x_wconf 89' lang='grc'>,</span> <span class='ocrx_word' id='word_1_466' title='bbox 1661 1317 1721 1356; x_wconf 87' lang='lat' dir='ltr'><em>per</em></span> <span class='ocrx_word' id='word_1_467' title='bbox 1744 1321 1861 1357; x_wconf 76' lang='lat' dir='ltr'><em>quam.</em></span> <span class='ocrx_word' id='word_1_468' title='bbox 2366 1328 2370 1332; x_wconf 89' lang='lat'><em>-</em></span> 
     </span>
    </p>

    <p class='ocr_par' dir='ltr' id='par_1_24' title="bbox 1371 1356 2099 1408">
     <span class='ocr_line' id='line_1_71' title="bbox 1371 1356 2099 1408; baseline 0.005 -15"><span class='ocrx_word' id='word_1_469' title='bbox 1371 1356 1381 1384; x_wconf 84' lang='lat' dir='ltr'><em>i</em></span> <span class='ocrx_word' id='word_1_470' title='bbox 1410 1362 1466 1394; x_wconf 85' lang='lat' dir='ltr'><em>Ac</em></span> <span class='ocrx_word' id='word_1_471' title='bbox 1488 1358 1646 1408; x_wconf 55' lang='lat' dir='ltr'><em>Lunae]</em></span> <span class='ocrx_word' id='word_1_472' title='bbox 1676 1362 1733 1395; x_wconf 83' lang='lat' dir='ltr'><em>Ac</em></span> <span class='ocrx_word' id='word_1_473' title='bbox 1753 1357 1869 1395; x_wconf 87' lang='lat' dir='ltr'><em>lumen</em></span> <span class='ocrx_word' id='word_1_474' title='bbox 1883 1386 1893 1402; x_wconf 95' lang='lat'>,</span> <span class='ocrx_word' id='word_1_475' title='bbox 1914 1358 2099 1408; x_wconf 77' lang='lat' dir='ltr'><em>Micyllus.</em></span> 
     </span>
    </p>

    <p class='ocr_par' dir='ltr' id='par_1_25' title="bbox 1369 1407 2113 1459">
     <span class='ocr_line' id='line_1_72' title="bbox 1369 1407 2113 1459; baseline 0.004 -14"><span class='ocrx_word' id='word_1_476' title='bbox 1369 1409 1388 1436; x_wconf 76' lang='lat' dir='ltr'>k</span> <span class='ocrx_word' id='word_1_477' title='bbox 1414 1407 1666 1459; x_wconf 80' lang='lat' dir='ltr'><em>Substderent.]</em></span> <span class='ocrx_word' id='word_1_478' title='bbox 1697 1408 1943 1458; x_wconf 74' lang='lat' dir='ltr'><em>subsederunt,</em></span> <span class='ocrx_word' id='word_1_479' title='bbox 1973 1410 2113 1448; x_wconf 73' lang='lat' dir='ltr'><em>Colon‚</em></span> 
     </span>
    </p>

    <p class='ocr_par' dir='ltr' id='par_1_26' title="bbox 1321 1459 2375 1608">
     <span class='ocr_line' id='line_1_73' title="bbox 1373 1459 2368 1511; baseline 0.004 -14"><span class='ocrx_word' id='word_1_480' title='bbox 1373 1473 1405 1509; x_wconf 81' lang='grc' dir='ltr'><em>ς.</em></span> <span class='ocrx_word' id='word_1_481' title='bbox 1434 1464 1533 1496; x_wconf 80' lang='lat' dir='ltr'><em>Ante</em></span> <span class='ocrx_word' id='word_1_482' title='bbox 1554 1461 1688 1508; x_wconf 69' lang='lat' dir='ltr'><em>mare]</em></span> <span class='ocrx_word' id='word_1_483' title='bbox 1718 1459 1850 1497; x_wconf 84' lang='lat' dir='ltr'><em>Versus</em></span> <span class='ocrx_word' id='word_1_484' title='bbox 1870 1460 2025 1498; x_wconf 80' lang='lat' dir='ltr'><em>Hefiodi</em></span> <span class='ocrx_word' id='word_1_485' title='bbox 2039 1489 2050 1506; x_wconf 92' lang='lat'>‚</span> <span class='ocrx_word' id='word_1_486' title='bbox 2087 1461 2133 1499; x_wconf 90' lang='lat' dir='ltr'><em>de</em></span> <span class='ocrx_word' id='word_1_487' title='bbox 2155 1462 2282 1511; x_wconf 89' lang='lat' dir='ltr'><em>quibus</em></span> <span class='ocrx_word' id='word_1_488' title='bbox 2302 1463 2368 1501; x_wconf 85' lang='lat' dir='ltr'><em>hic</em></span> 
     </span>
     <span class='ocr_line' id='line_1_74' title="bbox 1321 1510 2375 1571; baseline 0.005 -23"><span class='ocrx_word' id='word_1_489' title='bbox 1321 1511 1494 1564; x_wconf 66' lang='lat' dir='ltr'><em>meminit</em></span> <span class='ocrx_word' id='word_1_490' title='bbox 1516 1512 1651 1560; x_wconf 83' lang='lat' dir='ltr'><em>Regius</em></span> <span class='ocrx_word' id='word_1_491' title='bbox 1664 1539 1675 1556; x_wconf 91' lang='lat'>‚</span> <span class='ocrx_word' id='word_1_492' title='bbox 1701 1510 1781 1548; x_wconf 90' lang='lat' dir='ltr'><em>sunt</em></span> <span class='ocrx_word' id='word_1_493' title='bbox 1801 1511 1839 1548; x_wconf 91' lang='lat' dir='ltr'><em>in</em></span> <span class='ocrx_word' id='word_1_494' title='bbox 1861 1511 2098 1571; x_wconf 67' lang='lat' dir='ltr'><em>Theogonia.</em></span> <span class='ocrx_word' id='word_1_495' title='bbox 2125 1513 2162 1550; x_wconf 85' lang='lat' dir='ltr'><em>hi</em></span> <span class='ocrx_word' id='word_1_496' title='bbox 2183 1513 2375 1554; x_wconf 78' lang='lat' dir='ltr'><em>videlicet..</em></span> 
     </span>
     <span class='ocr_line' id='line_1_75' title="bbox 1375 1563 2316 1608; baseline 0.001 -8"><span class='ocrx_word' id='word_1_497' title='bbox 1375 1568 1407 1600; x_wconf 89' lang='lat' dir='ltr'>H</span> <span class='ocrx_word' id='word_1_498' title='bbox 1422 1575 1473 1599; x_wconf 77' lang='grc' dir='ltr'><em>τοι</em></span> <span class='ocrx_word' id='word_1_499' title='bbox 1494 1575 1557 1605; x_wconf 73' lang='grc' dir='ltr'><em>μεν</em></span> <span class='ocrx_word' id='word_1_500' title='bbox 1580 1563 1741 1607; x_wconf 74' lang='grc' dir='ltr'><em>πρώτιςοι</em></span> <span class='ocrx_word' id='word_1_501' title='bbox 1761 1564 1856 1608; x_wconf 75' lang='grc' dir='ltr'><em>χάος</em></span> <span class='ocrx_word' id='word_1_502' title='bbox 1873 1566 1984 1606; x_wconf 70' lang='grc' dir='ltr'><em>γένετ-</em></span> <span class='ocrx_word' id='word_1_503' title='bbox 2007 1590 2017 1604; x_wconf 90' lang='grc'><em>,</em></span> <span class='ocrx_word' id='word_1_504' title='bbox 2046 1563 2164 1607; x_wconf 69' lang='grc' dir='ltr'><em>ἀντ-δερ</em></span> <span class='ocrx_word' id='word_1_505' title='bbox 2183 1565 2316 1601; x_wconf 67' lang='grc' dir='ltr'><em>ἔπεια-οι</em></span> 
     </span>
    </p>

    <p class='ocr_par' dir='ltr' id='par_1_27' title="bbox 1323 1611 2395 3317">
     <span class='ocr_line' id='line_1_76' title="bbox 1375 1611 2207 1659; baseline 0 -9"><span class='ocrx_word' id='word_1_506' title='bbox 1375 1615 1443 1650; x_wconf 66' lang='lat' dir='ltr'><em>Fu?</em></span> <span class='ocrx_word' id='word_1_507' title='bbox 1455 1611 1650 1656; x_wconf 71' lang='grc' dir='ltr'><em>εὗρῦςερνος</em></span> <span class='ocrx_word' id='word_1_508' title='bbox 1671 1614 1817 1648; x_wconf 67' lang='grc' dir='ltr'><strong><em>πάντων</em></strong></span> <span class='ocrx_word' id='word_1_509' title='bbox 1837 1611 1912 1654; x_wconf 78' lang='grc' dir='ltr'><em>’έὲος</em></span> <span class='ocrx_word' id='word_1_510' title='bbox 1933 1613 2106 1659; x_wconf 68' lang='grc' dir='ltr'><em>ἀσφαλὲς</em></span> <span class='ocrx_word' id='word_1_511' title='bbox 2126 1613 2207 1651; x_wconf 65' lang='lat' dir='ltr'><em>aiei.</em></span> 
     </span>
     <span class='ocr_line' id='line_1_77' title="bbox 1323 1664 2373 1712; baseline 0.001 -10"><span class='ocrx_word' id='word_1_512' title='bbox 1323 1664 1406 1702; x_wconf 84' lang='lat' dir='ltr'><em>Fuit</em></span> <span class='ocrx_word' id='word_1_513' title='bbox 1428 1672 1552 1701; x_wconf 87' lang='lat' dir='ltr'><em>autem</em></span> <span class='ocrx_word' id='word_1_514' title='bbox 1583 1664 1674 1700; x_wconf 87' lang='lat' dir='ltr'><em>haec</em></span> <span class='ocrx_word' id='word_1_515' title='bbox 1698 1664 1960 1701; x_wconf 86' lang='lat' dir='ltr'><em>communium</em></span> <span class='ocrx_word' id='word_1_516' title='bbox 1984 1664 2219 1712; x_wconf 86' lang='lat' dir='ltr'><em>antiquorum</em></span> <span class='ocrx_word' id='word_1_517' title='bbox 2247 1676 2289 1703; x_wconf 78' lang='lat' dir='ltr'><em>ac</em></span> <span class='ocrx_word' id='word_1_518' title='bbox 2315 1665 2373 1703; x_wconf 88' lang='lat' dir='ltr'><em>sa-</em></span> 
     </span>
     <span class='ocr_line' id='line_1_78' title="bbox 1324 1710 2370 1764; baseline 0.001 -11"><span class='ocrx_word' id='word_1_519' title='bbox 1324 1716 1491 1764; x_wconf 88' lang='lat' dir='ltr'><em>pientum</em></span> <span class='ocrx_word' id='word_1_520' title='bbox 1516 1714 1644 1761; x_wconf 82' lang='lat' dir='ltr'><em>opinio</em></span> <span class='ocrx_word' id='word_1_521' title='bbox 1659 1743 1669 1759; x_wconf 91' lang='lat'><strong>,</strong></span> <span class='ocrx_word' id='word_1_522' title='bbox 1697 1722 1738 1751; x_wconf 86' lang='lat' dir='ltr'><em>ut</em></span> <span class='ocrx_word' id='word_1_523' title='bbox 1761 1710 1944 1752; x_wconf 80' lang='lat' dir='ltr'><em>mundum</em></span> <span class='ocrx_word' id='word_1_524' title='bbox 1965 1715 2111 1752; x_wconf 85' lang='lat' dir='ltr'><em>initium</em></span> <span class='ocrx_word' id='word_1_525' title='bbox 2132 1714 2291 1753; x_wconf 86' lang='lat' dir='ltr'><em>habuiffe</em></span> <span class='ocrx_word' id='word_1_526' title='bbox 2305 1744 2315 1760; x_wconf 95' lang='lat'>‚</span> <span class='ocrx_word' id='word_1_527' title='bbox 2328 1718 2370 1754; x_wconf 84' lang='lat'>&amp;</span> 
     </span>
     <span class='ocr_line' id='line_1_79' title="bbox 1325 1764 2379 1810; baseline -0.001 -6"><span class='ocrx_word' id='word_1_528' title='bbox 1325 1765 1345 1804; x_wconf 76' lang='grc' dir='ltr'><em>Ξι</em></span> <span class='ocrx_word' id='word_1_529' title='bbox 1367 1766 1455 1803; x_wconf 92' lang='lat' dir='ltr'><em>Deo</em></span> <span class='ocrx_word' id='word_1_530' title='bbox 1478 1773 1642 1803; x_wconf 84' lang='lat' dir='ltr'><em>creatum</em></span> <span class='ocrx_word' id='word_1_531' title='bbox 1665 1764 1849 1803; x_wconf 86' lang='lat' dir='ltr'><em>dicerent:</em></span> <span class='ocrx_word' id='word_1_532' title='bbox 1879 1777 1955 1803; x_wconf 90' lang='lat' dir='ltr'><em>non</em></span> <span class='ocrx_word' id='word_1_533' title='bbox 1971 1794 1980 1810; x_wconf 95' lang='lat'>‚</span> <span class='ocrx_word' id='word_1_534' title='bbox 2001 1773 2042 1803; x_wconf 82' lang='lat' dir='ltr'><em>ut</em></span> <span class='ocrx_word' id='word_1_535' title='bbox 2063 1765 2248 1803; x_wconf 87' lang='lat' dir='ltr'><em>Aristoteli</em></span> <span class='ocrx_word' id='word_1_536' title='bbox 2269 1766 2379 1804; x_wconf 80' lang='lat' dir='ltr'><em>vide-</em></span> 
     </span>
     <span class='ocr_line' id='line_1_80' title="bbox 1325 1814 2395 1865; baseline 0.001 -11"><span class='ocrx_word' id='word_1_537' title='bbox 1325 1817 1450 1861; x_wconf 82' lang='lat' dir='ltr'><em>batur,</em></span> <span class='ocrx_word' id='word_1_538' title='bbox 1480 1816 1523 1853; x_wconf 87' lang='lat' dir='ltr'><em>ab</em></span> <span class='ocrx_word' id='word_1_539' title='bbox 1546 1824 1697 1853; x_wconf 80' lang='lat' dir='ltr'><em>aeterno</em></span> <span class='ocrx_word' id='word_1_540' title='bbox 1720 1814 1883 1854; x_wconf 75' lang='lat' dir='ltr'><em>extitisse.</em></span> <span class='ocrx_word' id='word_1_541' title='bbox 1935 1817 2036 1853; x_wconf 87' lang='lat' dir='ltr'><em>Hinc</em></span> <span class='ocrx_word' id='word_1_542' title='bbox 2061 1816 2395 1865; x_wconf 56' lang='lat' dir='ltr'><em>&amp;Aristophanes</em></span> 
     </span>
     <span class='ocr_line' id='line_1_81' title="bbox 1326 1865 2310 1917; baseline 0 -12"><span class='ocrx_word' id='word_1_543' title='bbox 1326 1868 1491 1905; x_wconf 81' lang='lat' dir='ltr'><em>comicus</em></span> <span class='ocrx_word' id='word_1_544' title='bbox 1512 1867 1550 1903; x_wconf 89' lang='lat' dir='ltr'><em>in</em></span> <span class='ocrx_word' id='word_1_545' title='bbox 1571 1865 1713 1904; x_wconf 87' lang='lat' dir='ltr'><em>Avibus</em></span> <span class='ocrx_word' id='word_1_546' title='bbox 1726 1895 1736 1912; x_wconf 90' lang='lat'>‚</span> <span class='ocrx_word' id='word_1_547' title='bbox 1763 1878 1974 1917; x_wconf 84' lang='lat' dir='ltr'><em>quanquam</em></span> <span class='ocrx_word' id='word_1_548' title='bbox 1996 1866 2124 1904; x_wconf 89' lang='lat' dir='ltr'><em>ludens</em></span> <span class='ocrx_word' id='word_1_549' title='bbox 2138 1895 2148 1911; x_wconf 92' lang='lat'>‚</span> <span class='ocrx_word' id='word_1_550' title='bbox 2170 1868 2310 1916; x_wconf 87' lang='lat' dir='ltr'><em>inquit:</em></span> 
     </span>
     <span class='ocr_line' id='line_1_82' title="bbox 1374 1915 2377 1965; baseline -0.001 -11"><span class='ocrx_word' id='word_1_551' title='bbox 1374 1920 1469 1961; x_wconf 70' lang='grc' dir='ltr'><em>Χάος</em></span> <span class='ocrx_word' id='word_1_552' title='bbox 1500 1915 1536 1959; x_wconf 59' lang='grc' dir='ltr'><em>ἦν</em></span> <span class='ocrx_word' id='word_1_553' title='bbox 1567 1918 1629 1954; x_wconf 64' lang='grc' dir='ltr'><em>καὶ</em></span> <span class='ocrx_word' id='word_1_554' title='bbox 1660 1917 1726 1965; x_wconf 78' lang='grc' dir='ltr'><em>νῦξ</em></span> <span class='ocrx_word' id='word_1_555' title='bbox 1753 1918 1869 1963; x_wconf 71' lang='grc' dir='ltr'><em>ἔρεβός</em></span> <span class='ocrx_word' id='word_1_556' title='bbox 1901 1930 1943 1954; x_wconf 74' lang='grc' dir='ltr'><em>τε</em></span> <span class='ocrx_word' id='word_1_557' title='bbox 1969 1921 2088 1962; x_wconf 77' lang='grc' dir='ltr'><em>μέλαν</em></span> <span class='ocrx_word' id='word_1_558' title='bbox 2118 1918 2181 1955; x_wconf 71' lang='grc' dir='ltr'><em>καὶ</em></span> <span class='ocrx_word' id='word_1_559' title='bbox 2201 1919 2377 1965; x_wconf 72' lang='grc' dir='ltr'><em>τάρταρος</em></span> 
     </span>
     <span class='ocr_line' id='line_1_83' title="bbox 1433 1981 1540 2010; baseline 0.009 -6"><span class='ocrx_word' id='word_1_560' title='bbox 1433 1981 1540 2010; x_wconf 78' lang='grc' dir='ltr'><em>ευρυς.</em></span> 
     </span>
     <span class='ocr_line' id='line_1_84' title="bbox 1379 2015 2010 2064; baseline -0.003 -8"><span class='ocrx_word' id='word_1_561' title='bbox 1379 2021 1427 2061; x_wconf 73' lang='grc' dir='ltr'><em>Γῆ</em></span> <span class='ocrx_word' id='word_1_562' title='bbox 1445 2015 1499 2064; x_wconf 71' lang='grc' dir='ltr'><em>δ’,</em></span> <span class='ocrx_word' id='word_1_563' title='bbox 1526 2016 1596 2056; x_wconf 68' lang='grc' dir='ltr'><em>οὐδ’</em></span> <span class='ocrx_word' id='word_1_564' title='bbox 1616 2018 1679 2063; x_wconf 61' lang='grc' dir='ltr'><em>ἂξρ</em></span> <span class='ocrx_word' id='word_1_565' title='bbox 1692 2046 1702 2062; x_wconf 93' lang='grc'><strong>,</strong></span> <span class='ocrx_word' id='word_1_566' title='bbox 1728 2017 1797 2055; x_wconf 74' lang='grc' dir='ltr'><em>οὐδ’</em></span> <span class='ocrx_word' id='word_1_567' title='bbox 1816 2017 1947 2062; x_wconf 69' lang='grc' dir='ltr'>οὐρανὸς</span> <span class='ocrx_word' id='word_1_568' title='bbox 1963 2015 2010 2059; x_wconf 57' lang='grc' dir='ltr'><em>ἦν.</em></span> 
     </span>
     <span class='ocr_line' id='line_1_85' title="bbox 1328 2068 2370 2118; baseline 0 -10"><span class='ocrx_word' id='word_1_569' title='bbox 1328 2070 1387 2108; x_wconf 89' lang='lat' dir='ltr'><em>Ac</em></span> <span class='ocrx_word' id='word_1_570' title='bbox 1409 2070 1604 2108; x_wconf 80' lang='lat' dir='ltr'><em>verisimile</em></span> <span class='ocrx_word' id='word_1_571' title='bbox 1627 2069 1675 2106; x_wconf 88' lang='lat' dir='ltr'><em>est</em></span> <span class='ocrx_word' id='word_1_572' title='bbox 1689 2098 1702 2113; x_wconf 66' lang='lat'>⁷</span> <span class='ocrx_word' id='word_1_573' title='bbox 1726 2069 1868 2118; x_wconf 89' lang='lat' dir='ltr'><em>semper</em></span> <span class='ocrx_word' id='word_1_574' title='bbox 1890 2068 1992 2107; x_wconf 73' lang='lat' dir='ltr'><em>fuisse</em></span> <span class='ocrx_word' id='word_1_575' title='bbox 2013 2070 2108 2108; x_wconf 84' lang='lat' dir='ltr'><em>inter</em></span> <span class='ocrx_word' id='word_1_576' title='bbox 2119 2071 2238 2108; x_wconf 83' lang='lat' dir='ltr'><em>Patres</em></span> <span class='ocrx_word' id='word_1_577' title='bbox 2251 2077 2370 2108; x_wconf 74' lang='lat' dir='ltr'><em>certas</em></span> 
     </span>
     <span class='ocr_line' id='line_1_86' title="bbox 1329 2121 2375 2171; baseline 0 -13"><span class='ocrx_word' id='word_1_578' title='bbox 1329 2121 1501 2171; x_wconf 83' lang='lat' dir='ltr'><em>quasdam</em></span> <span class='ocrx_word' id='word_1_579' title='bbox 1524 2121 1716 2159; x_wconf 83' lang='lat' dir='ltr'><em>sententias</em></span> <span class='ocrx_word' id='word_1_580' title='bbox 1731 2149 1741 2165; x_wconf 93' lang='lat'><strong><em>‚</em></strong></span> <span class='ocrx_word' id='word_1_581' title='bbox 1769 2121 1814 2157; x_wconf 90' lang='lat' dir='ltr'><em>de</em></span> <span class='ocrx_word' id='word_1_582' title='bbox 1838 2121 1926 2157; x_wconf 85' lang='lat' dir='ltr'><em>Deo</em></span> <span class='ocrx_word' id='word_1_583' title='bbox 1940 2149 1950 2164; x_wconf 92' lang='lat'>‚</span> <span class='ocrx_word' id='word_1_584' title='bbox 1971 2121 2017 2158; x_wconf 90' lang='lat' dir='ltr'><em>de</em></span> <span class='ocrx_word' id='word_1_585' title='bbox 2040 2121 2239 2159; x_wconf 82' lang='lat' dir='ltr'><em>Creatione</em></span> <span class='ocrx_word' id='word_1_586' title='bbox 2263 2133 2375 2158; x_wconf 87' lang='lat' dir='ltr'><em>mun-</em></span> 
     </span>
     <span class='ocr_line' id='line_1_87' title="bbox 1330 2169 2376 2217; baseline 0 -9"><span class='ocrx_word' id='word_1_587' title='bbox 1330 2172 1390 2217; x_wconf 90' lang='lat' dir='ltr'><em>di,</em></span> <span class='ocrx_word' id='word_1_588' title='bbox 1419 2172 1465 2209; x_wconf 90' lang='lat' dir='ltr'><em>de</em></span> <span class='ocrx_word' id='word_1_589' title='bbox 1486 2173 1641 2210; x_wconf 88' lang='lat' dir='ltr'><em>Diluvio</em></span> <span class='ocrx_word' id='word_1_590' title='bbox 1656 2199 1667 2216; x_wconf 87' lang='lat'>,</span> <span class='ocrx_word' id='word_1_591' title='bbox 1695 2172 1733 2208; x_wconf 86' lang='lat'>&amp;</span> <span class='ocrx_word' id='word_1_592' title='bbox 1755 2169 1926 2208; x_wconf 80' lang='lat' dir='ltr'><em>similibus</em></span> <span class='ocrx_word' id='word_1_593' title='bbox 1947 2172 2050 2209; x_wconf 85' lang='lat' dir='ltr'><em>rebus</em></span> <span class='ocrx_word' id='word_1_594' title='bbox 2083 2183 2124 2209; x_wconf 80' lang='lat' dir='ltr'><em>ac</em></span> <span class='ocrx_word' id='word_1_595' title='bbox 2159 2171 2376 2209; x_wconf 81' lang='lat' dir='ltr'><em>mutationi-</em></span> 
     </span>
     <span class='ocr_line' id='line_1_88' title="bbox 1329 2220 2378 2271; baseline -0.001 -12"><span class='ocrx_word' id='word_1_596' title='bbox 1329 2222 1394 2259; x_wconf 85' lang='lat' dir='ltr'><em>bus</em></span> <span class='ocrx_word' id='word_1_597' title='bbox 1414 2223 1662 2271; x_wconf 82' lang='lat' dir='ltr'><em>gravioribus,</em></span> <span class='ocrx_word' id='word_1_598' title='bbox 1689 2232 1777 2271; x_wconf 81' lang='lat' dir='ltr'><em>quas</em></span> <span class='ocrx_word' id='word_1_599' title='bbox 1799 2220 1820 2258; x_wconf 70' lang='grc' dir='ltr'><em>ἐι</em></span> <span class='ocrx_word' id='word_1_600' title='bbox 1847 2221 1970 2270; x_wconf 87' lang='lat' dir='ltr'><em>primis</em></span> <span class='ocrx_word' id='word_1_601' title='bbox 2000 2221 2212 2259; x_wconf 81' lang='lat' dir='ltr'><em>hominibus</em></span> <span class='ocrx_word' id='word_1_602' title='bbox 2245 2233 2378 2270; x_wconf 85' lang='lat' dir='ltr'><em>accep-</em></span> 
     </span>
     <span class='ocr_line' id='line_1_89' title="bbox 1330 2271 2380 2323; baseline -0.001 -13"><span class='ocrx_word' id='word_1_603' title='bbox 1330 2280 1382 2310; x_wconf 82' lang='lat' dir='ltr'><em>tas</em></span> <span class='ocrx_word' id='word_1_604' title='bbox 1397 2302 1408 2318; x_wconf 89' lang='lat'>,</span> <span class='ocrx_word' id='word_1_605' title='bbox 1434 2273 1565 2321; x_wconf 87' lang='lat' dir='ltr'><em>posteri</em></span> <span class='ocrx_word' id='word_1_606' title='bbox 1587 2272 1686 2323; x_wconf 85' lang='lat' dir='ltr'><em>quasi</em></span> <span class='ocrx_word' id='word_1_607' title='bbox 1708 2284 1772 2320; x_wconf 86' lang='lat' dir='ltr'><em>per</em></span> <span class='ocrx_word' id='word_1_608' title='bbox 1793 2284 1923 2310; x_wconf 86' lang='lat' dir='ltr'><em>manus</em></span> <span class='ocrx_word' id='word_1_609' title='bbox 1945 2272 2003 2309; x_wconf 87' lang='lat' dir='ltr'><em>alii</em></span> <span class='ocrx_word' id='word_1_610' title='bbox 2031 2272 2104 2309; x_wconf 87' lang='lat' dir='ltr'><em>aliis</em></span> <span class='ocrx_word' id='word_1_611' title='bbox 2136 2271 2380 2309; x_wconf 63' lang='lat' dir='ltr'><em>tradiderunt,</em></span> 
     </span>
     <span class='ocr_line' id='line_1_90' title="bbox 1331 2322 2375 2372; baseline -0.001 -12"><span class='ocrx_word' id='word_1_612' title='bbox 1331 2324 1458 2372; x_wconf 87' lang='lat' dir='ltr'><em>Atque</em></span> <span class='ocrx_word' id='word_1_613' title='bbox 1490 2325 1539 2362; x_wconf 86' lang='lat' dir='ltr'><em>ita</em></span> <span class='ocrx_word' id='word_1_614' title='bbox 1571 2324 1634 2362; x_wconf 84' lang='lat' dir='ltr'><em>has</em></span> <span class='ocrx_word' id='word_1_615' title='bbox 1667 2323 1687 2360; x_wconf 71' lang='lat' dir='ltr'><em>a</em></span> <span class='ocrx_word' id='word_1_616' title='bbox 1710 2322 1855 2370; x_wconf 85' lang='lat' dir='ltr'><em>Judaeis</em></span> <span class='ocrx_word' id='word_1_617' title='bbox 1876 2323 2037 2371; x_wconf 87' lang='lat' dir='ltr'><em>primum</em></span> <span class='ocrx_word' id='word_1_618' title='bbox 2065 2322 2110 2360; x_wconf 87' lang='lat' dir='ltr'><em>ad</em></span> <span class='ocrx_word' id='word_1_619' title='bbox 2143 2323 2375 2372; x_wconf 82' lang='lat' dir='ltr'><em>Aegyptios,</em></span> 
     </span>
     <span class='ocr_line' id='line_1_91' title="bbox 1333 2372 2375 2424; baseline -0.002 -14"><span class='ocrx_word' id='word_1_620' title='bbox 1333 2385 1425 2411; x_wconf 85' lang='lat' dir='ltr'><em>mox</em></span> <span class='ocrx_word' id='word_1_621' title='bbox 1449 2374 1493 2411; x_wconf 89' lang='lat' dir='ltr'><em>ab</em></span> <span class='ocrx_word' id='word_1_622' title='bbox 1518 2374 1710 2424; x_wconf 85' lang='lat' dir='ltr'><em>Aegyptiis</em></span> <span class='ocrx_word' id='word_1_623' title='bbox 1731 2372 1777 2410; x_wconf 83' lang='lat' dir='ltr'><em>ad</em></span> <span class='ocrx_word' id='word_1_624' title='bbox 1801 2374 1988 2417; x_wconf 72' lang='lat' dir='ltr'><em>Graecos,</em></span> <span class='ocrx_word' id='word_1_625' title='bbox 2017 2380 2126 2423; x_wconf 86' lang='lat' dir='ltr'><em>atque</em></span> <span class='ocrx_word' id='word_1_626' title='bbox 2136 2373 2222 2410; x_wconf 86' lang='lat' dir='ltr'><em>inde</em></span> <span class='ocrx_word' id='word_1_627' title='bbox 2235 2373 2280 2410; x_wconf 85' lang='lat' dir='ltr'><em>ad</em></span> <span class='ocrx_word' id='word_1_628' title='bbox 2291 2372 2375 2409; x_wconf 83' lang='lat' dir='ltr'><em>alias</em></span> 
     </span>
     <span class='ocr_line' id='line_1_92' title="bbox 1330 2422 2376 2473; baseline -0.003 -11"><span class='ocrx_word' id='word_1_629' title='bbox 1330 2433 1456 2473; x_wconf 85' lang='lat' dir='ltr'><em>gentes</em></span> <span class='ocrx_word' id='word_1_630' title='bbox 1478 2423 1715 2473; x_wconf 84' lang='lat' dir='ltr'><em>permanaffe.</em></span> <span class='ocrx_word' id='word_1_631' title='bbox 1769 2425 1912 2473; x_wconf 85' lang='lat' dir='ltr'><em>Quibus</em></span> <span class='ocrx_word' id='word_1_632' title='bbox 1945 2423 2141 2472; x_wconf 86' lang='lat' dir='ltr'><em>posteriora</em></span> <span class='ocrx_word' id='word_1_633' title='bbox 2172 2422 2311 2460; x_wconf 83' lang='lat' dir='ltr'><em>saecula</em></span> <span class='ocrx_word' id='word_1_634' title='bbox 2336 2423 2376 2460; x_wconf 85' lang='lat'>&amp;</span> 
     </span>
     <span class='ocr_line' id='line_1_93' title="bbox 1333 2473 2380 2525; baseline -0.003 -13"><span class='ocrx_word' id='word_1_635' title='bbox 1333 2475 1504 2513; x_wconf 85' lang='lat' dir='ltr'><em>homines</em></span> <span class='ocrx_word' id='word_1_636' title='bbox 1538 2505 1549 2521; x_wconf 92' lang='lat'>‚</span> <span class='ocrx_word' id='word_1_637' title='bbox 1604 2476 1741 2525; x_wconf 89' lang='lat' dir='ltr'><em>quique</em></span> <span class='ocrx_word' id='word_1_638' title='bbox 1782 2473 1802 2511; x_wconf 71' lang='lat' dir='ltr'><em>a</em></span> <span class='ocrx_word' id='word_1_639' title='bbox 1847 2475 1970 2523; x_wconf 86' lang='lat' dir='ltr'><em>primis</em></span> <span class='ocrx_word' id='word_1_640' title='bbox 2001 2474 2219 2510; x_wconf 87' lang='lat' dir='ltr'><em>remotiores</em></span> <span class='ocrx_word' id='word_1_641' title='bbox 2251 2474 2353 2510; x_wconf 84' lang='lat' dir='ltr'><em>fuere</em></span> <span class='ocrx_word' id='word_1_642' title='bbox 2367 2501 2380 2517; x_wconf 91' lang='lat'><strong>,</strong></span> 
     </span>
     <span class='ocr_line' id='line_1_94' title="bbox 1333 2524 2379 2574; baseline -0.003 -11"><span class='ocrx_word' id='word_1_643' title='bbox 1333 2527 1383 2562; x_wconf 88' lang='lat' dir='ltr'><em>ita</em></span> <span class='ocrx_word' id='word_1_644' title='bbox 1404 2526 1554 2563; x_wconf 87' lang='lat' dir='ltr'><em>subinde</em></span> <span class='ocrx_word' id='word_1_645' title='bbox 1576 2527 1644 2563; x_wconf 83' lang='lat' dir='ltr'><em>alia</em></span> <span class='ocrx_word' id='word_1_646' title='bbox 1668 2534 1776 2574; x_wconf 85' lang='lat' dir='ltr'><em>atque</em></span> <span class='ocrx_word' id='word_1_647' title='bbox 1800 2525 1867 2562; x_wconf 87' lang='lat' dir='ltr'><em>alia</em></span> <span class='ocrx_word' id='word_1_648' title='bbox 1890 2525 2106 2561; x_wconf 81' lang='lat' dir='ltr'><em>affinxerunt</em></span> <span class='ocrx_word' id='word_1_649' title='bbox 2131 2552 2141 2568; x_wconf 91' lang='lat'>,</span> <span class='ocrx_word' id='word_1_650' title='bbox 2179 2524 2300 2561; x_wconf 88' lang='lat' dir='ltr'><em>donec</em></span> <span class='ocrx_word' id='word_1_651' title='bbox 2323 2534 2379 2561; x_wconf 85' lang='lat' dir='ltr'><em>res</em></span> 
     </span>
     <span class='ocr_line' id='line_1_95' title="bbox 1334 2573 2377 2622; baseline -0.001 -11"><span class='ocrx_word' id='word_1_652' title='bbox 1334 2575 1422 2622; x_wconf 85' lang='lat' dir='ltr'><em>ipsas</em></span> <span class='ocrx_word' id='word_1_653' title='bbox 1441 2584 1537 2613; x_wconf 84' lang='lat' dir='ltr'><em>totas</em></span> <span class='ocrx_word' id='word_1_654' title='bbox 1560 2576 1673 2612; x_wconf 88' lang='lat' dir='ltr'><em>videri</em></span> <span class='ocrx_word' id='word_1_655' title='bbox 1695 2573 1869 2614; x_wconf 78' lang='lat' dir='ltr'><em>fabulosas</em></span> <span class='ocrx_word' id='word_1_656' title='bbox 1884 2602 1894 2617; x_wconf 85' lang='lat'><strong>,</strong></span> <span class='ocrx_word' id='word_1_657' title='bbox 1916 2573 2055 2610; x_wconf 69' lang='lat' dir='ltr'><em>fac‘tum</em></span> <span class='ocrx_word' id='word_1_658' title='bbox 2069 2573 2127 2610; x_wconf 88' lang='lat' dir='ltr'><em>est.</em></span> <span class='ocrx_word' id='word_1_659' title='bbox 2155 2575 2377 2611; x_wconf 57' lang='lat' dir='ltr'><em>Mimans,</em></span> 
     </span>
     <span class='ocr_line' id='line_1_96' title="bbox 1338 2624 2378 2710; baseline 0.002 -51"><span class='ocrx_word' id='word_1_660' title='bbox 1338 2624 1423 2710; x_wconf 54' lang='lat' dir='ltr'><em>affl?</em></span> <span class='ocrx_word' id='word_1_661' title='bbox 1439 2630 1532 2661; x_wconf 78' lang='lat' dir='ltr'><em>Unus</em></span> <span class='ocrx_word' id='word_1_662' title='bbox 1552 2635 1628 2660; x_wconf 86' lang='lat' dir='ltr'><em>erat</em></span> <span class='ocrx_word' id='word_1_663' title='bbox 1640 2633 1709 2660; x_wconf 85' lang='lat' dir='ltr'><em>toto</em></span> <span class='ocrx_word' id='word_1_664' title='bbox 1732 2629 1893 2661; x_wconf 86' lang='lat' dir='ltr'><em>Naturae</em></span> <span class='ocrx_word' id='word_1_665' title='bbox 1905 2624 2026 2662; x_wconf 81' lang='lat' dir='ltr'><em>vultus</em></span> <span class='ocrx_word' id='word_1_666' title='bbox 2049 2625 2086 2661; x_wconf 85' lang='lat' dir='ltr'><em>in</em></span> <span class='ocrx_word' id='word_1_667' title='bbox 2098 2624 2203 2675; x_wconf 59' lang='lat' dir='ltr'><em>orba]</em></span> <span class='ocrx_word' id='word_1_668' title='bbox 2217 2626 2279 2662; x_wconf 86' lang='lat' dir='ltr'><em>De</em></span> <span class='ocrx_word' id='word_1_669' title='bbox 2301 2625 2378 2662; x_wconf 79' lang='lat' dir='ltr'><em>hoc</em></span> 
     </span>
     <span class='ocr_line' id='line_1_97' title="bbox 1408 2685 1441 2710; baseline 0.03 -1"><span class='ocrx_word' id='word_1_670' title='bbox 1408 2685 1441 2710; x_wconf 90' lang='lat'><em>1:</em></span> 
     </span>
     <span class='ocr_line' id='line_1_98' title="bbox 1390 2724 2273 2775; baseline 0.002 -15"><span class='ocrx_word' id='word_1_671' title='bbox 1390 2725 1514 2761; x_wconf 81' lang='lat' dir='ltr'><em>Prima</em></span> <span class='ocrx_word' id='word_1_672' title='bbox 1527 2725 1604 2772; x_wconf 65' lang='lat' dir='ltr'><em>fieit</em></span> <span class='ocrx_word' id='word_1_673' title='bbox 1627 2738 1741 2762; x_wconf 83' lang='lat' dir='ltr'><em>rerum</em></span> <span class='ocrx_word' id='word_1_674' title='bbox 1764 2726 1900 2774; x_wconf 82' lang='lat' dir='ltr'><em>confusa</em></span> <span class='ocrx_word' id='word_1_675' title='bbox 1913 2724 1988 2775; x_wconf 87' lang='lat' dir='ltr'><em>fine</em></span> <span class='ocrx_word' id='word_1_676' title='bbox 2010 2726 2127 2762; x_wconf 85' lang='lat' dir='ltr'><em>ordine</em></span> <span class='ocrx_word' id='word_1_677' title='bbox 2149 2725 2273 2763; x_wconf 80' lang='lat' dir='ltr'><em>moles.-</em></span> 
     </span>
     <span class='ocr_line' id='line_1_99' title="bbox 1441 2775 2266 2825; baseline 0.001 -13"><span class='ocrx_word' id='word_1_678' title='bbox 1441 2781 1582 2825; x_wconf 77' lang='lat' dir='ltr'><em>Unaque</em></span> <span class='ocrx_word' id='word_1_679' title='bbox 1601 2787 1677 2812; x_wconf 88' lang='lat' dir='ltr'><em>erat</em></span> <span class='ocrx_word' id='word_1_680' title='bbox 1690 2777 1798 2822; x_wconf 87' lang='lat' dir='ltr'><em>facies</em></span> <span class='ocrx_word' id='word_1_681' title='bbox 1812 2775 1928 2825; x_wconf 81' lang='lat' dir='ltr'><em>sidera</em></span> <span class='ocrx_word' id='word_1_682' title='bbox 1943 2805 1953 2821; x_wconf 88' lang='lat'><strong><em>‚</em></strong></span> <span class='ocrx_word' id='word_1_683' title='bbox 1981 2788 2074 2813; x_wconf 82' lang='lat' dir='ltr'><em>terra</em></span> <span class='ocrx_word' id='word_1_684' title='bbox 2088 2805 2098 2821; x_wconf 90' lang='lat'>‚</span> <span class='ocrx_word' id='word_1_685' title='bbox 2117 2778 2266 2823; x_wconf 79' lang='lat' dir='ltr'><em>fretum.</em></span> 
     </span>
     <span class='ocr_line' id='line_1_100' title="bbox 1387 2825 2378 2878; baseline 0.002 -16"><span class='ocrx_word' id='word_1_686' title='bbox 1387 2833 1477 2863; x_wconf 53' lang='lat' dir='ltr'><em>Alex</em></span> <span class='ocrx_word' id='word_1_687' title='bbox 1500 2826 1624 2862; x_wconf 86' lang='lat' dir='ltr'><em>coelum</em></span> <span class='ocrx_word' id='word_1_688' title='bbox 1648 2825 1840 2875; x_wconf 78' lang='lat' dir='ltr'><em>impositum</em></span> <span class='ocrx_word' id='word_1_689' title='bbox 1862 2827 1905 2874; x_wconf 88' lang='lat' dir='ltr'><em>est</em></span> <span class='ocrx_word' id='word_1_690' title='bbox 1927 2829 2026 2864; x_wconf 81' lang='lat' dir='ltr'><em>terris</em></span> <span class='ocrx_word' id='word_1_691' title='bbox 2041 2855 2052 2873; x_wconf 92' lang='lat'>,</span> <span class='ocrx_word' id='word_1_692' title='bbox 2086 2827 2212 2864; x_wconf 82' lang='lat' dir='ltr'><em>humus</em></span> <span class='ocrx_word' id='word_1_693' title='bbox 2234 2840 2378 2878; x_wconf 73' lang='lat' dir='ltr'><em>aequore</em></span> 
     </span>
     <span class='ocr_line' id='line_1_101' title="bbox 1514 2877 2181 2924; baseline -0.001 -11"><span class='ocrx_word' id='word_1_694' title='bbox 1514 2877 1625 2913; x_wconf 64' lang='lat' dir='ltr'><em>cineta</em></span> <span class='ocrx_word' id='word_1_695' title='bbox 1645 2877 1688 2924; x_wconf 85' lang='lat' dir='ltr'><em>est</em></span> <span class='ocrx_word' id='word_1_696' title='bbox 1701 2893 1711 2912; x_wconf 83' lang='lat'><em>.·</em></span> <span class='ocrx_word' id='word_1_697' title='bbox 2176 2897 2181 2902; x_wconf 87' lang='lat'>·</span> 
     </span>
     <span class='ocr_line' id='line_1_102' title="bbox 1443 2927 2141 2977; baseline 0.003 -14"><span class='ocrx_word' id='word_1_698' title='bbox 1443 2934 1550 2977; x_wconf 83' lang='lat' dir='ltr'><em>Inque</em></span> <span class='ocrx_word' id='word_1_699' title='bbox 1564 2927 1649 2976; x_wconf 87' lang='lat' dir='ltr'><em>suas</em></span> <span class='ocrx_word' id='word_1_700' title='bbox 1667 2937 1783 2977; x_wconf 82' lang='lat' dir='ltr'><em>partes</em></span> <span class='ocrx_word' id='word_1_701' title='bbox 1804 2927 1888 2976; x_wconf 76' lang='lat' dir='ltr'><em>ceffit</em></span> <span class='ocrx_word' id='word_1_702' title='bbox 1910 2929 2014 2965; x_wconf 85' lang='lat' dir='ltr'><em>inane</em></span> <span class='ocrx_word' id='word_1_703' title='bbox 2034 2927 2141 2965; x_wconf 78' lang='lat' dir='ltr'><em>chaos.</em></span> 
     </span>
     <span class='ocr_line' id='line_1_103' title="bbox 1343 2977 2381 3026; baseline 0 -12"><span class='ocrx_word' id='word_1_704' title='bbox 1343 2977 1555 3014; x_wconf 60' lang='lat' dir='ltr'><em>Ciofnnus.</em></span> <span class='ocrx_word' id='word_1_705' title='bbox 1582 2978 1619 3014; x_wconf 89' lang='lat' dir='ltr'><em>in</em></span> <span class='ocrx_word' id='word_1_706' title='bbox 1654 2978 1848 3015; x_wconf 83' lang='lat' dir='ltr'><em>Scholiaste</em></span> <span class='ocrx_word' id='word_1_707' title='bbox 1879 2978 2018 3016; x_wconf 86' lang='lat' dir='ltr'><em>inedito</em></span> <span class='ocrx_word' id='word_1_708' title='bbox 2052 2979 2213 3016; x_wconf 84' lang='lat' dir='ltr'><em>Senecae</em></span> <span class='ocrx_word' id='word_1_709' title='bbox 2245 2977 2381 3026; x_wconf 58' lang='lat' dir='ltr'><em>Trag14</em></span> 
     </span>
     <span class='ocr_line' id='line_1_104' title="bbox 1344 3027 2378 3078; baseline -0.001 -13"><span class='ocrx_word' id='word_1_710' title='bbox 1344 3029 1376 3065; x_wconf 91' lang='lat' dir='ltr'><em>ci</em></span> <span class='ocrx_word' id='word_1_711' title='bbox 1419 3028 1463 3065; x_wconf 77' lang='lat' dir='ltr'><em>ad</em></span> <span class='ocrx_word' id='word_1_712' title='bbox 1508 3027 1660 3077; x_wconf 83' lang='lat' dir='ltr'><em>Thy-est.</em></span> <span class='ocrx_word' id='word_1_713' title='bbox 1704 3028 1787 3075; x_wconf 83' lang='lat'><em>832.</em></span> <span class='ocrx_word' id='word_1_714' title='bbox 1820 3029 1881 3078; x_wconf 88' lang='lat' dir='ltr'><em>qui</em></span> <span class='ocrx_word' id='word_1_715' title='bbox 1914 3029 2071 3065; x_wconf 84' lang='lat' dir='ltr'><em>servatur</em></span> <span class='ocrx_word' id='word_1_716' title='bbox 2100 3030 2138 3066; x_wconf 91' lang='lat' dir='ltr'><em>in</em></span> <span class='ocrx_word' id='word_1_717' title='bbox 2160 3028 2378 3065; x_wconf 81' lang='lat' dir='ltr'><em>bibliotheca</em></span> 
     </span>
     <span class='ocr_line' id='line_1_105' title="bbox 1343 3078 2378 3127; baseline 0 -11"><span class='ocrx_word' id='word_1_718' title='bbox 1343 3079 1584 3127; x_wconf 68' lang='lat' dir='ltr'><em>Ultrajetstina</em></span> <span class='ocrx_word' id='word_1_719' title='bbox 1599 3107 1610 3123; x_wconf 91' lang='lat'>,</span> <span class='ocrx_word' id='word_1_720' title='bbox 1635 3079 1820 3126; x_wconf 81' lang='lat' dir='ltr'><em>legebatur</em></span> <span class='ocrx_word' id='word_1_721' title='bbox 1833 3108 1842 3123; x_wconf 92' lang='lat'>‚</span> <span class='ocrx_word' id='word_1_722' title='bbox 1850 3079 1961 3127; x_wconf 81' lang='lat' dir='ltr'><em>primo</em></span> <span class='ocrx_word' id='word_1_723' title='bbox 1984 3089 2131 3115; x_wconf 82' lang='lat' dir='ltr'><em>naturae</em></span> <span class='ocrx_word' id='word_1_724' title='bbox 2144 3107 2154 3124; x_wconf 94' lang='lat'>‚</span> <span class='ocrx_word' id='word_1_725' title='bbox 2167 3078 2268 3127; x_wconf 82' lang='lat' dir='ltr'><em>quod</em></span> <span class='ocrx_word' id='word_1_726' title='bbox 2299 3089 2378 3116; x_wconf 78' lang='lat' dir='ltr'><em>non</em></span> 
     </span>
     <span class='ocr_line' id='line_1_106' title="bbox 1343 3128 2037 3167; baseline -0.001 -1"><span class='ocrx_word' id='word_1_727' title='bbox 1343 3129 1575 3167; x_wconf 83' lang='lat' dir='ltr'><em>invenustum</em></span> <span class='ocrx_word' id='word_1_728' title='bbox 1599 3128 1751 3166; x_wconf 76' lang='lat' dir='ltr'><em>viderur.</em></span> <span class='ocrx_word' id='word_1_729' title='bbox 1779 3129 2037 3166; x_wconf 67' lang='lat' dir='ltr'><em>BuRMANNus.</em></span> 
     </span>
     <span class='ocr_line' id='line_1_107' title="bbox 1397 3178 2382 3229; baseline 0.002 -14"><span class='ocrx_word' id='word_1_730' title='bbox 1397 3191 1428 3225; x_wconf 86' lang='lat'><em>7.</em></span> <span class='ocrx_word' id='word_1_731' title='bbox 1457 3183 1570 3227; x_wconf 72' lang='lat' dir='ltr'><em>Qem</em></span> <span class='ocrx_word' id='word_1_732' title='bbox 1592 3179 1706 3216; x_wconf 83' lang='lat' dir='ltr'><em>dixere</em></span> <span class='ocrx_word' id='word_1_733' title='bbox 1728 3179 1870 3229; x_wconf 57' lang='lat' dir='ltr'><em>Chaos]</em></span> <span class='ocrx_word' id='word_1_734' title='bbox 1899 3179 2105 3218; x_wconf 83' lang='lat' dir='ltr'><em>Relativum</em></span> <span class='ocrx_word' id='word_1_735' title='bbox 2117 3178 2275 3228; x_wconf 76' lang='lat' dir='ltr'><em>positum</em></span> <span class='ocrx_word' id='word_1_736' title='bbox 2288 3180 2382 3217; x_wconf 73' lang='lat' dir='ltr'><em>inter</em></span> 
     </span>
     <span class='ocr_line' id='line_1_108' title="bbox 1341 3230 2382 3282; baseline -0.008 -10"><span class='ocrx_word' id='word_1_737' title='bbox 1341 3231 1499 3272; x_wconf 85' lang='lat' dir='ltr'><em>nomina</em></span> <span class='ocrx_word' id='word_1_738' title='bbox 1518 3230 1742 3271; x_wconf 77' lang='lat' dir='ltr'><em>diversorum</em></span> <span class='ocrx_word' id='word_1_739' title='bbox 1763 3240 1940 3282; x_wconf 83' lang='lat' dir='ltr'><em>generum</em></span> <span class='ocrx_word' id='word_1_740' title='bbox 1961 3231 2170 3282; x_wconf 76' lang='lat' dir='ltr'><em>frequenter</em></span> <span class='ocrx_word' id='word_1_741' title='bbox 2192 3230 2287 3280; x_wconf 85' lang='lat' dir='ltr'><em>apud</em></span> <span class='ocrx_word' id='word_1_742' title='bbox 2300 3240 2382 3266; x_wconf 82' lang='lat' dir='ltr'><em>ora-</em></span> 
     </span>
     <span class='ocr_line' id='line_1_109' title="bbox 2283 3286 2382 3317; baseline 0 0"><span class='ocrx_word' id='word_1_743' title='bbox 2283 3286 2382 3317; x_wconf 57' lang='lat' dir='ltr'><em>&amp;DNS</em></span> 
     </span>
    </p>
   </div>
  </div>
 </body>
</html>
