2483 3616
276 148 1525 215 METAMORPHOSEON
1600 147 1744 203 Lm.
1793 148 1928 205 VII.

726 269 815 321 ‘ar-51
839 266 1081 321 Theseus
1104 267 1224 321 data
1246 264 1436 339 pocula
1463 264 1683 325 dextra3

348 271 607 328 Sumserat
630 268 723 339 ign

2085 164 2186 216 499

344 346 486 398 Cum
509 354 657 414 pater
680 340 736 393 in
760 341 953 413 capulo
979 339 1137 411 gladii
1161 339 1418 410 cognovit
1444 337 1650 392 eburno

339 415 497 485 Signa
518 413 593 468 sui
617 413 855 483 gene1·is;
896 411 1203 485 facinusque
1229 410 1454 466 excuffit
1479 409 1541 463 ab
1568 426 1679 462 ore.

337 484 542 558 Effugit
566 485 650 540 illa
676 502 896 550 necem,
933 485 1135 539 nebulis
1160 502 1255 558 per
1278 483 1509 538 carmina
1539 481 1714 535 motis,

546 633 710 698 FAB.

778 649 1007 697 XXIV.
1076 651 1662 698 ARGUMENTUM.

879 779 1045 826 Sciron
1077 780 1126 825 in
1157 781 1355 827 Petram.

112 902 215 966 Post
236 901 335 950 haec
358 901 574 964 referunt,
599 899 729 962 festos
755 899 840 946 dies
859 909 1023 961 agentes
1053 899 1198 948 laudes
1239 898 1409 962 Thesei,
1456 892 1797 959 quemadmodum
1823 903 1995 942 taurum
2017 895 2183 942 Mam-

99 1098 165 1136 Hic
183 1098 201 1135 ὶ
224 1102 391 1135 Tartarea
410 1096 610 1146 tenebricosa
633 1095 839 1142 abstranum
855 1093 983 1144 plaga.

102 1149 297 1197 Tricipitem
319 1149 438 1186 eduxit
459 1149 572 1198 hydra
588 1158 792 1198 prognatum
816 1159 946 1184 canem.

46 1198 225 1249 'Apposite
249 1200 359 1237 etiam
381 1201 516 1238 Seneca
533 1199 742 1248 Hippolyto
758 1196 805 1234 vs.
828 1197 910 1242 844.

585 1249 672 1296 finis
697 1247 835 1283 Alcides
846 1247 934 1293 fuit.

101 1300 176 1348 §Qui
195 1314 271 1337 cum
294 1300 469 1349 revulsum
491 1304 638 1336 Tartaro
660 1297 867 1345 abstraheret
890 1310 1030 1344 canem,

98 1356 159 1386 Me
180 1364 309 1401 quoque
319 1351 486 1400 supernas
500 1351 633 1398 pariter
650 1350 697 1385 ad
710 1349 804 1397 sedes
821 1348 916 1386 tulit.

47 1399 103 1439 Ita
120 1404 279 1449 optimus
291 1402 407 1438 codex
421 1401 662 1438 Florentinus.
690 1401 726 1437 in
747 1399 914 1448 vulgatis,
926 1399 1092 1437 extrahe-·

6 1465 7 1472 ¹
47 1461 121 1496 ret,
149 1454 249 1496 quod
262 1463 330 1488 nec
358 1451 496 1499 prorsus
519 1450 768 1488 damnandum
784 1478 793 1493 ‚
824 1461 910 1486 nam
933 1452 970 1487 ὅ(
990 1450 1086 1499 apud

45 1501 297 1550 Pomponium
311 1502 451 1538 Melam
464 1501 571 1538 habes
593 1514 619 1539 r.
637 1513 691 1544 ιε).
705 1501 826 1545 Juxta
846 1504 954 1548 specus
973 1501 1015 1548 est
1028 1507 1084 1537 A-

47 1551 195 1600 cherusia
216 1553 263 1588 ad
282 1566 400 1589 manes
413 1580 422 1595 ‚
445 1562 483 1587 ut
500 1552 618 1600 ajunt,
631 1551 768 1596 pervius
782 1567 792 1586 .·
805 1561 911 1601 atque
930 1551 1010 1588 inde
1029 1566 1089 1588 ex-

48 1604 200 1638 tractum
237 1602 421 1638 Cerberum
463 1603 673 1648 existimant.
725 1602 860 1638 Plinius
891 1614 985 1639 XXVI
1000 1615 1026 1638 1.
1050 1615 1084 1640 2.

47 1656 174 1688 Ortum
188 1653 334 1697 fabulae
357 1665 545 1688 narravere
556 1652 688 1702 spumis
707 1652 842 1688 Cerberi
855 1653 949 1688 canis
967 1663 1086 1689 extra-

45 1700 146 1738 hente
167 1703 308 1740 Hercule
320 1732 329 1746 ,
358 1703 402 1740 de
416 1703 593 1741 Aconito.
631 1702 702 1740 Sed
721 1703 822 1740 aliter
840 1703 869 1739 is
888 1703 960 1751 ipse
973 1704 1086 1741 Sene-

49 1761 90 1788 ca
102 1753 228 1790 eadem
250 1753 433 1802 tragoedia
451 1781 460 1797 ,
480 1765 541 1803 93.

147 1804 257 1840 Fortis
274 1813 333 1853 per
357 1806 448 1841 altas
467 1803 561 1841 invii
581 1814 668 1841 retro
685 1804 782 1842 lacus

148 1855 261 1891 Vadas
282 1854 436 1892 tenebras
451 1883 461 1900 ‚
490 1855 586 1891 miles
605 1855 746 1892 atldacis
764 1855 879 1905 proci,

146 1904 231 1941 Solio
250 1916 290 1942 ut
308 1905 484 1955 revulsam
503 1906 587 1954 regis
608 1906 737 1953 inferni
753 1905 942 1953 abstrahat.

44 1954 88 1994 In
112 1955 302 1994 Catalectis
320 1957 463 1995 Pithoei
485 1955 532 1994 de
558 1956 757 1994 duodecim
787 1957 967 1995 laboribus
988 1957 1086 1996 Het-

0 2059 3 2063 '
47 2006 154 2044 culis:

97 2056 277 2094 Undecimo
297 2058 482 2106 abstraeius
506 2058 601 2096 vidit
620 2071 714 2095 nova
738 2057 903 2095 Cerberus
921 2058 1025 2102 astra.

1994 960 2185 1006 thomum

1143 1093 1260 1132 eadem
1279 1092 1317 1129 in
1348 1101 1493 1130 mortem
1520 1090 1616 1139 esset,
1645 1102 1731 1139 quae
1751 1088 1878 1127 cotibus
1899 1088 1946 1125 ad
1965 1088 2054 1136 ferri
2077 1089 2183 1126 aciem

1143 1144 1384 1185 deruentium,
1406 1142 1596 1191 statimque
1629 1141 1772 1178 admota
1803 1140 1966 1176 velocitas
1981 1140 2183 1187 sentiretur.

1146 1197 1313 1233 REGuJS.
1348 1193 1455 1231 Plinii
1472 1192 1687 1229 sententiam
1711 1193 1822 1228 etiarn
1844 1190 2031 1228 Nicander
2051 1191 2186 1227 confir-

1073 1261 1087 1281 :
1145 1254 1222 1283 mat
1240 1274 1251 1290 ‚
1298 1244 1394 1295 apud
1439 1254 1552 1293 quem
1595 1242 1634 1280 in
1664 1241 1863 1290 Alexiphar
1892 1240 1981 1278 vers.
2008 1252 2066 1286 42.
2092 1241 2183 1289 legi-

1144 1305 1220 1335 tur:

1731 1361 1782 1396 ἵν
1811 1356 1851 1403 dl]
1882 1356 2040 1396 οἰκονοιῖοις

1196 1412 1329 1458 Θέλειην
1360 1409 1507 1453 aalma
1544 1406 1757 1453 οἷνεζλοὶςησεν
1788 1411 1946 1462 ὶρόνκοις.
1978 1416 2158 1452 chru..

1143 1484 1348 1530 Nascantur
1367 1496 1450 1522 curn
1483 1495 1560 1521 uno
1584 1482 1687 1520 Bafil.
1708 1483 1744 1520 &
1764 1490 1843 1519 tum
1863 1493 1953 1518 mox
1975 1492 2095 1518 vocent
2115 1493 2185 1530 pro

1141 1544 1269 1570 vocant
1288 1535 1530 1572 scribendum.
1556 1535 1760 1571 Hismsms.
1787 1532 1864 1569 Alii
1885 1532 1928 1568 ab
1956 1537 2094 1575 Acone,
2123 1531 2183 1569 vel

1143 1585 1272 1621 Aeonis
1293 1594 1401 1634 portu
1425 1585 1626 1623 Heracleae
1638 1584 1815 1621 Ponticae
1829 1609 1839 1625 ,
1865 1593 1952 1630 quas
1965 1583 2095 1619 refellit
2108 1582 2184 1618 Sal-

1142 1634 1226 1671 mas.
1241 1636 1398 1673 Exercit.
1423 1636 1514 1673 Plin.
1538 1647 1622 1683 pag.
1638 1636 1722 1682 619.
1749 1633 1836 1671 hinc
1854 1633 1955 1670 enim
1974 1633 2185 1676 Acom'cum,

1141 1692 1202 1721 aut
1224 1687 1398 1722 Aconium
1417 1686 1546 1724 reulus
1568 1687 1759 1723 diceretur.

1193 1748 1274 1779 422.
1299 1743 1339 1772 ln
1362 1736 1515 1786 capulo.)
1547 1736 1796 1774 Hunclocum
1815 1733 1970 1783 respexit
1986 1733 2024 1771 &
2039 1731 2183 1782 expres-

1140 1784 1183 1823 fit
1201 1787 1329 1825 Senec.
1350 1788 1504 1836 Hippol.
1526 1787 1612 1836 899.

1191 1848 1312 1896 Regale
1328 1849 1449 1898 parvis
1466 1849 1619 1899 asperum
1635 1847 1742 1897 signis
1762 1847 1845 1884 ebur

1193 1899 1325 1948 Capulo
1339 1899 1482 1947 refulget
1497 1900 1607 1948 gentis
1627 1902 1779 1936 Ablaeae
1800 1899 1909 1935 decus.

1143 1962 1219 2000 Ubi
1239 1963 1348 2000 verba
1367 1962 1477 2000 nostri
1499 1962 1653 2000 Nasonis
1677 1963 1789 2000 citans
1806 1960 2021 1998 Gronovius
2038 1959 2184 1998 videtur

1143 2024 1210 2061 pro
1231 2014 1409 2062 cognovit.
1438 2013 1603 2062 conspexit
1631 2011 1786 2060 legisse,
1804 2011 1870 2048 nifi
1901 2011 2083 2047 memoria
2110 2011 2183 2046 im-

1136 2064 1293 2112 posuerit
1314 2066 1394 2100 viro
1414 2063 1572 2100 summo.
1602 2061 1770 2100 Heinsius
1790 2073 1856 2110 pro
1883 2061 2006 2108 parvis
2023 2060 2182 2108 legebat,

44 2106 127 2142 Nec
149 2107 249 2144 aliter
269 2108 370 2146 scribi
392 2117 562 2157 oportere
583 2109 681 2158 apud
700 2109 828 2147 Silium
852 2109 1020 2148 Italicum
1039 2110 1083 2148 li·
1128 2115 1257 2163 patriis
1267 2114 1385 2163 signis.
1416 2124 1454 2152 ut
1478 2116 1555 2163 jam
1580 2112 1759 2150 Meurfius
1786 2106 1995 2149 laudaverat
2030 2110 2091 2146 lib.
2113 2122 2178 2146 111.

46 2153 112 2192 bro
132 2168 195 2192 111.
216 2168 272 2204 35.
297 2159 469 2197 arbitror:

8 2255 9 2260 1
99 2209 153 2242 At
175 2206 308 2254 stygius
324 2208 439 2255 saevis
458 2220 584 2246 terrens
604 2208 791 2247 latratibus
813 2209 955 2248 umbras

7 2266 9 2304 4
96 2256 246 2300 Junitor
263 2257 395 2301 inferno
415 2268 490 2294 tum
499 2261 656 2308 primum
673 2260 861 2308 abstractus
878 2261 921 2298 ab
937 2270 1050 2299 antro.

7 2309 9 2363 l
45 2303 246 2355 Dionyfius
268 2308 471 2357 Periegetes
495 2309 578 2358 789.

8 2367 9 2409 l
274 2379 289 2385 -
320 2380 336 2385 -
365 2380 382 2386 -
437 2359 549 2414 μέγαν
571 2359 653 2400 κόνει
675 2362 908 2413 χαλκεόφωνον

127 2414 239 2464 Χεςσ-ὶν
260 2411 463 2463 οἰνελκᾶμενον
479 2415 745 2467 μεγαλέφρονῶυ
764 2420 979 2468 Η“ξοικλῆΘ-·.

43 2463 216 2503 'Attraxit
233 2476 422 2515 perperam
453 2468 506 2505 bis
534 2469 630 2516 apud
650 2469 850 2517 Apulejum
879 2471 992 2517 vulgo
1013 2472 1081 2508 cir-

8 2557 9 2570 *
45 2517 215 2554 cumfcrri
240 2517 416 2563 adverto,
444 2517 516 2555 alio
537 2519 703 2556 euntibus
725 2520 874 2567 optimis
897 2519 1081 2557 membra-

8 2576 9 2603 l
40 2564 116 2604 nis:
145 2567 396 2615 Metamorph.
421 2580 483 2605 111.
512 2573 558 2604 Et
578 2569 704 2617 injebia
725 2582 834 2606 manu
853 2583 908 2605 me
931 2570 1081 2606 reniten-

8 2606 9 2650 l
40 2623 109 2653 tem
126 2617 282 2654 clementi
295 2618 463 2655 violentia
472 2619 590 2667 secum
605 2617 785 2664 abstraxit.
804 2619 898 2656 libro
916 2631 967 2656 rx.
980 2620 1078 2668 J‘uffio

8 2662 9 2705 l
40 2673 180 2704 tantum
212 2673 384 2716 Myrmece
407 2679 466 2718 per
492 2669 664 2717 conservos
683 2669 800 2705 vineto
817 2671 940 2716 forum
961 2671 1079 2718 versus

8 2714 9 2762 Ϊ
43 2714 206 2763 abstrahi.
235 2719 434 2757 Hemsws.

88 2777 174 2815 4¹5·
202 2769 346 2818 Agros.]
377 2769 505 2806 Herbas
525 2769 700 2808 Thuanei
719 2769 808 2807 duo.

85 2818 172 2871 3416.
200 2820 393 2869 Naffasque
403 2820 572 2857 alimenta
584 2820 715 2867 feracis
736 2820 969 2869 foecundique
978 2821 1075 2872 soli.]

43 2865 258 2903 Videndum
272 2879 340 2911 ,an
363 2871 601 2918 rejiciendum
616 2899 627 2915 ‚
653 2870 753 2919 quod
779 2869 799 2907 ὲ
819 2871 983 2909 Palatino
995 2872 1076 2920 sup-

8 2924 10 2928 ’
43 2915 181 2962 peditat
203 2917 376 2955 Gruterus
390 2946 402 2963 ,
428 2921 611 2972 nastasqite
633 2921 802 2957 alimenta
813 2921 969 2967 furoris,
998 2928 1077 2959 Foe-

44 2966 210 3013 cundique
221 2965 298 3014 fhli.
325 2979 411 3023 narn
437 2970 482 3007 de
501 2971 650 3009 aconito
669 2972 754 3020 agit.
784 2971 887 3009 Dm.
911 2973 1050 3010 Hiems.

93 3016 177 3061 418.
204 3020 306 3064 Qae
327 3029 410 3066 quia
429 3019 627 3066 nascuntur.
652 3020 668 3070 ]
724 3021 781 3058 Sic
799 3023 837 3059 ὃς
857 3022 992 3060 Plinius
1016 3023 1078 3060 lib.

45 3076 169 3102 xxvix.
190 3077 223 3114 3.
247 3068 415 3115 quamvis
430 3069 536 3106 aliam
559 3083 709 3120 quoque
719 3073 880 3109 nominis
897 3074 1078 3121 originem

45 3114 193 3168 assignet
211 3117 264 3153 his
281 3117 431 3165 quidem
457 3119 592 3157 verbis:
624 3121 787 3168 Nascitur
808 3123 846 3157 in
875 3124 977 3159 nudis
1001 3135 1081 3160 cau-

47 3162 161 3206 tibus,
187 3177 271 3212 quas
293 3172 430 3203 Aconas
448 3178 600 3211 vocant,
627 3182 669 3208 (J
691 3171 769 3206 inde
790 3172 963 3208 aconitum
981 3172 1077 3208 dixe-

10 3235 11 3238 *
46 3223 113 3268 νει,
140 3213 233 3267 nullo
246 3262 251 3268 ⁸
255 3215 363 3260 juxta
390 3230 431 3253 ne
456 3217 598 3266 pulvere
618 3218 755 3266 quidem
775 3221 957 3257 nutriente.
987 3222 1077 3258 hanc

48 3259 158 3311 allqm
182 3273 349 3315 rattqnem
381 3267 527 3320 neminis
554 3267 713 3320 attulere.
747 3269 811 3308 alii
841 3271 1004 3318 quoniam
1024 3271 1079 3320 ‘pis

1138 2166 1229 2214 Reg.
1252 2166 1328 2203 Att.
1354 2177 1430 2214 cap.
1460 2177 1487 2202 1.
1527 2165 1588 2202 ubi
1621 2163 1666 2201 de
1693 2163 1768 2199 hoc
1788 2161 1869 2199 ense
1891 2161 1996 2197 latius
2013 2160 2095 2207 agit.
2132 2171 2180 2196 an

1136 2227 1227 2253 vero
1251 2216 1295 2253 de
1329 2216 1473 2258 cicada,
1506 2227 1617 2264 quarn
1660 2210 1939 2250 Atheniensium
1970 2209 2181 2247 nobiliffimi

1137 2266 1388 2312 ostentabant,
1416 2266 1483 2303 fint
1502 2266 1593 2303 haec
1612 2264 1708 2312 figna
1720 2262 1892 2311 capienda
1909 2290 1917 2303 ‚
1931 2272 2013 2317 curn
2027 2260 2181 2296 Grono-

1137 2318 1201 2354 vio
1213 2317 1355 2361 dubito,
1370 2329 1453 2354 cum
1474 2316 1519 2354 de
1533 2315 1681 2364 Aegidis
1694 2322 1836 2351 tantum
1852 2339 1862 2354 ‚
1878 2323 1941 2360 qui
1964 2322 1982 2345 a
2000 2310 2182 2366 Neptuno

1138 2366 1320 2405 ducebant
1348 2379 1461 2416 genus
1483 2395 1492 2410 ‚
1521 2368 1578 2414 agi
1608 2364 1784 2402 videatur:
1820 2362 1878 2398 alii
1905 2360 2113 2408 simpliciter
2130 2372 2177 2397 ex

1138 2418 1259 2464 gladio
1274 2446 1283 2461 ‚
1323 2429 1434 2466 quern
1465 2419 1610 2463 Aegeus
1632 2412 1904 2451 abscondiderat
1923 2411 1984 2448 sub
2002 2410 2110 2454 saxo,
2137 2412 2179 2448 &

1137 2468 1323 2508 Theseus,
1340 2467 1561 2504 monstrante
1583 2472 1697 2502 matre
1721 2490 1731 2506 ‚
1765 2462 1936 2500 sumserat
1950 2490 1960 2505 ,
1988 2462 2149 2509 agnitum
2164 2488 2177 2505 ,

1136 2517 1224 2553 dum
1241 2528 1361 2554 carnes
1381 2518 1416 2553 in
1439 2516 1615 2552 convivio
1637 2514 1805 2559 μαχαίρᾳ
1825 2513 1904 2549 vult
1919 2511 2090 2549 scindere.
2101 2512 2179 2550 vid.

1135 2566 1312 2604 Plutarch.
1341 2568 1378 2603 in
1410 2566 1571 2603 Theseo.
1610 2565 1647 2602 &
1679 2563 1813 2602 Meurs.
1842 2562 1953 2600 Thes.
1977 2573 2054 2609 cap.
2073 2560 2107 2598 8.
2136 2562 2177 2599 &

1134 2616 1195 2654 lib.
1216 2617 1336 2656 unde
1357 2618 1473 2666 Regu.
1497 2616 1633 2653 Athen.
1656 2626 1772 2663 capi.
1802 2613 1843 2650 In
1865 2613 1997 2662 capulis
2016 2612 2178 2649 veroin-

1135 2667 1245 2715 fignia
1265 2666 1408 2716 gest-affe
1439 2675 1577 2704 veteres
1591 2694 1602 2710 ‚
1631 2677 1675 2703 ex
1690 2665 1848 2702 Historia
1867 2663 2083 2708 Pausaniae,
2109 2664 2175 2711 qui

1133 2718 1343 2767 Philippum
1371 2717 1530 2760 occidit,
1550 2724 1650 2766 patet
1676 2715 1772 2764 apud
1799 2714 1882 2751 Val.
1908 2715 2010 2752 Max.
2039 2726 2070 2750 1.
2098 2724 2179 2761 cap.

1133 2780 1221 2805 vm.
1254 2770 1377 2806 Exter.
1397 2781 1431 2816 9.
1469 2768 1531 2805 ubi
1565 2766 1719 2804 Colerus
1750 2765 1939 2803 Ciceronis
1964 2765 2092 2802 locum
2127 2769 2174 2801 de

1133 2818 1222 2856 Fato
1244 2831 1319 2867 cap.
1342 2831 1374 2867 3.
1413 2818 1615 2862 adducens,
1649 2826 1713 2852 aut
1743 2815 1917 2865 Philippus
1935 2815 2032 2863 hasce
2060 2815 2098 2851 in
2117 2827 2174 2849 ca-

1128 2869 1206 2917 pulo
1227 2870 1412 2918 quadrigas
1429 2869 1544 2905 vitare
1561 2867 1787 2904 monebatur?
1800 2868 1925 2904 haeret
1936 2867 1973 2903 in
1996 2866 2045 2911 Τζᾶ
2062 2864 2171 2919 hasce,

1133 2920 1235 2968 quod
1267 2920 1331 2969 ipfi
1369 2919 1528 2957 otiosum
1562 2918 1706 2956 videtur
1727 2945 1737 2962 ,
1774 2917 1833 2955 vel
1871 2915 1985 2963 hastae
2015 2915 2174 2960 corrigit.

1134 2969 1304 3008 Heinsius
1329 2979 1417 3008 vero
1432 2998 1442 3013 ‚
1460 2969 1623 3006 Acinacis
1645 2969 1682 3005 in
1702 2967 1828 3017 capulo.
1855 2967 1954 3003 Vide
1965 2966 2062 3019 plura
2076 2961 2173 3010 apud

1134 3020 1254 3057 Barth.
1275 3021 1321 3058 ad
1342 3019 1532 3058 Claudian.
1552 3032 1596 3057 11.
1615 3019 1733 3057 Laud.
1753 3018 1829 3055 Stil.
1848 3030 1907 3065 91.
1927 3017 1965 3052 δε
1978 3014 2021 3050 ad
2035 3020 2119 3066 stat.
2133 3024 2169 3047 v.

1138 3071 1262 3109 Theb.
1285 3083 1367 3119 725.
1394 3070 1566 3108 Scheffer.
1587 3069 1632 3107 de
1652 3071 1709 3107 Re
1731 3068 1848 3106 vehic.
1877 3079 1920 3102 11.
1945 3075 1997 3110 13.
2026 3064 2063 3098 &
2083 3062 2172 3098 hinc

1138 3122 1241 3169 saepe
1262 3123 1468 3170 agnitiones
1496 3120 1606 3158 feret-as
1631 3119 1798 3168 legimus.
1835 3116 1908 3152 vid.
1939 3115 2079 3166 Hygm.
2102 3110 2174 3167 fab.

1141 3170 1277 3218 88.pro
1297 3171 1421 3207 eburno
1435 3199 1445 3214 ,
1466 3182 1558 3207 unus
1575 3169 1678 3206 Med.
1697 3165 1932 3204 eburneo.duo
1947 3163 2004 3198 ali
2017 3190 2026 3205 ‚
2038 3161 2173 3200 eburnt.

1133 3220 1241 3256 male.
1270 3231 1355 3257 nam
1377 3220 1587 3257 similiter&
1605 3219 1775 3266 capulum
1802 3216 2002 3250 eburneum
2030 3211 2178 3249 Perseus

1134 3270 1301 3315 invenit,
1332 3270 1368 3308 in
1395 3270 1482 3308 loco
1505 3268 1567 3309 ubi
1587 3270 1766 3317 Mycenas
1795 3262 1970 3302 condidit.
1994 3262 2178 3302 Plutarch.

1665 3316 1799 3363 Rrr3
2141 3311 2190 3350 de
