2483 3616
258 122 360 182 885&
738 130 808 187 P,
883 131 938 187 O
972 130 1028 187 V
1063 129 1085 184 1
1120 128 1176 184 D
1209 129 1288 186 1²1

1340 133 1889 196 NASONIS

408 234 509 306 385
549 234 805 292 Sustinuit
830 237 1017 294 toties;
1055 249 1217 287 unam
1241 251 1353 288 non
1378 236 1596 293 sustinet
1619 241 1779 298 iram:

551 308 917 379 Inviciumque
943 306 1119 360 virum
1145 305 1311 359 vincit
1339 306 1511 362 dolor.
1551 312 1746 383 adripit
1772 314 1982 369 ensem:

553 380 627 437 Et
644 421 657 443 ‚
697 380 856 436 Meus
883 379 971 433 hic
1001 376 1150 431 certe
1178 376 1266 432 est.
1294 395 1371 432 an
1398 378 1454 432 δε
1479 380 1623 435 hunc
1649 384 1742 438 fibi
1765 387 1947 456 poscet
1971 382 2187 443 Ulixes?

552 453 712 515 Hoc,
753 451 853 514 ait,
891 450 1155 505 utendum
1180 450 1255 506 est
1279 450 1335 503 in
1359 467 1446 505 me
1470 452 1601 507 mihi
1624 471 1637 506 ε
1680 458 1879 528 quique
1905 478 2098 515 cruore

551 525 718 596 Saepe
744 523 1019 596 Phrygum
1046 522 1281 585 maduit,
1321 522 1529 578 domini
1555 541 1700 579 nunc
1724 528 1889 582 caede
1915 532 2177 589 madebit:

408 617 510 669 390
549 597 632 652 Ne
659 596 941 671 quisquam
968 594 1192 665 Ajacem
1214 593 1375 667 poffit
1401 595 1677 669 superare,
1715 598 1810 653 nis1
1836 599 1988 668 Ajax.

549 669 706 725 Dixit
733 688 744 723 :
790 678 842 724 δε
868 670 923 724 in
943 667 1125 741 pectus
1142 704 1156 729 ‚
1182 680 1297 722 tum
1326 667 1562 742 denique
1584 671 1802 725 vulnera
1826 670 2055 741 paffum,

547 743 676 814 Qua
702 743 874 815 patuit
902 742 1076 804 ferm,
1113 741 1330 795 letalem
1354 742 1603 797 condid-it
1618 743 1837 798 ensem:

548 816 668 871 Nec
698 817 914 874 valuere
938 830 1121 867 manus
1145 813 1371 869 infixum
1395 814 1628 870 educere
1654 817 1836 872 telum.

542 887 768 958 Expulit
800 886 909 959 ipse
932 904 1108 940 cruor.
1138 885 1501 961 tabefactaque
1525 889 1776 961 sanguine
1803 892 1959 947 tellus

402 980 505 1033 395
540 961 883 1031 Purpureum
910 959 1069 1013 viridi
1086 959 1282 1030 ³genuit
1309 959 1378 1016 de
1403 961 1601 1032 cespite
1631 962 1860 1028 florem,

543 1032 655 1106 Qui
678 1034 822 1107 prius
846 1031 1074 1089 Oebalio
1105 1031 1277 1089 fuerat
1301 1034 1370 1090 de
1395 1034 1614 1091 vulnere
1639 1050 1806 1091 natus,

472 1258 525 1287 -tu
542 1246 674 1295 nostrae
691 1246 834 1299 pignora
853 1247 950 1288 virae

306 1306 353 1337 Re
372 1299 484 1339 dabis.

255 1363 357 1413 quod
383 1364 479 1402 male
501 1371 696 1402 mutarant.
717 1363 778 1402 lib.
800 1376 880 1401 xxv.
898 1363 995 1401 Met.
1020 1362 1104 1413 385ss

289 1428 463 1478 Laesaque
474 1427 782 1478 quidfaciat‚quid
794 1440 934 1474 amans,
947 1426 1315 1477 quidfhemina,disces

290 1478 422 1523 Rebus,
452 1480 515 1517 ait.
571 1480 717 1518 Heras.

305 1529 391 1578 383.
420 1530 597 1580 Fortisque
631 1530 706 1568 viri
736 1530 822 1567 tulit
844 1529 986 1577 arma.]
1026 1530 1178 1568 Achillis
1212 1542 1312 1569 arma

252 1578 428 1618 assecutus
461 1581 519 1619 est.
559 1582 647 1618 Huc
676 1582 762 1619 facit
784 1582 887 1630 quod
907 1582 1016 1619 refert
1040 1582 1212 1630 Hyginus
1236 1594 1313 1631 cap.

253 1643 347 1668 cvu.
376 1632 488 1680 Occisi>
513 1631 654 1669 Achille
674 1646 715 1669 ac
725 1632 924 1681 sepulturae
949 1631 1104 1677 tradito,
1131 1633 1235 1681 Ajax
1252 1639 1314 1670 Te-

254 1680 430 1719 lamonia-5
445 1711 454 1727 ‚
482 1683 575 1733 qubd
587 1684 705 1729 frater
721 1683 889 1731 patruelis
912 1684 983 1731 ejus
996 1682 1074 1729 fuit
1088 1710 1098 1726 ‚
1120 1683 1314 1732 postulavit

256 1730 282 1769 ιὶ
309 1734 447 1778 Danais
461 1761 471 1777 ,
499 1744 538 1769 ut
570 1747 673 1770 arma
697 1733 765 1782 fibi
785 1733 940 1771 Achillis
959 1734 1099 1770 darent:
1124 1747 1212 1784 quae
1226 1763 1236 1780 ‚
1257 1735 1313 1772 ira

257 1783 445 1820 Minervae
467 1783 669 1831 abjudicata
683 1812 693 1828 ,
714 1785 802 1831 sunt
822 1784 866 1820 ab
884 1788 1146 1833 Agamemnone
1167 1796 1211 1824 ω’
1234 1791 1313 1823 Me—

255 1834 352 1870 nelao
387 1834 481 1871 ulixi
509 1835 611 1873 data.
658 1835 762 1884 Ajax
773 1835 877 1882 furia
899 1844 1035 1883 accepta
1051 1844 1112 1884 per
1133 1835 1312 1885 insaniam

249 1892 371 1933 pecora
396 1886 464 1933 sua
496 1897 539 1924 ω’
558 1885 596 1934 se
624 1884 731 1934 ipsum
755 1885 984 1923 vulneratum
1004 1886 1150 1932 occidit,
1187 1901 1221 1924 eo
1234 1887 1314 1935 gla—

255 1934 311 1971 dio
326 1963 337 1980 ,
366 1949 481 1985 quem·
495 1936 540 1972 ab
571 1938 709 1973 Hefflore
731 1936 867 1973 muneri
895 1936 1020 1986 accepit
1034 1964 1044 1981 ‚
1071 1937 1157 1974 dum
1179 1952 1257 1975 cum
1279 1952 1312 1976 eo

255 1985 295 2022 in
310 1986 382 2022 acie
409 1987 595 2025 contendit.
638 1987 806 2025 Crorau.
836 1988 1001 2026 Damnat
1030 1989 1125 2026 hanc
1146 1990 1312 2027 Graeco-

255 2047 338 2074 ruin
362 2037 577 2076 sententiam
591 2038 765 2076 Pindaius
779 2067 787 2082 ,
813 2039 850 2076 &
871 2039 909 2076 in
921 2038 1044 2088 AJ’acis
1054 2039 1177 2077 laudes
1198 2041 1310 2089 longe

256 2087 475 2135 exspatiatur
505 2090 685 2127 Nemeor.
715 2089 791 2127 Od.
822 2101 916 2127 v111.
949 2093 987 2127 δε
1015 2102 1069 2127 1v.
1098 2090 1224 2128 Isthm.
1253 2091 1310 2139 58.

257 2137 376 2176 Arma
399 2140 508 2177 etiarn
535 2140 657 2186 postea
681 2139 819 2177 Ulixen
842 2140 1125 2189 Neoptolemo,
1158 2141 1310 2179 Achillis

242 2185 355 2235 filio,
385 2189 575 2228 reddidiffe
595 2190 712 2228 scribit
732 2190 896 2228 Philostr.
916 2191 1047 2237 Junior
1070 2191 1173 2229 Icon.
1195 2204 1231 2229 x.

311 2240 395 2289 383.
425 2241 620 2291 Disertun]
653 2241 779 2278 Ulixes
792 2241 981 2291 eloquens.
1007 2241 1119 2279 Alibi.
1148 2243 1310 2288 Nonsor-

258 2291 371 2339 mosas
392 2301 467 2327 erat
481 2320 491 2337 ,
512 2294 574 2339 sed
593 2302 668 2329 erat
680 2292 858 2338 facundus
887 2292 1012 2330 Ulixes.
1071 2292 1142 2330 Sed
1163 2293 1310 2340 disertus

261 2341 300 2377 δε
337 2341 495 2392 eloquens
521 2344 616 2381 inter
644 2343 679 2381 se
712 2342 856 2381 differre
886 2343 998 2381 docet
1033 2343 1090 2381 M.
1121 2343 1309 2382 Antonius

261 2392 357 2441 apud
378 2394 601 2432 Ciceronem
624 2396 661 2432 in
686 2394 856 2432 Oratore.
885 2395 1054 2432 CxorAN.

316 2443 398 2491 384.
427 2445 501 2491 Qi
513 2446 677 2492 ftrrum,
705 2443 898 2494 ignesque]
930 2452 1112 2495 Ignemque
1124 2445 1309 2485 meliores.

266 2492 305 2530 δί
323 2505 389 2541 pro
413 2495 501 2531 vicit
521 2507 610 2532 mox
632 2497 756 2533 vincit.
785 2497 930 2534 Hfims.

315 2543 397 2591 386.
428 2546 672 2595 inviamque
703 2547 822 2584 virum
845 2547 933 2584 vicit
956 2546 1088 2596 dolam]
1118 2547 1234 2585 Stulte
1254 2548 1309 2586 di-

267 2592 366 2648 &tum
396 2594 466 2632 effe
497 2597 652 2635 videtur.
674 2609 932 2646 quonamque
952 2597 1070 2635 modo
1094 2610 1179 2636 eum
1201 2599 1310 2637 dolor

263 2651 411 2687 vincat,
439 2647 501 2694 qui
528 2648 624 2685 vinci
645 2660 721 2685 non
742 2648 857 2697 potest
880 2648 894 2684 ?
933 2649 1003 2686 Sed
1026 2657 1088 2686 aut
1110 2651 1218 2694 ante,
1247 2658 1309 2687 aut

264 2693 396 2743 (alioqui
429 2696 476 2731 eli
504 2697 791 2736 subaudiendum
813 2726 823 2742 ‚
859 2708 899 2736 ut
919 2699 1189 2748 intelligamus,
1217 2701 1310 2738 alio-

263 2746 329 2792 qui
357 2743 491 2781 anteve
511 2747 689 2785 invidum
711 2750 865 2797 Ajacem
887 2747 907 2785 a
929 2750 1059 2787 dolore
1080 2752 1118 2788 δε
1142 2750 1309 2799 indigna-

265 2796 370 2834 tione
398 2793 502 2832 fuiffe
528 2796 746 2844 superatum.
775 2800 942 2835 Remus.
971 2800 1036 2837 Tu
1049 2801 1231 2839 invictum
1251 2803 1308 2839 in-

262 2846 387 2894 tellige
409 2843 431 2882 a
452 2849 579 2884 ceteris
594 2875 603 2891 ‚
640 2857 679 2885 ut
700 2847 741 2884 sit
756 2876 766 2891 ,
793 2860 904 2896 quem
929 2851 1040 2886 ceteri
1061 2851 1209 2889 vincere
1228 2864 1306 2889 non

263 2904 421 2946 potuere
435 2924 445 2940 ‚
473 2897 500 2933 is
521 2897 564 2934 ab
584 2897 636 2934 ira
658 2898 774 2935 vietus
796 2898 876 2936 fuit.
906 2900 1038 2947 Neque
1048 2900 1151 2937 stulte
1163 2903 1307 2939 autim-

263 2947 463 2997 prudenter
491 2946 512 2984 a
540 2948 656 2986 Po'e‘ta
685 2948 824 2986 dicium
856 2948 925 2992 est,
954 2958 992 2985 ut
1014 2950 1133 2997 Regio
1152 2951 1307 2989 videtur.

266 3000 445 3035 Mrcrtt.
474 2998 631 3036 Hoc-est
652 3011 763 3047 quem
777 2999 834 3036 alii
850 2999 1079 3036 vincerenon
1094 3008 1307 3047 potuerunt.

266 3049 372 3087 Errat
400 3050 536 3098 Regius
557 3078 566 3094 ,
606 3051 670 3098 qui
701 3050 802 3087 aliter
832 3051 1098 3098 interpretatur.
1137 3051 1305 3088 CiorAN.

266 3100 369 3138 Male
399 3109 549 3148 carpunt
571 3102 729 3149 Regium
760 3100 933 3148 Micyllus
957 3102 993 3137 ὃ(
1010 3100 1187 3137 Ciofanus
1203 3129 1212 3143 ,
1243 3104 1307 3149 qui

263 3163 342 3188 non
366 3151 681 3189 statuitOvidium
696 3151 802 3199 stulte
823 3150 962 3199 dia-iffi,
990 3150 1050 3188 sed
1061 3150 1307 3198 stultediffzum

265 3202 403 3246 videri,
439 3205 496 3251 (ut
523 3204 561 3240 &
587 3204 679 3240 infra
705 3211 808 3240 not-at
834 3202 878 3239 ad
903 3201 959 3244 ybs.
989 3203 1088 3250 505.)
1115 3202 1152 3239 id
1173 3202 1220 3240 est
1238 3201 1308 3241 else

258 3251 458 3300 ,ὲξύμωροη
493 3265 569 3304 quo
601 3254 746 3294 videtur
772 3253 909 3304 aliquid
937 3253 1041 3293 stulte
1062 3253 1134 3306 dici
1157 3280 1169 3300 ,
1205 3254 1309 3304 quod

2322 1111 2413 1171 Li-

1357 1260 1488 1289 revera
1506 1257 1655 1290 acutum
1682 1250 1742 1289 este
1769 1258 1810 1289 ut
1830 1250 1964 1289 Horat.
1985 1261 2030 1287 11.
2057 1249 2127 1300 Ep.
2146 1262 2175 1289 1.
2199 1250 2280 1300 156.

1417 1314 1563 1350 Graecia
1583 1323 1682 1362 capta
1695 1315 1817 1360 ferum
1838 1313 2004 1352 viflorem
2025 1313 2132 1363 cepit,

1365 1373 1405 1411 δί
1431 1387 1531 1424 quae
1561 1376 1676 1414 multa
1705 1376 1818 1414 millia
1848 1376 2108 1424 exemplorum
2139 1387 2186 1414 ex
2206 1373 2413 1426 Terentio,·

1371 1424 1554 1465 Cicerone
1573 1428 1611 1465 ὅτ.
1634 1428 1709 1465 aliis
1728 1426 1861 1464 adduci
1881 1426 2036 1475 possent.
2064 1427 2196 1464 Bmm.

1422 1477 1506 1526 387.
1536 1478 1647 1527 Poscit
1674 1476 1833 1528 Ulyffim]
1874 1477 1988 1526 Poscet
2009 1478 2117 1516 multi
2137 1484 2289 1515 veteres.
2306 1479 2414 1528 poscat

1369 1528 1559 1577 Neapolit.
1592 1530 1629 1567 δε
1662 1536 1733 1566 tres
1753 1529 1826 1566 alii.
1855 1529 2002 1567 Hizms.
2030 1528 2172 1578 Poffedit
2195 1527 2316 1577 Ulyffes
2336 1537 2414 1570 tert.

1368 1579 1509 1617 Medic.
1532 1579 1632 1618 unde
1653 1579 1836 1629 cogitabat
1859 1579 2033 1618 Heinsius
2048 1608 2059 1626 ‚
2087 1591 2134 1617 an
2154 1590 2232 1617 non
2247 1607 2258 1624 ,
2282 1579 2413 1630 possedit

1367 1629 1530 1668 Achilles
1551 1630 1767 1680 legendum.

1423 1693 1507 1730 3910
1536 1687 1626 1719 Tum
1655 1680 1836 1731 demum]
1875 1686 1965 1719 Tum
1986 1680 2132 1730 denique
2151 1682 2260 1730 prim.
2281 1682 2417 1724 Moret.‘

1369 1732 1409 1769 &
1436 1733 1496 1770 alii
1523 1742 1692 1782 quatuor.
1721 1732 1921 1781 quomodo
1953 1733 1991 1770 &
2010 1733 2093 1770 alibi
2115 1733 2247 1770 Noster
2265 1731 2420 1773 locutus.-

1370 1783 1510 1822 Hssms.
1539 1783 2244 1832 Regiusdemumsoluminterpretatur,
2271 1783 2417 1833 utapud

1369 1834 1667 1882 Quine'tilianum
1690 1835 1793 1882 saepe
1814 1835 1904 1883 poni
1924 1833 2121 1872 docuimus
2139 1834 2185 1872 ad
2205 1833 2323 1873 libai.
2341 1846 2419 1884 cap.

1373 1897 1429 1933 15.
1452 1887 1490 1922 δε
1514 1886 1609 1924 alibi.
1637 1896 1715 1923 tum
1737 1885 1882 1935 denique
1898 1885 2010 1922 etiam
2028 1884 2186 1923 vidimus
2202 1884 2346 1924 lib.v11.
2359 1885 2418 1927 86.

1368 1937 1408 1973 ὃ(
1427 1936 1504 1975 aliis
1523 1938 1561 1975 in
1579 1937 1682 1974 locis.

1423 1998 1506 2036 392.
1533 1989 1617 2036 Qa
1643 1985 1797 2036 patuit.]
1834 1984 2002 2035 Raphael
2030 1987 2206 2034 exponit,
2235 1995 2415 2038 quatenus

1367 2040 1486 2087 patuit
1514 2039 1552 2076 ὃς
1582 2038 1680 2076 ceffit
1709 2038 1831 2082 ferm,
1859 2036 1963 2086 quod
1993 2048 2063 2085 ego
2092 2037 2199 2085 plane
2216 2039 2334 2077 fateor
2353 2051 2417 2078 me

1369 2101 1446 2126 non
1467 2089 1669 2138 intelligere
1683 2117 1692 2132 ‚
1720 2088 1780 2126 sed
1799 2096 1889 2137 puto
1911 2087 1956 2125 de
1978 2097 2120 2125 armato
2145 2089 2258 2138 Ajace
2276 2089 2350 2127 hoc
2360 2089 2417 2128 di-

1370 2139 1470 2178 ctum
1486 2168 1496 2185 ,
1525 2141 1589 2190 qui
1607 2138 1799 2190 quaesierit
1819 2139 1945 2176 locum
1962 2166 1972 2182 ‚
2001 2137 2171 2186 depositis
2188 2139 2232 2177 ab
2253 2150 2294 2177 ea
2315 2148 2416 2188 parte

1365 2192 1494 2235 armis,
1533 2203 1604 2241 qua
1638 2189 1867 2228 munitissimi
1897 2187 1967 2226 effe
1995 2188 2180 2235 solebant,
2218 2198 2258 2228 ut
2278 2191 2416 2231 ferrum

1365 2242 1554 2280 conderet.
1591 2242 1800 2279 GLAREAN.
1837 2241 1954 2278 Recte
1987 2239 2163 2288 Rapha'e‘l.
2200 2253 2270 2291 qua
2296 2242 2416 2290 patuit

1355 2292 1451 2338 ferro
1484 2293 1582 2342 Ajax
1597 2321 1606 2337 ,
1635 2293 1672 2331 id
1693 2292 1741 2330 est
1762 2303 1834 2341 qua
1855 2299 1954 2340 parte
1973 2289 2105 2328 vulnus
2127 2292 2292 2340 accipere
2312 2300 2417 2340 pote-

1367 2352 1444 2388 rat,
1473 2345 1655 2393 reliquum
1690 2343 1790 2380 enim
1820 2353 1951 2391 corpus
1972 2353 1992 2379 a
2015 2342 2224 2382 vulneribus
2245 2343 2414 2382 immune

1365 2394 1532 2432 habebat.
1561 2395 1636 2432 vid.
1657 2393 1748 2442 supr.
1768 2393 1813 2431 ad
1833 2393 1886 2435 ybs.
1907 2394 1965 2430 26.
1991 2393 2027 2430 in
2044 2394 2157 2442 peelus
2180 2404 2271 2430 vero
2290 2394 2411 2433 ensem

1365 2444 1567 2482 condidisse
1594 2445 1728 2482 Noster
1754 2444 1854 2482 dicit.
1880 2443 2021 2482 Pindar.
2045 2456 2116 2481 v11.
2136 2443 2248 2482 Nem.
2271 2443 2329 2494 38.
2355 2445 2413 2483 διὰ

1364 2495 1514 2540 (privor-v,
1537 2496 1598 2534 ubi
1618 2495 1739 2533 Schol.
1762 2495 1850 2533 dicit
1868 2494 1978 2539 alios,
2007 2494 2202 2544 obliquum
2223 2497 2354 2535 vulnus
2374 2497 2411 2535 in

1362 2547 1455 2585 latus
1484 2545 1650 2585 inflixisse
1687 2546 1844 2594 Ajacem
1866 2574 1876 2591 ‚
1916 2557 2125 2583 memorare
2145 2573 2156 2590 ‚
2194 2546 2232 2583 ὅ(
2261 2558 2307 2584 ex
2339 2548 2412 2586 Eu-

1364 2599 1543 2646 phonone
1573 2597 1780 2637 confirmat.
1808 2598 1847 2635 &
1876 2598 1913 2635 in
1944 2597 2034 2634 latus
2069 2594 2225 2644 adegiffe
2246 2596 2407 2644 gladium
2474 2615 2477 2655 3

1365 2649 1495 2693 debet,
1523 2650 1609 2698 quia
1630 2657 1713 2687 toto
1733 2659 1889 2696 corpore
1907 2647 2066 2685 vulneris
2087 2655 2161 2684 erat
2177 2658 2325 2694 expers,
2344 2648 2409 2688 nifi

1363 2699 1425 2740 sub
1443 2701 1520 2743 ala,
1551 2709 1591 2737 ut
1610 2699 1721 2737 docet
1738 2698 1858 2736 Schol.
1881 2697 2055 2747 Sophocl.
2071 2698 2107 2734 in
2125 2696 2228 2744 Ajac.
2247 2697 2299 2738 §bs
2324 2699 2406 2746 840.

1364 2751 1424 2788 ubi
1457 2751 1544 2788 vide
1565 2750 1676 2787 etiarn
1702 2750 1903 2787 Camerarii
1927 2757 2044 2786 notas.
2072 2746 2145 2784 vid.
2163 2747 2201 2784 δ’.
2222 2748 2327 2788 sind.
2355 2763 2407 2790 vx.

1364 2801 1488 2838 Isthm.
1505 2800 1565 2838 66.
1585 2802 1623 2838 &
1644 2801 1693 2838 ibi
1713 2812 1856 2838 comm.
1884 2799 2014 2835 Buan.

1417 2864 1502 2900 392.
1531 2852 1683 2888 Letalem
1705 2849 1851 2898 ensem]
1883 2849 1956 2885 Hic
1976 2847 2135 2896 gladius,
2163 2861 2240 2898 quo
2259 2850 2295 2888 se
2306 2850 2402 2900 AJax

1362 2903 1566 2946 interfecit,
1589 2903 1660 2939 fuit
1682 2900 1865 2937 Hectoris:
1889 2910 2003 2947 quem
2029 2899 2072 2935 ab
2086 2911 2131 2936 eo
2145 2901 2181 2938 in
2202 2904 2402 2940 certamine

1361 2953 1523 3000 accepit,
1554 2951 1637 2988 cum
1661 2951 1798 2987 mutuis
1810 2949 2064 2998 donisseipsos
2079 2978 2088 2994 ‚
2116 2953 2291 3001 quoniam
2305 2961 2404 2990 uter·

1361 3014 1433 3050 que
1451 3001 1593 3038 strenue
1611 3001 1645 3038 se
1662 2999 1833 3048 gelferat,
1869 2999 2121 3039 honestassent.
2175 3001 2315 3038 Hestor
2337 3014 2402 3041 au·

1363 3061 1438 3088 tem
1458 3053 1500 3088 ab
1521 3053 1633 3100 &jace
1656 3051 1813 3088 balteum
1832 3053 1994 3099 accepit,
2020 3063 2095 3100 quo
2113 3051 2184 3099 ipse
2199 3078 2208 3094 ‚
2238 3050 2320 3088 cum
2335 3054 2403 3091 cir-

1365 3113 1449 3139 cum
1481 3102 1638 3150 Trojarn
1661 3102 1863 3139 traheretur
1884 3130 1894 3147 ,
1930 3102 2073 3140 vincius
2094 3102 2153 3139 est.
2197 3102 2282 3148 Qua
2303 3101 2348 3140 de
2367 3116 2405 3142 re

1365 3153 1450 3190 vide
1470 3153 1693 3201 Sophoclem
1719 3154 1755 3190 in
1775 3154 1891 3201 AJ'ace
1905 3181 1915 3197 ‚
1946 3154 2006 3191 ubi
2018 3152 2179 3201 loquitur
2191 3151 2405 3193 Teucerz&

1366 3203 1580 3242 Homerum
1603 3203 1703 3242 Iliad.
1718 3216 1788 3242 vix.
1817 3205 1856 3241 δε
1875 3203 2182 3254 Tryphiodorum
2203 3202 2249 3242 de
2269 3203 2324 3242 llii
2346 3216 2408 3243 ex-

1366 3255 1476 3295 ciuio„
1504 3256 1674 3296 CiofAN.
1702 3254 1861 3294 Fatalem
1883 3256 2036 3305 Argent.

2200 3315 2288 3356 393·
2309 3305 2410 3354 Educ
2461 3320 2464 3346 ε

2478 2283 2483 2464 1³

2476 2465 2481 2554 J

2476 2569 2479 2611 i
