2483 3616
185 141 862 215 P.OV1D.NASON.
902 138 1828 203 METAMORPHOSEON
1865 147 2063 204 Lien.
2140 169 2200 221 93

364 253 526 323 Cujus
554 247 685 301 ebur
711 241 944 298 nitidum
970 239 1171 310 fastigia
1193 239 1394 320 summa
1421 239 1665 295 tenebat3

365 320 593 394 Argenti
617 318 815 372 bifores
844 312 1116 367 radiabant
1143 313 1343 366 lumine
1372 313 1566 367 valvae.

298 418 327 468 ς
363 394 652 452 Materiem
676 386 948 460 superabat
976 402 1108 456 opus

1136 403 1146 438 :
1187 402 1310 438 nam
1335 384 1609 440 Mulciber
1631 386 1736 441 illic

362 471 617 540 Aequora
643 463 895 522 caelarat,
934 456 1133 512 medias
1163 457 1434 528 cingentia
1459 472 1655 522 terraS‚

362 542 766 607 Terrarumque
792 531 976 586 orbem
991 570 1005 594 ,
1027 529 1348 602 coelumque
1363 570 1378 594 ,
1402 530 1551 604 quod
1575 532 1819 587 imminet
1843 534 1974 590 orbi,

366 611 655 668 Caeruleos
678 607 836 662 habet
863 603 1005 659 unda
1028 602 1207 666 Deos;
1247 602 1482 676 Tritona
1505 622 1789 669 canorum,

79 821 169 860 libris
190 827 230 858 ut
249 819 379 869 partim
402 814 602 859 consentit,
627 811 677 850 ita
696 809 826 868 partim
839 807 1003 847 dissentit.
1019 810 1106 863 ,Μα-

80 872 163 910 nitis
173 872 288 921 itaque
294 869 406 920 patris
421 877 480 918 per
501 867 565 903 iter
586 866 739 914 ignotum
759 875 805 917 tre
827 873 903 896 cum
925 857 1103 908 nequissem

80 923 157 973 equi
177 923 285 971 ignoto
306 920 472 969 agitatore
492 915 665 954 conterriti
677 913 800 951 mundi
807 921 951 964 pronam
966 917 1105 957 partem

72 969 503 1022 petierunt‚qttamobrem
526 965 619 1003 culta
642 962 842 1001 mortalium
857 958 971 1008 subito
982 955 1104 993 ardore

78 1023 212 1072 incensa
225 1024 324 1071 sunt.
352 1024 390 1057 A
412 1019 506 1065 Jove
527 1027 644 1072 autem
662 1022 813 1062 rogantes
826 1039 836 1055 ,
862 1020 903 1046 ut
907 1018 1013 1108 fipem
1037 1021 1104 1043 tm-

76 1073 293 1123 plorantibus
313 1073 447 1119 ferret,
485 1082 524 1105 ne
555 1066 640 1103 orbis
661 1074 833 1100 terrarum
854 1073 913 1096 con
941 1067 1101 1114 agraret;

77 1124 260 1161 Phaethon
272 1121 424 1170 fulmine
445 1120 463 1156 ”e
494 1130 594 1154 curru
608 1114 851 1170 praecipitatus
871 1109 924 1156 est.
951 1121 989 1146 in
1021 1120 1103 1158 qui-

78 1174 144 1211 bus
175 1174 291 1211 verbis
322 1171 503 1212 multum,
535 1174 575 1203 ut
610 1165 700 1202 inihi
719 1162 885 1206 videtur,
911 1158 1105 1208 perversis,

79 1232 262 1263 retentum
281 1231 406 1260 tamen
427 1218 475 1256 est
490 1245 500 1262 ,
526 1215 618 1253 culta
632 1243 641 1258 ‚
669 1222 735 1263 pro
756 1224 831 1263 quo
853 1211 946 1259 vulg.
970 1212 1106 1268 euntia,

80 1275 206 1313 multa.
234 1274 412 1310 Gisum.
440 1275 504 1305 Per
534 1267 598 1303 iter
630 1266 880 1318 ignotum-cum
899 1274 1004 1317 'equis
1026 1261 1107 1316 [ᾗπ-

80 1325 192 1363 mens.
224 1321 342 1370 Lugd.
377 1332 454 1356 cum
486 1318 550 1355 iter
590 1316 744 1364 ignotum
773 1312 905 1369 .mstr‚m
937 1309 1106 1360 nequisset.

81 1373 205 1413 Heins.
240 1372 373 1410 monitu
404 1370 519 1419 itaque
541 1367 654 1416 patris
681 1375 740 1414 per
767 1371 1008 1418 iter-ignotum
1028 1374 1106 1397 cum

74 1426 167 1463 obire
195 1421 352 1474 nequiffet
383 1419 517 1458 Colon.
556 1417 701 1453 Monitis
728 1415 803 1451 licet
835 1412 1016 1458 instruc't'us
1039 1420 1108 1460 pa-

78 1476 143 1513 tris
156 1503 165 1520 ‚
186 1484 246 1525 per
277 1474 340 1510 iter
371 1471 412 1520 ig.
435 1483 511 1507 cum
532 1468 624 1518 equis
644 1465 752 1503 obniti
772 1462 929 1514 nequiffet
943 1489 954 1506 ,
975 1464 1107 1498 tractus

78 1525 122 1573 est
144 1554 154 1571 ‚
200 1525 275 1576 equi
310 1523 386 1560 eum
429 1521 582 1570 ignotum
628 1517 831 1566 agitatorem
864 1522 1108 1550 contemnentes

78 1577 202 1614 mundi
222 1587 293 1616 eye.
319 1575 473 1610 Raener.

74 1647 77 1650 >
130 1626 140 1653 ¹
166 1623 343 1673 cunetas]
375 1622 496 1659 Multa
520 1619 654 1658 Colon.

129 1685 156 1704 ¹¹¹
184 1671 514 1726 Proflagrantium.]
544 1671 598 1707 Ita
630 1671 668 1706 &
696 1668 787 1705 MS.
824 1677 909 1723 cum
932 1666 1047 1704 Raen.
1071 1667 1110 1704 &

81 1727 153 1765 Gis.
178 1726 247 1764 Sed
268 1724 408 1772 Micyll.
429 1724 467 1760 &
488 1722 623 1758 Venet.
641 1719 904 1769 proflagrantia.
918 1717 1108 1771 Mummii.

69 1777 321 1828 proflagrantia
343 1774 455 1810 etiam
477 1773 595 1809 Parin.
619 1771 657 1807 ὃς
679 1767 799 1817 Lugd.
826 1777 886 1817 per
910 1765 1107 1822 flagrantia

78 1829 243 1865 incederet
263 1855 273 1872 ‚
321 1824 416 1862 rebus
439 1837 461 1860 a
483 1822 576 1868 Jove
599 1826 665 1869 (ut
677 1817 823 1867 fertur)
843 1816 1019 1854 auxillum
1041 1830 1108 1872 tm-

70 1878 286 1928 plorantibus
308 1890 347 1914 ne
369 1876 440 1913 &c.
463 1872 599 1911 Colon.
631 1873 753 1908 cuneta
774 1883 827 1906 ar.
842 1868 875 1918 s
899 1866 1109 1918 flagrantia.

77 1930 232 1968 Raener.
395 1952 398 1956 Δ
822 1972 827 1977 ι

127 1988 147 2007 ¹¹
174 1985 212 2016 A
232 1977 419 2030 Joveque]
449 1975 561 2014 Haud
581 1974 773 2023 vulgariter
795 1971 932 2009 dietum
948 1999 958 2016 ‚
986 1981 1109 2026 progr

77 2044 101 2067 a
132 2030 235 2076 Jove.
272 2030 328 2067 Sic
359 2028 427 2066 hac
458 2025 529 2076 ipsa
550 2025 726 2063 fabulam
746 2023 1018 2078 terramque-3&
1048 2020 1106 2057 lib.

79 2091 149 2117 xn.
171 2081 239 2117 fab.
253 2093 285 2116 2.
307 2080 343 2117 in
358 2079 506 2128 finesque
528 2077 672 2113 exbibet
693 2076 864 2112 Raenerii
884 2072 1007 2128 editio.
1036 2070 1107 2107 Sed

79 2129 227 2167 istorum
249 2138 418 2167 neutrum
441 2130 479 2165 in
500 2126 582 2163 MS.
610 2125 750 2163 invenit
780 2120 1107 2178 illustnHemfius.

84 2179 180 2216 Naso
203 2180 274 2228 ipse
294 2193 346 2217 xi.
372 2180 466 2216 Met.
489 2188 571 2222 227.
599 2182 640 2212 In
653 2176 785 2223 suaque
806 2173 982 2208 Aeaciden
994 2173 1108 2220 succe-

84 2228 159 2264 dere
188 2240 271 2265 vota
301 2239 446 2279 nepotem
475 2225 593 2275 Juffit.
630 2226 757 2272 Nepos
787 2223 936 2259 Datam.
969 2233 1046 2270 cap.
1075 2233 1107 2264 7.

86 2277 228 2326 Scismas
259 2281 430 2316 maximus
463 2288 550 2315 natu
573 2275 669 2323 filius
691 2273 829 2322 desciit,
869 2273 981 2323 adque
1001 2285 1108 2328 regem
1169 2303 1173 2306 .

85 2326 234 2376 transsit.
275 2328 322 2364 Et
341 2328 378 2364 in
403 2328 540 2364 Hamil.
571 2338 647 2374 cap.
674 2337 708 2371 4.
755 2329 857 2359 Mare
887 2321 1048 2372 tranfitt,
1075 2335 1113 2359 tn

81 2377 350 2427 Hispaniamque
383 2378 491 2412 venit.
528 2376 665 2423 Hygin.
703 2374 848 2411 Astron.
876 2385 928 2410 1v.
971 2385 1048 2422 cap.
1077 2384 1112 2422 3.

85 2434 128 2464 In
159 2441 257 2477 eoque
289 2427 393 2462 Aries
423 2436 462 2461 ut
493 2424 614 2471 affixus
643 2425 816 2460 videatur.
841 2424 1034 2461 MuNKER.
1074 2427 1112 2459 A

84 2478 179 2524 Jove
199 2488 292 2513 terra
312 2486 400 2525 opem
421 2474 605 2523 implorans
627 2501 638 2518 ,
675 2487 715 2510 ne
735 2473 820 2509 orbis
841 2483 1014 2509 terrarum
1036 2487 1114 2510 con-

77 2528 228 2578 flagaret
242 2527 351 2576 petiit.
378 2527 533 2562 Raener.

134 2585 153 2605 0
182 2577 299 2626 ittet]
330 2579 419 2614 letus
436 2589 458 2611 a
479 2588 581 2611 curru
594 2583 649 2623 pr.
670 2572 737 2620 est,
765 2571 899 2610 Colon.
912 2572 982 2611 effe
1002 2585 1116 2609 curru.

84 2629 191 2667 Gisel.

133 2688 151 2715 P
179 2684 226 2716 Et
245 2679 262 2714 *e
283 2691 384 2714 curru
404 2673 683 2726 praecipitatus.]
712 2677 758 2708 Et
777 2671 815 2709 in
836 2678 966 2708 terram
981 2671 1114 2720 praeci-

76 2730 210 2781 pitatus
232 2730 347 2765 Parni.
369 2729 405 2764 &
427 2726 547 2774 Lugd.
567 2726 605 2762 in
626 2735 840 2773 terrramque
861 2723 1013 2759 Raener.

141 2793 168 2816 1.
201 2779 300 2827 Regia
336 2778 417 2814 Solis
463 2787 537 2813 erat
572 2773 778 2823 sublimibus
823 2772 898 2808 alta
947 2772 1111 2809 columnis

86 2830 193 2867 Clara
226 2827 409 2875 micante]
448 2828 617 2864 Domum
648 2825 685 2862 in
706 2823 840 2872 palatio
871 2822 914 2858 ab
945 2822 1110 2877 Augusto

86 2879 215 2917 saetam
230 2877 584 2926 exponensVirgilius
594 2887 657 2924 per
668 2873 851 2912 transitum
864 2869 1018 2927 laudasse
1029 2871 1111 2928 [εὶ-ἰ-

87 2927 136 2966 bit
148 2929 286 2966 Servius
300 2956 311 2971 ,
336 2927 382 2963 sic
403 2939 471 2964 nos
489 2926 658 2963 hocloco
672 2924 849 2962 Ovidium
866 2952 873 2963 ‚
888 2922 1052 2959 obiter&
1073 2934 1110 2959 in

88 2978 276 3015 transcursu
307 2976 464 3026 ejusdem
486 2975 637 3024 Augusti
665 2973 891 3011 sacrosanffls
922 2973 1109 3028 penatibus

89 3026 246 3064 assentari
265 3036 431 3076 putamus
445 3056 456 3072 ‚
485 3028 522 3063 &
544 3028 639 3063 forte
659 3037 722 3073 per
755 3024 887 3072 regiam
923 3023 1108 3079 Basilicam

88 3077 299 3124 accipiemus
312 3106 321 3121 ,
347 3089 415 3115 nec
437 3088 513 3114 nori
545 3088 607 3124 per
625 3075 718 3112 hanc
731 3103 741 3119 ‚
761 3073 938 3122 templum
962 3073 1110 3110 Palatini

90 3126 288 3174 Apollinis,
313 3129 411 3176 cujus
433 3127 634 3174 complures
658 3125 903 3162 meminerunt
926 3151 936 3168 ‚
974 3124 1012 3161 &
1037 3124 1108 3161 irn-

90 3176 212 3224 primis
233 3176 458 3224 Tranquillus
474 3205 483 3222 ,
521 3177 619 3224 cujus
640 3175 748 3212 verba
768 3175 857 3212 haec
879 3174 979 3212 sunt:
1009 3180 1108 3211 Tem-

85 3224 183 3277 Rlum
206 3225 372 3275 Apollinis
400 3228 436 3266 in
459 3242 495 3265 ea
511 3236 612 3278 parte
636 3225 819 3264 Palatinae
839 3226 958 3264 domus
978 3225 1109 3276 excita-3

2080 686 2206 739 Pron

1163 802 1242 851 vit,
1279 818 1387 857 quam
1400 806 1555 854 fulmine
1587 807 1694 846 itiam
1716 805 1898 855 desiderari
1920 821 1942 845 a
1965 813 2037 846 Deo
2058 823 2202 860 augures

1153 857 1442 904 pronuntiarunt.
1495 858 1653 895 Addidit
1691 860 1842 909 porticus
1886 873 1964 896 cum
2007 861 2206 899 bibliotheca

1161 907 1292 942 Latina
1315 912 1510 958 Graecaque
1523 936 1533 952 ‚
1570 922 1634 959 quo
1664 909 1702 947 in
1723 909 1788 946 loco
1802 911 1883 959 jam
1907 910 2022 960 finior
2035 913 2132 961 saepe
2144 913 2202 960 se-

1159 966 1286 992 natum
1298 955 1422 992 habuit
1435 958 1676 1008 ,decuriasque
1689 961 1864 1009 judicium
1885 963 2051 1010 cognovit.
2065 963 2205 1009 JACOB.

1161 1018 1184 1042 A
1214 1007 1368 1044 Ciuica.
1406 1007 1551 1045 Volunt
1573 1010 1740 1047 nonnulli
1762 1015 1914 1060 poetam
1935 1011 2126 1050 intendisse
2150 1013 2206 1051 di-

1158 1057 1275 1104 gitum
1298 1056 1344 1094 ad
1366 1057 1518 1107 Augusti
1540 1058 1745 1107 Templum
1761 1089 1771 1106 ,
1808 1073 1893 1099 cum
1927 1064 2071 1110 porticu
2093 1065 2131 1101 &
2153 1064 2209 1101 bi·

1159 1106 1340 1145 bliotheca
1379 1107 1573 1157 magnifice
1616 1110 1821 1148 extruetum
1857 1112 1895 1150 in
1933 1121 2032 1161 parte
2066 1114 2206 1153 Palatii.

1162 1157 1260 1203 Alii,
1295 1157 1456 1195 habuisse
1490 1170 1576 1196 eum
1610 1166 1693 1196 ante
1724 1162 1851 1199 oculos
1872 1165 2008 1212 regiam
2033 1164 2158 1202 Latini
2182 1164 2205 1203 a

1161 1208 1318 1256 Virgilio
1342 1207 1556 1258 descriptam
1579 1218 1651 1246 v11.
1673 1209 1831 1249 Aeneid.
1860 1213 1943 1262 Ego
1972 1213 2068 1251 certe
2094 1215 2205 1253 credo

1162 1258 1318 1296 Poe'tani
1333 1287 1343 1303 ,
1371 1272 1446 1309 quo
1467 1260 1535 1297 fuit
1557 1260 1706 1308 ingenio
1721 1291 1732 1307 ,
1758 1263 1796 1299 in
1821 1272 1988 1301 mentem
2012 1264 2112 1302 suam
2126 1273 2207 1303 tan-

1161 1316 1242 1346 tuin
1263 1309 1405 1347 tinxiss'e
1428 1311 1609 1348 calamum
1625 1319 1756 1360 ‚atque
1778 1313 1863 1350 inde
1886 1326 1972 1351 cuin
1994 1315 2208 1353 Phaethon·

1161 1367 1198 1396 te
1219 1360 1305 1404 suo,
1319 1361 1485 1411 concepisse
1496 1362 1634 1399 aethera
1656 1374 1778 1400 mente.
1806 1363 1884 1400 Nisi
1906 1364 2001 1402 forte
2024 1366 2062 1403 in
2088 1367 2206 1404 mani-

1162 1409 1227 1447 bus
1247 1411 1414 1449 habuerit
1435 1412 1613 1460 Euripidis
1636 1413 1864 1451 Phaethonta
1880 1442 1890 1459 ,
1926 1416 1989 1464 qui
2018 1415 2122 1454 nobis
2149 1418 2207 1455 in-

1160 1461 1266 1499 teriit.
1296 1463 1396 1511 cujus
1418 1463 1588 1501 meminit
1618 1463 1830 1503 Athenaeus
1852 1476 1898 1502 11.
1920 1478 1964 1502 11.
1998 1466 2036 1502 ὅ(
2057 1468 2157 1516 cujus
2185 1467 2207 1505 ἆ

1164 1511 1342 1561 Longino
1357 1541 1367 1557 ,
1406 1513 1495 1551 dum
1528 1514 1697 1563 exempla
1719 1516 1889 1565 poeticae
1911 1516 2118 1563 phantasiae
2143 1519 2207 1556 ad-

1164 1563 1256 1603 fert,
1284 1563 1467 1611 specimen
1489 1564 1640 1609 citatur,
1667 1565 1828 1614 inibique
1851 1575 2041 1614 praecepta
2069 1568 2207 1607 Phoebi

1164 1613 1436 1652 Phaethontem
1458 1615 1563 1652 suurn
1587 1616 1772 1653 monentis
1794 1616 2080 1666 instituentisque
2113 1619 2206 1657 infra

1166 1663 1213 1700 ad
1234 1676 1325 1702 vers.
1352 1679 1406 1709 54.
1429 1667 1467 1702 &
1494 1678 1575 1713 133.
1602 1667 1836 1703 Festinamus.
1868 1666 1966 1704 Citat
1983 1668 2074 1705 haec
2097 1670 2209 1707 verba

1167 1714 1304 1750 Seneca
1326 1714 1435 1762 Epist.
1454 1725 1536 1751 CXV.
1564 1715 1654 1752 item
1676 1716 1811 1754 ibidem
1834 1717 1926 1754 haec
1947 1717 2037 1756 alia:
2067 1723 2208 1757 Aureus

1164 1764 1243 1800 axis
1268 1775 1343 1800 erat
1358 1793 1368 1808 ,
1391 1775 1478 1801 temo
1499 1779 1622 1803 aureus
1645 1795 1655 1811 ‚
1682 1781 1788 1804 aurea
1811 1767 1974 1816 summae
1995 1774 2208 1808 Curvatura

1165 1825 1279 1859 rotae,
1318 1815 1496 1852 radiorum
1516 1828 1694 1865 argenteus
1716 1818 1806 1854 ordo.
1861 1819 2072 1857 Ciofauus.

1218 1877 1250 1913 3.
1284 1868 1391 1914 Cujus
1422 1865 1502 1902 ebur
1536 1868 1691 1904 nitidum
1705 1868 1849 1917 fastigia
1865 1869 2011 1917 summa
2034 1871 2205 1922 tegebat]

1165 1915 1398 1957 Libsineus.
1427 1916 1573 1955 tenebat.
1601 1918 1673 1956 alio
1693 1919 1811 1956 inodo
1836 1919 1965 1957 Claud.
1987 1920 2045 1959 lib.
2075 1935 2103 1959 1.
2142 1923 2210 1960 De

1163 1975 1253 2015 rapt.
1265 1967 1422 2016 Proserp.
1435 1968 1546 2004 Atria
1559 1969 1662 2016 cingit
1673 1969 1765 2006 ebur.
1783 1969 1952 2007 CiorAN.
1967 1973 2114 2009 Tenebat
2126 1974 2203 2021 ple-

1162 2017 1265 2066 rique
1296 2026 1435 2055 veteres
1462 2047 1473 2063 ‚
1499 2020 1537 2055 &
1559 2020 1667 2056 reete.
1706 2020 1805 2059 Vide
1836 2028 1941 2058 notas
1974 2023 2095 2060 Fastor
2115 2024 2135 2060 l.
2161 2036 2205 2062 11.

1161 2070 1246 2116 465.
1276 2080 1338 2104 111.
1362 2080 1452 2105 verS.
1475 2081 1559 2117 219.
1581 2071 1675 2106 Met.
1698 2083 1750 2107 xi.
1772 2082 1863 2108 vers.
1894 2083 1975 2118 257.
2004 2073 2144 2111 Hiems.

1211 2135 1247 2161 a„
1276 2119 1448 2168 Limina]
1487 2119 1596 2156 Forte
1621 2149 1631 2165 ,
1669 2120 1809 2157 lumine.
1858 2121 2011 2160 DOUZA.
2063 2123 2205 2161 lumine.

1161 2168 1323 2217 plerique
1355 2178 1495 2207 veteres
1526 2169 1653 2220 scripti.
1688 2171 1856 2208 Sidonius
1886 2179 2014 2209 tamen
2051 2174 2205 2222 Epithal,

1163 2219 1285 2256 Ruric.
1308 2230 1344 2255 v.
1370 2232 1427 2269 23.
1450 2219 1593 2258 videtur
1626 2221 1845 2271 agnoscere,
1873 2222 2014 2260 limine.-

1219 2299 1405 2337 Attollunt
1426 2300 1544 2348 bifores
1565 2302 1699 2350 argenti
1721 2301 1860 2338 cardine
1881 2300 2023 2337 valvas.
2062 2300 2206 2338 HE1N80‘

1169 2376 1388 2423 praeferrem
1412 2374 1551 2411 lumine.
1578 2374 1632 2410 Ita
1646 2375 1737 2421 ferri
1758 2373 2020 2419 lumenValer.
2032 2374 2207 2413 Flac.111.

1171 2438 1251 2462 ioo.
1287 2425 1348 2462 ubi
1379 2425 1478 2473 plura
1499 2424 1719 2461 notabimus.
1740 2424 1907 2471 imperite
1930 2423 2057 2461 auctor
2077 2424 2206 2463 indicis

1167 2475 1348 2512 Editionis
1368 2486 1526 2523 nuperae
1538 2473 1781 2512 Loiidinensis
1802 2474 2016 2523 conjunxit,
2055 2476 2207 2524 Argenti

1171 2524 1313 2561 valvas.

1225 2585 1259 2621 ς.
1285 2574 1478 2609 Materiam
1493 2574 1678 2623 superabat
1699 2574 1815 2624 opus.]
1856 2575 1971 2612 Hunc
1990 2574 2117 2613 locum
2142 2587 2205 2614 εχ-

1172 2623 1290 2670 pressit
1310 2623 1484 2660 Martialis
1493 2624 1551 2661 lib.
1566 2637 1635 2661 iix.
1652 2638 1707 2672 51-
1736 2626 1907 2662 Materiae
1928 2639 1996 2662 non
2017 2626 2104 2663 cedit
2114 2636 2205 2676 opus.

1168 2674 1386 2710 (rorantis.
1417 2675 1456 2710 ln
1481 2682 1556 2711 uno
1578 2674 1747 2712 Leidenfi
1770 2676 1808 2712 δε
1831 2676 2079 2714 Gronoviano
2094 2705 2103 2721 ‚
2126 2691 2205 2714 ma-

1167 2724 1308 2768 teriem,
1346 2735 1457 2772 quain
1490 2725 1650 2761 formam
1684 2733 1823 2762 veteres
1847 2728 1863 2771 ,⁴
1906 2738 1991 2763 cum
2025 2727 2070 2764 de
2100 2727 2205 2775 ligno

1166 2774 1318 2821 agebant
1333 2802 1342 2816 ,
1370 2773 1595 2821 praetulisse,
1622 2787 1700 2814 non
1732 2788 1821 2813 vero
1845 2778 2032 2814 materiam
2055 2775 2204 2821 dixili‘e,

1165 2832 1270 2861 notat
1301 2824 1443 2861 Salmas.
1479 2825 1524 2861 ad
1559 2825 1668 2863 Solin.
1702 2838 1781 2875 pag,
1823 2828 1903 2875 328.
1934 2827 2072 2864 sensum
2113 2838 2203 2864 vero

1164 2873 1297 2911 horum
1319 2875 1516 2912 verborum
1537 2875 1641 2924 saepe
1660 2885 1802 2914 veteres
1823 2878 1896 2915 aliis
1909 2878 2022 2914 verbis
2035 2877 2201 2914 efferunt:

1167 2924 1344 2972 Ulpianus
1365 2926 1387 2962 1.
1414 2937 1468 2973 13·
1493 2927 1526 2967 ὕ,
1555 2939 1583 2962 i.
1605 2925 1642 2963 ff.
1666 2926 1711 2963 de
1732 2927 1781 2963 V.
1805 2928 1839 2964 S.
1886 2929 1987 2965 Dicit
2002 2928 2202 2976 plerumque

1159 2975 1239 3023 plus
1258 2976 1314 3024 effe
1335 2977 1371 3012 in
1393 2990 1518 3012 manus
1524 2977 1630 3025 pretio
1645 3005 1655 3021 ‚
1668 2992 1775 3027 quam
1796 2979 1834 3014 in
1857 2993 1901 3015 re.
1925 2978 2142 3016 Censorinus
2154 2975 2202 3013 de

1165 3024 1238 3061 Die
1260 3026 1380 3062 Natal.
1403 3026 1519 3064 initio.
1546 3034 1697 3064 Munera
1729 3042 1771 3065 ex
1802 3043 1887 3065 auro
1911 3058 1921 3073 ,
1960 3026 2017 3062 vel
2043 3039 2129 3075 quae
2160 3039 2203 3062 ex

1164 3086 1304 3123 argento
1324 3077 1436 3113 nitent
1457 3077 1585 3114 caelato
1599 3106 1610 3123 ,
1648 3088 1739 3128 opere
1758 3093 1865 3130 qaam
1886 3077 2033 3115 materia
2056 3076 2202 3115 cariora.

1164 3126 1426 3164 BURMANNUS.

1215 3189 1247 3224 ς.
1276 3177 1485 3227 Aiulciber]
1516 3179 1680 3227 Mulcifir
1699 3178 1866 3217 nonnulli
1897 3175 2064 3221 codices,
2086 3178 2203 3216 etiam

1161 3226 1336 3275 Viviani‚
1357 3229 1394 3266 &
1423 3229 1472 3267 ita
1501 3229 1605 3280 saepe
1628 3227 1825 3315 alibin-id.
1860 3227 1920 3265 lib.
1952 3239 2030 3265 xxv.
2064 3239 2159 3317 {331-
2178 3278 2187 3286 ·

1792 3289 1811 3327 3
2093 3306 2104 3318 .
2153 3292 2211 3324 ατ
