2483 3616
364 136 1603 226 META‘MORPHOSEON
1678 158 2245 237 L13.XIII.909⁴

370 283 576 337 Litora.
614 275 952 350 prosequitur
975 275 1130 340 Rex,
1169 276 1223 331 ἃ
1251 277 1342 331 dat
1367 292 1556 331 munus
1580 274 1764 340 ituris;

231 353 333 409 680
369 350 631 409 Anchisae
654 349 952 422 sceptrum,
991 350 1327 421 chlamydem
1355 348 1764 420 pharetramque
1787 351 2005 421 nepoti,

372 426 594 479 Cratera
619 421 859 484 AEneae3
901 440 1064 495 quem
1093 421 1369 493 quondam
1393 421 1601 475 miserat
1626 421 1701 476 illi

369 495 585 568 Hospes
610 494 675 549 ab
701 497 891 551 Aoniis
918 495 1150 550 Therses
1178 493 1427 548 Ismenius
1453 494 1577 547 oriS.

370 566 593 623 Miserat
620 568 761 623 hunc
786 569 860 623 illi
882 568 1115 623 Therses
1133 611 1145 630 ,

1186 565 1533 621 fabricaverat
1558 565 1739 620 Alcon

369 639 618 712 Myleus;
661 640 716 694 δε
741 643 905 713 longo
933 642 1223 695 caelaverat
1251 651 1584 709 argumento,

226 708 326 778 685
363 711 503 768 Urbs
526 726 640 768 erat
668 732 678 767 :
721 714 775 766 δε
802 714 1006 786 septem
1031 711 1203 786 poss'es
1229 709 1510 765 ostendere
1533 725 1727 782 portas.

366 785 492 841 Hae
517 804 616 858 pro
641 787 859 840 nomine
886 800 1066 850 erant,
1107 783 1191 847 &‚
1226 801 1362 856 quae
1387 782 1530 837 foret
1556 783 1638 837 illa
1655 824 1668 847 ,
1707 781 1990 839 docebant.

367 862 516 913 Ante
540 857 728 912 urbem
755 858 1062 931 exsequiae,
1100 857 1428 928 tumulique,
1468 856 1754 928 ignesque,
1794 856 2048 928 rogique,

364 929 687 1003 Effusaeque
715 948 895 983 comas
923 929 979 983 δε
1004 943 1212 1000 apertae
1238 928 1455 1001 perstora
1478 942 1672 983 matres

364 1002 677 1074 Significant
700 1002 919 1057 luctum.
961 1001 1241 1073 Nymphae
1268 1018 1488 1073 quoque
1511 1000 1644 1055 flere
1672 999 1954 1066 videntur,

223 1076 326 1143 690
365 1076 709 1145 Siccatosque
734 1075 888 1145 queri
916 1073 1107 1127 fontes.
1149 1073 1254 1127 fine
1280 1072 1559 1127 frondibus
1588 1074 1742 1129 arbos

357 1147 517 1202 Nuda
545 1147 682 1217 riget
709 1165 719 1200 :
761 1147 962 1201 rodunt
986 1146 1185 1200 arentia
1210 1146 1326 1199 saxa
1350 1146 1596 1216 capellae.

361 1219 510 1275 Ecce
537 1218 663 1272 facit
687 1220 876 1273 mediis
904 1231 1047 1273 natas
1076 1218 1284 1273 Orione
1308 1217 1546 1281 Thebis,

362 1290 526 1346 Hanc
551 1309 662 1346 non
687 1292 979 1346 femineum
999 1291 1186 1362 jugulo
1210 1290 1336 1344 dare
1363 1289 1547 1361 peetus
1576 1302 1790 1362 apertO,

355 1361 528 1429 Illam,
567 1363 790 1420 demiffo
815 1382 909 1437 per
933 1364 1092 1420 fortia
1116 1363 1332 1419 vulnera
1356 1364 1467 1418 telo

118 1573 225 1625 'Ipsius
244 1574 420 1625 Anchisae
438 1575 598 1628 longaevi
617 1576 678 1614 hoc
698 1589 826 1615 munus
845 1577 966 1615 habeto

120 1626 271 1664 cratera
292 1627 483 1678 impreffum
496 1629 603 1678 signis
617 1644 628 1664 :
658 1641 758 1677 quem
779 1628 947 1666 Thracius
959 1627 1043 1666 olim

119 1675 299 1726 Anchisae
314 1679 460 1727 genitori
476 1680 514 1718 in
536 1691 659 1728 magno
682 1692 823 1715 munere
844 1680 969 1728 Ciffeus

119 1731 220 1764 Ferre
232 1729 291 1777 sui
313 1729 454 1768 dederat
474 1738 740 1769 monumentum
760 1740 804 1771 (φ
814 1730 938 1780 pignus
956 1729 1096 1768 amoris.

74 1799 114 1831 ut
135 1792 173 1830 in
193 1792 327 1831 Fastor.
347 1806 411 1831 111.
432 1795 516 1844 ¹518.

122 1860 272 1893 Cratera
297 1855 411 1893 Iliacis
432 1866 582 1907 turaque
593 1866 678 1907 pone
684 1857 786 1904 fhcis.

73 1914 174 1954 idem
194 1916 368 1966 Virgilius
385 1916 445 1955 lib.
467 1929 518 1955 1x.
546 1918 629 1955 266.
659 1923 808 1955 Cratera
818 1917 1007 1967 antiquum
1019 1916 1122 1956 dixit.

74 1964 187 2002 Forte
203 1974 351 2010 tamen,
378 1973 578 2006 Creterram
600 1968 885 2018 corrigendum:
911 1981 997 2006 narn
1020 1970 1121 2006 Non.

79 2013 274 2052 Marcellus
307 2017 449 2056 videtur
473 2019 568 2056 velle
590 2047 600 2063 ,
648 2018 695 2056 fic
722 2020 860 2068 ubique
889 2019 1120 2057 scribendum

79 2063 152 2102 effe
165 2092 176 2109 ‚
203 2066 348 2113 quoties
370 2066 479 2106 latina
499 2071 755 2107 enuntiatione
773 2081 906 2106 cratera
924 2081 990 2118 pro
1011 2079 1122 2106 crater

78 2113 238 2153 effertur.
263 2124 304 2153 ut
325 2117 363 2153 in
380 2116 443 2154 illo
463 2119 649 2158 Ciceronis
666 2147 676 2164 ,
696 2120 799 2170 quod
819 2132 864 2158 ex
886 2121 1028 2158 Arateis
1047 2121 1124 2169 ejus

79 2165 221 2213 profert
240 2165 340 2203 idern
355 2167 499 2206 Nonius
511 2196 521 2212 ,

128 2221 172 2252 In
191 2216 365 2266 medioque
380 2215 458 2262 finu
471 2218 609 2268 fulgens
626 2232 771 2259 creterra
794 2222 948 2271 refulget.
978 2223 1123 2260 Heius.

129 2277 215 2316 682.
253 2277 316 2315 Ab
334 2280 583 2335 ‘Haemoniisff
630 2283 673 2320 In
705 2295 793 2322 meo
839 2285 1047 2334 antiquiore
1086 2285 1124 2321 &

79 2327 222 2375 duobus
253 2329 441 2368 Vat1canis
461 2358 472 2374 ,
509 2330 553 2367 ab
578 2333 712 2369 A'o'niis.
740 2335 778 2371 in
803 2334 919 2372 altero
940 2346 1052 2379 me0‚
1080 2333 1125 2371 ab

79 2379 211 2425 Joniis.
241 2379 409 2417 Cmrw.
437 2381 576 2422 Eoniis.
606 2383 790 2431 Hispanis,
820 2384 938 2420 Eoneis
959 2386 1032 2422 &c.
1062 2397 1126 2422 co·

78 2429 190 2468 dices.
216 2431 417 2467 Haemoniis
428 2432 609 2469 nonnulli.
636 2434 735 2469 Oniis
747 2434 922 2481 fragmen.
935 2434 1125 2472 Boxhorn.

80 2480 199 2517 Oom'is
219 2488 301 2518 tert.
318 2481 457 2519 Medic.
485 2482 636 2519 Adoniis
656 2491 814 2531 quartus,
840 2483 961 2527 J'o'niis
981 2484 1015 2520 S.
1028 2485 1128 2521 Mar-

80 2531 138 2574 ci,
166 2531 324 2580 Neapol.
357 2532 489 2570 Urbin.
522 2533 737 2581 Bernegger.
768 2534 876 2581 prim.
898 2534 1068 2571 Vatican.
1090 2536 1128 2572 &

80 2588 151 2619 tres
171 2582 242 2619 alii.
269 2582 327 2618 alii
349 2583 465 2620 aliter.
492 2594 557 2630 pro
587 2583 749 2631 Ismenius
767 2595 859 2621 unus
879 2596 982 2622 meus
996 2612 1006 2629 ,
1034 2589 1128 2621 Yme-

78 2631 185 2670 neius.
224 2634 391 2669 Imene'ius
425 2634 462 2671 in
490 2634 715 2671 GraevianO.
752 2634 862 2671 Forte
885 2662 895 2678 ,
936 2635 1125 2683 Minyeias.

80 2693 171 2720 mox
189 2694 256 2731 pro
280 2682 417 2731 Myleus
434 2683 552 2732 scripti
573 2684 851 2732 propemodum
870 2696 1001 2723 omnes
1016 2713 1026 2730 ‚
1057 2686 1125 2722 Ni-

80 2731 162 2771 leus.
188 2734 306 2778 Puto,
332 2733 458 2771 Nileos.
484 2746 620 2782 nempe
639 2734 743 2772 filius.
772 2735 916 2772 Hera-s.

132 2783 218 2831 683.
246 2784 358 2821 Alcon
373 2784 548 2834 Mylan]
579 2786 667 2822 Non
685 2785 802 2834 Mylei
813 2785 904 2824 filius
920 2814 931 2830 ‚
957 2786 1015 2824 scd
1029 2798 1048 2824 a
1063 2799 1125 2835 pa-

82 2834 148 2872 tria
176 2834 225 2871 fic
253 2838 545 2882 cognominatus.
583 2836 710 2885 Mylae
731 2848 893 2886 namque
913 2836 961 2874 est
983 2850 1126 2875 nornen

82 2884 236 2922 duarum
264 2885 408 2922 urbium
423 2913 433 2930 ,
460 2898 615 2935 quarum
646 2887 754 2925 altera
775 2887 823 2924 est
844 2888 882 2924 in
906 2887 1022 2925 Sicilia
1038 2916 1046 2931 ‚
1077 2889 1127 2926 al·

86 2943 160 2973 tera
180 2936 218 2972 in
242 2933 437 2973 Theffalia.
463 2938 538 2974 duo
558 2946 681 2975 autem
702 2939 848 2975 fuerunt
870 2937 1033 2975 Alcones
1053 2940 1126 2976 cla·

83 2986 114 3023 ri
127 3013 138 3029 ‚
163 2985 453 3034 hicargentarius
466 2987 562 3023 faber
576 3015 587 3031 ,
615 2987 748 3025 &alter
763 2988 945 3026 Cretensis
959 3017 969 3033 ‚
988 2998 1064 3027 arte
1077 2990 1127 3027 sa-

85 3036 237 3083 gittandi
254 3035 412 3084 insignis.
438 3037 601 3075 Remus.
629 3039 688 3075 De
708 3038 856 3077 Alcone
876 3039 981 3077 latius
993 3039 1038 3077 ad
1054 3041 1130 3078 Va-

85 3085 150 3124 ler.
169 3086 283 3124 Flacc.
303 3098 463 3135 agemus.

138 3136 220 3184 685,
248 3136 424 3184 ostendere
447 3137 606 3187 portas.]
647 3137 823 3186 Offimdere
846 3140 1049 3180 Oxoniens.
1075 3144 1131 3191 as2

89 3186 223 3223 tendere
232 3186 376 3236 Thyfii.
396 3187 527 3223 valvas
544 3188 619 3225 duo
636 3189 727 3225 libri.

141 3236 223 3283 687.
253 3243 409 3285 Ignesque
422 3266 432 3282 ‚
452 3238 618 3288 rogique]
646 3238 827 3288 Urbesque,
848 3239 981 3288 rogique
992 3241 1133 3282 Medic.

95 3285 192 3338 ,unde
211 3287 300 3327 olim
317 3288 487 3328 Heinsius
508 3288 748 3338 conjiciebat,
776 3302 959 3341 urnaeque.

1975 1442 2074 1506 695
2113 1438 2222 1495 Pro

1226 1575 1312 1624 689.
1340 1575 1579 1628 Significant]
1609 1577 1796 1627 signarunt
1816 1576 1956 1615 Medic.
1971 1575 2082 1613 lanus
2094 1577 2226 1617 Oxou.

1175 1627 1214 1665 ὃ(
1233 1627 1408 1665 tredecim
1430 1629 1501 1666 alii.

1225 1678 1309 1725 690.
1337 1678 1495 1729 Arbon]
1524 1679 1639 1716 Arbos
1668 1679 1816 1717 Thuan.
1846 1680 1884 1717 &
1910 1678 2016 1717 multi
2038 1677 2109 1716 alii.
2131 1690 2224 1716 mox

1175 1739 1242 1777 pro
1265 1728 1429 1765 lambunt
1449 1731 1544 1778 saxa
1563 1731 1595 1767 S.
1616 1730 1757 1775 Marci,
1788 1730 1944 1778 Neapol.
1965 1729 2117 1766 Thuan.
2138 1728 2227 1766 Ber-

1176 1789 1324 1827 negger.
1352 1780 1482 1817 Oxon.
1506 1781 1613 1828 prim.
1633 1781 1805 1818 Gronov.
1824 1780 1894 1818 sec.
1908 1780 2021 1817 Palat.
2042 1786 2123 1816 tert.
2138 1779 2227 1816 Me-

1179 1828 1249 1866 dic.
1270 1830 1405 1879 aliique
1428 1831 1657 1878 complures,
1688 1832 1829 1867 rodunt.
1849 1830 1896 1868 fic
1910 1832 1947 1867 in
1957 1829 2066 1867 Fastis
2089 1841 2118 1866 1.
2141 1840 2227 1878 357.

1180 1880 1270 1918 Rode
1279 1891 1374 1930 caper
1384 1881 1506 1918 vitem.
1518 1881 1640 1919 Festus
1649 1882 1816 1919 Avienus
1828 1881 2008 1928 Descript.
2021 1879 2228 1929 Orb.1143.

1229 1931 1419 1982 Intessique
1439 1941 1539 1969 artus
1556 1941 1695 1981 erepant
1712 1932 1828 1968 ardua
1843 1933 1973 1980 semper

1226 1981 1394 2019 eulmina
1403 1982 1586 2030 saxorum.
1613 1996 1681 2019 non
1701 1983 1776 2019 ollis
1791 1981 1921 2031 pabula
1942 1982 1980 2018 in
1998 1981 2099 2031 usum

1228 2037 1333 2068 Terra
1345 2034 1463 2082 parit,
1487 2033 1602 2081 glebas
1618 2033 1789 2070 arrodunt
1807 2046 1898 2070 more
1909 2034 2074 2078 ferarum

1230 2082 1386 2131 Jejunas
1409 2083 1552 2128 herbae,
1580 2097 1638 2121 nec
1658 2084 1790 2121 amicas
1798 2083 1960 2131 frugibus
1979 2081 2073 2119 ullis.

1181 2132 1236 2171 Ita
1247 2133 1394 2182 scriptus
1405 2133 1508 2178 liber,
1522 2146 1598 2172 non
1612 2133 1790 2172 obrodunt.
1809 2133 1856 2170 {ic
1871 2137 1907 2170 oc
1918 2133 2014 2181 apud
2028 2133 2226 2171 Lucanum

1181 2185 1390 2233 corrigatur.
1419 2185 1587 2222 Derodere
1606 2184 1698 2222 dixit
1716 2183 1851 2221 Plinius
1870 2195 1942 2220 xii.
1959 2194 2014 2228 17.
2041 2184 2226 2220 Hircorum

1180 2233 1294 2271 barbis
1315 2235 1497 2272 inhaerens
1516 2235 1656 2272 hederae
1669 2233 1754 2283 flore
1773 2234 1900 2282 deroso.
1927 2233 2073 2270 HEth.

1235 2286 1320 2332 692.
1347 2290 1429 2322 Ecce
1448 2286 1542 2332 facit
1569 2286 1691 2323 mediis
1712 2294 1815 2321 natas
1832 2283 1878 2320 ab
1901 2283 2088 2332 Echione]
2117 2284 2227 2321 Filias

1182 2334 1342 2372 Echionis
1364 2336 1548 2375 Thebani.
1571 2337 1702 2385 legitur
1736 2336 1773 2372 &
1807 2333 1941 2371 Orione.
1967 2335 2134 2371 Rectus
2157 2341 2226 2371 Fa-

1181 2387 1227 2422 cit
1248 2396 1332 2423 cum
1362 2387 1526 2434 pondere
1540 2415 1551 2431 ,
1588 2385 1687 2436 quafi
1707 2387 1770 2435 qui
1790 2385 1907 2422 adhuc
1928 2385 2045 2422 faciat.
2073 2384 2226 2433 quidam

1182 2437 1292 2473 etiam
1311 2435 1356 2472 ab
1374 2438 1635 2486 Orionelegunt
1648 2465 1658 2481 ,
1686 2448 1768 2484 pro,
1783 2434 1826 2471 ab
1842 2434 2008 2478 Echione,
2036 2435 2096 2472 sed
2107 2436 2225 2483 magis

1179 2487 1299 2533 placet
1320 2487 1515 2534 Raphaelis
1538 2487 1661 2525 lectio.
1699 2487 1906 2524 GLAREAN.
1935 2485 2099 2533 Quidam
2122 2494 2228 2523 vete-

1179 2548 1257 2579 res,
1296 2536 1340 2572 ab
1369 2537 1505 2585 origine.
1545 2539 1714 2575 CIOFAN.
1753 2537 1867 2574 Tolle
1891 2537 1931 2572 τὸ
1958 2535 2003 2572 ab
2031 2548 2116 2574 cum
2147 2548 2226 2574 uno

1182 2587 1382 2634 Gronovii.
1412 2589 1543 2632 multi,
1574 2588 1618 2624 ab
1635 2587 1771 2637 origine.
1798 2588 1947 2625 Hsms.

1231 2638 1314 2683 692.
1343 2637 1498 2687 Natam]
1537 2639 1690 2682 O’piaewg
1708 2639 1772 2673 τοῦ
1790 2635 1926 2683 ‘r‘pse‘ag
1949 2637 1985 2673 ἐν
2007 2637 2152 2684 Βοιωτίᾳ
2172 2636 2227 2672 θυ-

1181 2688 1354 2733 γατέρες,
1392 2689 1465 2726 &c.
1506 2689 1642 2726 Orioni
1675 2689 1808 2738 Hyriei
1839 2690 1863 2726 f.
1893 2689 1930 2725 in
1953 2687 2108 2726 Boeotia
2131 2688 2226 2726 duae

1181 2749 1283 2778 erant
1312 2737 1432 2784 filiae,
1460 2740 1651 2776 Metiocha
1679 2740 1716 2776 3<
1736 2739 1927 2787 Menippa.
1982 2739 2079 2775 Cum
2097 2737 2229 2787 graffa-

1181 2797 1280 2827 retur
1308 2800 1370 2836 per
1399 2790 1563 2826 Aoniam
1591 2789 1695 2837 pestis
1712 2817 1721 2833 ‚
1760 2789 2046 2838 responsumque
2074 2788 2160 2826 efl'et
2180 2801 2225 2825 ex

1175 2840 1357 2883 oraculo,
1385 2840 1566 2887 placatum
1586 2841 1628 2878 iri
1657 2840 1828 2877 Deorum
1851 2841 1965 2883 iram,
1993 2839 2017 2876 fi
2039 2839 2131 2876 duae
2154 2839 2226 2875 vir-¹

1182 2891 1283 2937 gines
1308 2890 1611 2934 immolarentur,
1639 2892 1767 2927 ceteris
1786 2890 2049 2933 recusantibus,
2076 2891 2143 2924 hac
2154 2899 2223 2934 pro

1182 2940 1293 2979 salute
1321 2942 1456 2988 patriae
1486 2941 1520 2977 se
1550 2942 1792 2978 devoverunt.
1820 2942 1892 2977 &c
1930 2940 2020 2974 Ant.
2050 2937 2224 2973 Liberalis

1183 3003 1242 3039 25.
1265 2991 1348 3029 Fal).
1371 3004 1417 3029 ex
1446 2992 1632 3029 Nicandro
1655 2992 1693 3028 &
1714 2991 1889 3027 Corinna.
1917 2988 2039 3024 FARN.
2066 2988 2224 3024 Videibi

1186 3042 1384 3080 Muncker.

1237 3094 1322 3142 693.
1349 3098 1449 3128 Hanc
1477 3090 1581 3140 nom]
1612 3096 1750 3139 Agmen
1772 3090 1985 3137 femineum,
2015 3088 2053 3124 &
2079 3087 2150 3136 seq.
2169 3086 2225 3131 ys.

1187 3142 1268 3180 illas
1287 3144 1448 3180 Florent.
1468 3143 1503 3179 S.
1520 3142 1650 3178 Marci.
1677 3141 1748 3178 illis
1766 3141 1918 3188 Argent.

1240 3195 1323 3240 694.
1350 3191 1533 3240 Demtsso]
1573 3191 1716 3240 Dimisso
1756 3202 1833 3227 non
1874 3189 2005 3237 demisso
2044 3188 2226 3227 nonnulli.

1190 3244 1337 3282 HEms.

1242 3293 1326 3342 694.
1365 3298 1430 3330 Per
1462 3291 1575 3340 forna
1612 3289 1782 3341 pestem]
1824 3296 1889 3328 Per
1922 3289 2047 3328 inertia
2082 3289 2233 3327 vulnera

2154 3340 2240 3387 Flo-3
