2483 3616
272 138 384 207 424
764 124 1335 186 -P.0V1D11

1408 124 1938 184 NAS-ONIS

650 258 896 313 Aeoliam
921 257 1144 311 Pitanen
1170 255 1200 307 a
1222 253 1372 308 laeva
1397 267 1547 326 parte
1570 255 1851 328 relinquit,

575 330 838 405 Faffitaque
861 332 929 385 de
954 330 1078 382 saxo
1105 327 1253 399 longi
1278 326 1548 383 simulacra
1577 328 1850 382 draconis:

647 405 971 476 Idaeumque
997 418 1209 455 nemus:
1250 418 1390 473 qum
1427 402 1538 457 nati
1560 400 1731 463 furta,
1764 399 2055 470 juvencum

433 482 535 544 360
570 477 823 533 Occuluit
851 475 1019 532 Liber
1045 473 1154 529 falfi
1179 473 1272 529 sub
1298 474 1531 547 imagine
1559 473 1736 537 cervi3

288 684 399 721 latere
420 681 481 719 hic
498 680 720 729 ignotiorern
744 679 858 728 vulgo
880 678 1038 716 fabulam
1059 684 1165 727 puto.
1198 674 1329 714 BuRM.

335 744 418 781 355.
448 731 599 780 Infufh.]
629 730 740 779 Effufh
760 730 950 776 Junianus.

340 785 421 832 356.
449 784 696 819 Deucalioneas
713 780 865 828 undem]
896 781 1075 829 Interpres
1097 778 1200 817 Statii
1219 785 1330 827 negat

285 833 466 871 diluvium
488 830 652 871 exstitisse
671 830 910 868 Deucalionis
933 830 1161 880 tempestate.
1207 829 1326 879 Atqui

286 885 498 932 Xenophon
533 884 646 922 multa
670 880 830 918 recenset
861 881 1018 924 diluvia,
1058 882 1152 919 inter
1171 892 1267 930 quae
1284 881 1328 919 il-

284 934 346 972 lud
366 937 496 983 ponit,
518 937 556 973 ὅ(
582 932 770 972 Diodorus
788 931 846 969 lib.
867 945 895 969 1.
918 944 995 981 cap.
1016 945 1059 969 11.
1080 933 1301 970 CroFANus.

338 996 421 1033 357.
448 985 610 1023 Aeoliam
631 982 816 1032 Pitanem]
832 984 958 1021 Pitane
981 983 1062 1021 urbs
1077 983 1126 1021 est
1147 983 1326 1028 Aeolica,

286 1035 387 1073 unde
416 1037 455 1073 ὅ(
486 1037 650 1074 AEoliam
679 1038 792 1083 poeta
815 1034 970 1083 appellat
995 1063 1006 1079 ‚
1046 1046 1124 1072 non
1143 1034 1246 1084 quod
1278 1034 1328 1072 ibi

284 1085 418 1123 sEolus
446 1089 601 1136 regnarit
624 1115 634 1131 ‚
673 1094 713 1123 ut
744 1084 895 1134 quidam
929 1093 1069 1134 putant.
1122 1086 1179 1122 Ex
1202 1086 1328 1123 Pitana

281 1135 484 1175 ‘Arcesilaus
498 1137 743 1175 Academicus
767 1136 835 1173 fuit
850 1138 936 1185 ‚qui
957 1148 1043 1174 cum
1064 1136 1329 1184 Zenoneapud

281 1187 529 1226 Polemonem
547 1188 686 1226 didicit.
738 1186 909 1224 Tradunt
926 1187 1022 1236 apud
1050 1188 1215 1225 Pitanam
1239 1188 1328 1224 late·

282 1250 338 1276 res
359 1239 462 1288 super
489 1240 589 1288 aquis
617 1239 768 1276 fluitare.
797 1239 963 1276 REGius.
1017 1238 1169 1276 Vetusta
1201 1250 1329 1276 exem-

282 1289 391 1338 plaria
407 1318 416 1333 ‚
445 1291 607 1327 Aeoliam
624 1290 800 1327 Phitanen
815 1302 898 1338 ,per
910 1289 970 1338 ph.
999 1289 1058 1326 Sic
1075 1287 1210 1326 Latine
1224 1317 1234 1334 ‚
1246 1291 1327 1338 opi-

282 1353 353 1378 nor
368 1369 377 1385 ,
406 1341 633 1379 reddendum
662 1340 720 1377 est.
751 1343 877 1389 Atque
895 1349 1117 1388 argumento
1137 1340 1180 1377 fit
1198 1340 1328 1386 βόσπο-

281 1403 355 1436 ρος,
384 1392 487 1441 quod
522 1392 675 1430 verbum
705 1390 839 1428 Latine
868 1391 1000 1429 dicitur
1021 1392 1214 1441 Bosphorus.
1270 1392 1328 1429 Sic

280 1444 392 1480 etiam
429 1439 609 1487 Ε’νιπεῦς,
649 1441 780 1480 Latine
812 1441 1007 1491 Enipheus,
1036 1451 1075 1480 ut
1104 1442 1262 1491 superius
1283 1455 1327 1480 ex

279 1493 427 1531 vetustis
447 1494 543 1531 libris
571 1494 819 1542 probavimus.
872 1493 930 1530 Sic
961 1506 1114 1543 quoque
1143 1494 1326 1539 τρόπαιον,

279 1543 416 1582 Latine
438 1544 656 1594 trophaeum:
688 1546 726 1581 &
750 1544 884 1582 eodem
909 1544 1026 1581 modo
1049 1545 1221 1594 pleraque
1249 1545 1327 1583 alia.

280 1595 323 1632 In
359 1596 426 1633 hac
447 1595 623 1633 sententia
657 1597 704 1633 est
735 1597 846 1633 etiam
877 1596 931 1632 vir
968 1595 1110 1633 summa
1139 1595 1326 1641 doctrina,

281 1654 390 1694 atque
431 1647 554 1684 omnis
588 1648 811 1696 antiquitatis
851 1646 1090 1695 inteligentia
1128 1647 1327 1694 praestans,

280 1695 432 1733 Fulvius
456 1697 626 1735 Ursinus:
657 1699 694 1735 ὃς
716 1699 772 1734 Μ.
794 1697 984 1735 Antonius
1003 1697 1250 1742 Gadaldinus,
1268 1699 1327 1736 lit-

280 1754 439 1784 terarum
470 1749 693 1786 Graecarum
726 1749 781 1786 vir
808 1748 903 1785 bene
936 1749 1081 1796 peritus.
1111 1749 1321 1786 (nonnus.

277 1797 453 1835 Aeoliam
473 1798 591 1841 addit,
620 1801 704 1848 quia
722 1799 789 1836 alia
812 1798 849 1835 in
872 1800 1080 1842 Laconica,
1101 1799 1145 1836 de
1160 1812 1231 1848 qua
1253 1801 1324 1838 vid.

280 1847 403 1885 Schol.
435 1849 580 1885 Pindari
608 1850 670 1886 od.
699 1850 856 1898 Olymp.
885 1861 942 1887 vr.
970 1850 1030 1896 46.
1059 1851 1097 1887 ὃς
1116 1850 1250 1899 Spanh.
1277 1853 1323 1890 ad

281 1898 429 1936 Callim.
446 1899 562 1947 Hym.
577 1902 612 1936 in
624 1900 733 1937 Dian.
751 1912 832 1945 172.

331 1961 415 1999 357.
445 1950 631 1999 Reliquit.]
663 1951 840 2001 Relinquit
863 1952 1046 1990 meliores.
1072 1953 1294 1992 Ι-ΙΕιΝεως.Α

330 2000 415 2048 358.
440 2003 611 2050 Fabiaque
627 2001 667 2038 de
684 2002 809 2050 sexa]
838 2004 1156 2052 Metamorphosin
1177 2005 1321 2053 serpen-

275 2051 321 2088 tis
340 2053 376 2089 in
398 2051 554 2099 lapidem
581 2051 703 2100 signat.
756 2053 834 2090 Hic
855 2062 978 2091 autem
1002 2054 1146 2092 videtur
1169 2054 1238 2092 effe
1260 2057 1320 2094 ille

273 2100 398 2139 Draco
414 2130 424 2146 ‚
452 2104 515 2150 qui
544 2103 783 2150 spectantibus
804 2105 1033 2142 Graecorum
1053 2105 1202 2143 ducibus
1224 2107 1321 2155 apud

273 2152 450 2206 Aulidem
470 2153 683 2201 iignificavit
703 2154 851 2192 decimo
872 2156 1021 2193 tandem
1044 2168 1142 2193 anno
1157 2157 1317 2206 Trojain

272 2202 343 2240 elle
364 2204 579 2252 capiendam
595 2232 603 2247 ‚
634 2204 715 2242 cuin
738 2207 837 2243 enim
859 2207 895 2244 in
917 2207 1084 2244 arborem
1095 2207 1319 2253 ascendiffet,

273 2254 311 2290 in
332 2266 402 2303 qua
425 2255 650 2293 avicularum
675 2256 779 2294 nidus
802 2265 876 2294 erat
899 2285 909 2302 ,
935 2269 1076 2295 novem
1107 2258 1225 2306 pullos
1245 2261 1318 2307 pri-

272 2315 376 2341 muni
399 2334 407 2344 .
435 2306 568 2344 deinde
597 2319 729 2345 eorum
761 2318 918 2345 matrem
939 2308 1144 2346 devoravit.
1197 2311 1317 2357 Quod

273 2366 357 2409 cum
387 2356 526 2393 vidisset
545 2358 716 2400 Calchas,
745 2359 895 2396 decimo
918 2358 1072 2397 demum
1096 2371 1196 2397 anno
1214 2360 1316 2398 Tro-

268 2416 344 2451 Jarn
371 2408 446 2454 capi
470 2406 568 2454 poil'e
589 2409 777 2455 praedixit.
817 2409 970 2458 Serpens
991 2422 1080 2447 vero
1101 2411 1157 2447 illa
1176 2411 1222 2448 ad
1236 2424 1315 2460 per·

274 2459 488 2512 psiuinirei
511 2461 732 2496 memoriam
754 2461 789 2497 in
818 2460 960 2497 saxeam
981 2461 1164 2499 Draconis
1184 2463 1315 2511 imagi-

273 2515 358 2541 netn
383 2511 449 2543 ruit
468 2519 708 2547 commutata.
737 2512 899 2549 Remus,
929 2512 1149 2560 Regiushoc
1167 2513 1254 2550 loco
1268 2514 1313 2551 de

275 2554 658 2612 Dixigoneqiiiteliigit,
686 2563 749 2609 qui
767 2575 882 2599 annos
905 2563 989 2600 belli
1011 2563 1171 2612 Trojani
1198 2565 1312 2601 Grae-

273 2615 322 2641 cis
351 2610 571 2661 ligiiiiicavit.
600 2610 644 2647 de
669 2623 744 2659 quo
779 2613 968 2651 Homerus
996 2614 1056 2650 lib.
1088 2627 1132 2651 11.
1179 2615 1312 2653 Iliados

271 2666 455 2692 meminit.
508 2658 578 2696 Sed
608 2671 782 2708 repugnat
801 2663 915 2701 locus.
968 2665 1067 2702 Nam
1089 2666 1237 2710 Draco,
1267 2667 1313 2704 de

270 2717 349 2754 quo
371 2706 465 2754 apud
486 2708 699 2746 Homerum
727 2711 878 2757 dicitur,
916 2716 951 2751 in
980 2715 1116 2753 Aulide
1153 2728 1311 2754 conver-

269 2756 423 2812 sus-fuit.
452 2758 611 2795 Ovidius
628 2769 750 2797 autem
773 2762 836 2799 hic
865 2765 902 2800 in
921 2764 1160 2813 descriptione
1179 2767 1310 2806 littoris

271 2807 447 2849 Asiatici,
474 2820 552 2844 nou
573 2810 728 2852 Graeci,
757 2811 829 2848 sive
863 2813 1028 2851 Boeotici
1052 2843 1062 2859 ,
1089 2817 1209 2855 adhuc
1226 2831 1309 2856 ver-

269 2857 373 2895 satur.
428 2860 555 2906 Quare
590 2871 659 2907 ego
691 2861 734 2897 de
770 2862 904 2899 Lesbio
932 2865 1119 2911 serpente,
1155 2868 1201 2904 de
1228 2881 1305 2917 quo

271 2909 383 2946 etiam
407 2908 500 2946 infra
526 2921 583 2946 xi.
612 2910 669 2957 58.
698 2913 840 2948 mentio
861 2912 899 2948 fit
915 2915 1214 2961 ‚intelligendum
1229 2930 1307 2955 ma-

268 2959 322 3006 gis
343 2968 454 3007 puto:
484 2961 547 3009 qui
572 2960 827 3009 quodOrphei
849 2972 955 3010 caput
973 2991 982 3005 ,
1010 2964 1047 3000 in
1062 2965 1229 3002 Hebrum
1244 2967 1304 3003 ab-

262 3009 406 3057 jec‘tuni
422 3039 431 3052 .
461 3012 499 3047 &
519 3010 564 3048 ad
587 3012 747 3049 Lesbum
770 3012 854 3049 inde
873 3012 1034 3050 delatum
1057 3015 1194 3051 violare
1206 3028 1306 3053 mor-

266 3059 305 3096 sii
327 3060 496 3099 voluisset
517 3088 528 3106 ,
555 3061 598 3099 ab
626 3063 799 3111 Apolline
828 3063 864 3100 in
895 3063 1019 3101 saxum
1041 3072 1199 3102 mutatus
1227 3067 1308 3104 fuit.

268 3111 367 3148 Nam
397 3113 535 3150 Lesbus
561 3112 673 3150 insula
707 3113 888 3161 potissima
918 3125 995 3162 pars
1031 3114 1189 3152 AEolidis
1216 3116 1306 3162 fuit,

266 3169 307 3197 ut
329 3164 438 3200 etiam
473 3162 600 3201 Strabo
622 3163 780 3201 testatur.
818 3163 930 3201 Unde
954 3166 992 3201 ὃς
1016 3164 1185 3213 Sappho,
1214 3178 1309 3215 quae

268 3210 398 3250 Lesbia
422 3216 512 3258 suit,
552 3214 596 3251 ab
628 3214 789 3252 Horatio
817 3215 942 3251 Aeolia
965 3215 1081 3264 puella
1098 3216 1309 3264 appellatur.

264 3258 490 3302 Miciuus.
519 3265 777 3306 Grammaticis
797 3266 826 3305 is
847 3267 989 3315 serpens
999 3266 1232 3316 accipiendus
1254 3269 1310 3319 vi-⁴

2199 526 2425 619 Quaque

1387 674 1515 720 detur,
1542 675 1607 725 qui
1636 673 1784 711 Graecis
1805 675 1845 712 in
1866 672 2002 712 Aulide
2019 671 2426 724 sacrificantibusprodi÷

1385 726 1449 775 gio
1472 726 1565 771 fuit,
1592 734 1682 765 tunc
1709 737 1793 763 cum
1815 726 1853 763 in
1882 724 2071 774 platanum
2101 735 2183 762 arae
2211 724 2427 766 incumben-

1384 785 1462 815 tem
1489 777 1621 826 repsit,
1648 775 1875 826 pafferesque
1892 775 2004 820 osto,
2041 776 2249 814 &matrem
2269 775 2426 827 denique

1383 828 1708 877 supervolitantem
1735 827 1887 865 laniavit
1908 855 1919 872 ‚
1955 828 1993 864 in
2025 825 2238 876 filicemque
2262 826 2428 876 obriguit.
2465 843 2469 849 ·

1382 880 1484 918 Nota
1497 892 1550 918 res
1564 892 1610 917 ex
1623 878 1783 917 secundo
1797 878 1928 916 Iliados
1958 879 1971 920 ζ
1986 877 2041 926 cuj
2049 889 2087 915 us
2104 878 2223 915 versus
2236 889 2298 927 per
2310 880 2426 919 otium

1381 942 1401 968 a
1421 931 1457 968 se
1480 931 1675 969 conversos
1703 929 1814 967 refert
1840 930 1879 966 in
1898 941 1944 966 11.
1966 927 2012 966 de
2032 929 2159 966 Divin.
2179 929 2235 966 M.
2257 929 2428 978 Tullius)

1384 982 1424 1019 &
1445 982 1588 1020 Ovidio
1607 995 1679 1020 xix.
1704 983 1863 1018 Metam.
1889 981 2033 1018 Verum
2053 980 2235 1028 quoniam
2254 981 2430 1030 haec‘ipsa

1384 1033 1597 1082 conjestura
1622 1033 1810 1077 nituntur,
1847 1040 1959 1081 atque
1989 1031 2057 1069 alia
2081 1029 2227 1068 fortasse
2248 1031 2368 1069 fabula
2386 1031 2430 1071 fi-

1381 1084 1545 1133 gnificari
1575 1084 1691 1133 potest
1712 1112 1722 1128 ‚
1760 1082 1850 1121 illud
1881 1082 2173 1127 affirmaverim,
2210 1081 2236 1119 fi
2263 1081 2429 1123 alterutra

1383 1146 1508 1172 earum
1533 1134 1573 1172 fit
1593 1136 1757 1183 legitima
1778 1134 1938 1183 putanda
1952 1162 1961 1178 ‚
1989 1145 2098 1171 verae
2117 1134 2332 1182 propiorem
2346 1132 2429 1180 effe,

1383 1194 1493 1235 quam
1519 1185 1584 1234 ipfi
1604 1186 1649 1223 ad
1666 1186 1868 1233 libr.x1.56.
1884 1185 2073 1223 attulimus
2089 1212 2098 1227 ‚
2126 1184 2277 1233 quando
2300 1184 2382 1223 loca
2393 1185 2430 1235 iel

1382 1245 1550 1285 arguunt.
1578 1237 1639 1274 Est
1660 1237 1760 1274 enim
1785 1237 1915 1274 Aeolis
1935 1236 2059 1273 Lesbo
2078 1235 2225 1273 adversa
2240 1261 2254 1281 ,
2273 1236 2363 1274 utin
2374 1243 2432 1278 ομ,

1383 1287 1469 1325 dine
1487 1288 1590 1326 aliter
1608 1289 1767 1326 omnino
1784 1287 1961 1325 recenseri
1982 1299 2060 1325 non
2082 1287 2285 1324 debuerint.
2312 1286 2433 1330 Acce-,i
2482 1307 2483 1330 3

1384 1338 1437 1375 dit
1457 1341 1569 1376 etiam
1596 1340 1699 1388 quod
1724 1340 1811 1376 citra
1842 1348 2015 1388 tempora
2039 1336 2208 1388 Trojana
2233 1366 2243 1382 ,
2279 1338 2318 1376 ὃ(
2347 1350 2442 1396 euml:-
2482 1338 2483 1344 ’

1384 1390 1553 1427 nondum
1577 1391 1790 1441 conjuratae
1811 1391 1910 1428 mille
1928 1400 2040 1428 naves
2056 1390 2094 1426 in
2113 1388 2248 1427 Aulide
2259 1389 2441 1429 consedis-·
2481 1395 2483 1437 ξ

1385 1440 1462 1478 sent
1475 1470 1483 1484 ,
1502 1441 1661 1479 sublimis
1681 1452 1781 1489 rapta
1807 1442 1945 1479 Medea
1966 1440 2171 1479 monstrum
2196 1441 2234 1478 id
2253 1441 2437 1489 despicere·
2481 1452 2483 1486 1

1691 1494 1833 1541 Orphei
1865 1502 1989 1530 autem
2026 1503 2126 1529 mors
2160 1503 2206 1529 an
2237 1492 2431 1540 contigerit
2481 1491 2483 1530 ζ

1384 1504 1462 1529 non
1502 1494 1635 1542 potuit.

1925 1540 2128 1592 Contigiffe
2163 1551 2260 1580 certe
2300 1544 2433 1592 potuit.

1384 1551 1463 1580 tum
1495 1544 1646 1593 quidem
1675 1545 1867 1582 nesciinus.
2480 1553 2483 1588 1

1384 1595 1484 1632 Nam
1509 1595 1711 1633 Firmianus
1732 1596 1766 1632 in
1790 1595 1821 1632 I.
1842 1596 1972 1632 Divin.
1989 1595 2067 1632 lnst.
2083 1606 2167 1631 cum
2181 1593 2312 1632 dixerit
2331 1592 2434 1633 fuisse
2480 1596 2483 1625 1

1386 1645 1581 1694 Orpheum
1614 1659 1677 1695 per
1703 1646 1832 1684 eadem
1855 1647 1931 1683 fere
1959 1656 2153 1694 tempora,
2187 1645 2317 1694 quibus
2335 1645 2431 1684 Fau·
2479 1631 2483 1687 1

1382 1708 1449 1734 nus
1469 1724 1479 1739 ‚
1507 1697 1688 1735 dubitavit
1711 1699 1747 1733 8<
1770 1698 1842 1746 ipse
1863 1698 1943 1747 quis
1963 1706 2080 1735 aetate
2102 1695 2338 1745 praecesserit.
2377 1697 2431 1734 si·
2479 1692 2482 1749 1

1382 1748 1521 1797 quidem
1544 1777 1554 1792 ,
1581 1748 1725 1797 inquit,
1762 1758 1820 1798 per
1851 1749 1978 1797 eosdem
2008 1761 2117 1785 annos
2152 1747 2300 1783 Latinus
2325 1747 2429 1784 Pria·
2478 1772 2481 1812 Ι

1381 1802 1523 1847 musque
1556 1810 1758 1847 regnarunt.
1805 1807 1892 1836 Item
1915 1810 2032 1849 patres
2061 1811 2178 1834 eorum
2208 1804 2350 1834 Faunus
2383 1808 2427 1838 <9¹
2477 1814 2480 1873 Β

1379 1850 1583 1887 Laomedon.
1613 1853 1691 1898 Qo
1710 1861 1875 1898 regnante
1894 1850 2047 1898 Orpheus
2058 1863 2136 1886 cum
2159 1848 2373 1896 Argonautis
2383 1849 2431 1886 ad
2478 1879 2480 1882 .

1380 1899 1554 1950 Ilienfium
1586 1901 1670 1937 litus
1701 1901 1839 1949 acceffit.
1879 1903 2022 1938 Verum
2052 1911 2094 1936 ea
2125 1898 2355 1942 observatio,
2384 1908 2425 1939 ut
2474 1900 2479 1982 Ι

1377 1951 1482 1989 ullius
1506 1954 1578 1989 hoc
1598 1953 1694 1999 apud
1715 1952 1897 1989 Ovidium
1918 1951 1991 1988 loci
2015 1951 2202 1987 momenti
2220 1951 2341 1993 est,ita
2354 1950 2426 1989 sae·
2475 1986 2477 1992 .

1375 2013 1422 2050 pe
1441 2004 1551 2040 etiam
1564 2004 1695 2041 nullius
1716 2002 1786 2040 esse
1808 2031 1818 2046 ‚
1846 2001 1971 2040 videre
1993 2003 2040 2038 est
2061 2000 2156 2048 apud
2168 2000 2326 2046 Poetas,
2345 2003 2428 2051 qui·
2475 1997 2477 2007 '

1378 2054 1442 2090 bus
1460 2055 1678 2104 plerumque
1698 2054 1812 2092 moris
1835 2054 1883 2090 est
1898 2081 1908 2097 ‚
1937 2060 1976 2090 ut
1994 2053 2075 2089 loca
2092 2052 2306 2090 transferant
2321 2081 2330 2097 ‚
2344 2065 2426 2102 per-

1376 2104 1480 2142 sonas
1512 2106 1695 2143 invertant
1715 2134 1725 2149 ,
1762 2106 1933 2142 ordinem
1968 2101 2223 2145 confundant,
2251 2111 2423 2150 tempora

1377 2163 1604 2202 praetereant
1619 2185 1627 2199 ‚
1650 2157 1863 2193 nominibus
1884 2156 2090 2192 abutantur.
2115 2153 2432 2193 MARIANGELUS·
2471 2169 2475 2190 ι

1375 2205 1613 2244 Accunsrus
1632 2208 1667 2245 in
1690 2208 1872 2245 Diatribis.
2470 2211 2474 2244 1

1428 2269 1510 2306 359.
1541 2260 1750 2308 Idaeumque
1773 2256 1939 2306 nemus.]
1980 2255 2058 2294 idas
2077 2255 2165 2294 duas
2186 2253 2256 2292 effe
2281 2265 2428 2302 certum¹
2466 2247 2474 2346 1

1374 2308 1451 2345 est:
1482 2309 1649 2347 Alteram
1678 2311 1715 2346 in
1749 2311 1857 2346 Creta
1882 2337 1892 2352 ‚
1926 2308 2076 2345 alteram
2117 2308 2154 2345 in
2184 2307 2349 2355 Phrygia.
2376 2309 2422 2349 de

1372 2358 1530 2409 Phrygia
1552 2373 1651 2398 nunc
1666 2360 1812 2398 videtur
1829 2363 1942 2409 poe'ta
1962 2358 2103 2396 sentire.
2132 2359 2302 2395 Remus.
2468 2349 2472 2393 1

1426 2421 1509 2459 359.
1538 2414 1617 2459 Qo
1647 2411 1726 2447 nati
1740 2410 1894 2460 furta.]
1934 2410 2145 2458 Thyoneus
2171 2408 2305 2446 Bacchi
2325 2409 2416 2450 filius
2464 2394 2472 2446 1

1372 2461 1439 2507 (ut
1468 2462 1618 2511 quidam
1647 2463 1772 2511 ajunt)
1795 2463 2003 2510 juvencum
2028 2460 2193 2509 Phrygiis
2222 2460 2418 2507 pastoribus
2466 2429 2471 2508 1

1370 2511 1562 2560 abegerat:
1592 2525 1677 2551 eum
1702 2525 1785 2550 cum
1808 2513 1963 2561 pastores
1981 2510 2306 2559 persequerentur,
2328 2511 2417 2551 Bac·
2464 2510 2469 2574 1

1370 2562 1457 2600 chus
1470 2564 1704 2613 Thyoneum
1722 2564 1923 2612 quidemin
1942 2571 2158 2599 venatorem
2174 2588 2184 2604 ,
2211 2561 2413 2607 juvencum
2464 2577 2468 2611 ι

1368 2625 1458 2651 vero
1481 2616 1519 2651 in
1548 2627 1698 2652 cervum
1732 2615 1916 2651 convertit
1940 2641 1950 2657 ,
1978 2612 2080 2661 quod
2111 2624 2196 2650 cum
2217 2612 2335 2651 rustici
2359 2615 2427 2653 vi·

1368 2663 1497 2701 diffent
1509 2692 1518 2708 ,
1535 2663 1555 2702 a
1568 2664 1820 2714 persequendo
1834 2664 2028 2714 Thyoneo
2040 2662 2263 2700 destiterunt.
2276 2663 2412 2714 Thyo-
2463 2615 2467 2711 1

1367 2726 1457 2752 neus
1476 2724 1600 2753 autem
1623 2716 1783 2753 Bacchus
1813 2727 1965 2764 quoque
1984 2714 2115 2751 dicitur
2134 2712 2153 2751 a
2172 2713 2341 2763 Thyone
2354 2717 2411 2755 vel

1367 2775 1505 2810 matre,
1524 2766 1583 2803 vel
1603 2767 1744 2804 nutrice
1759 2794 1769 2810 ,
1796 2765 1856 2803 vel
1885 2767 1950 2813 (ut
1972 2764 2124 2814 quidam
2149 2764 2284 2813 ajunt)
2313 2769 2411 2813 παρὰ

1367 2817 1410 2853 τὸ
1432 2815 1536 2859 θύειν,
1573 2817 1648 2855 hoc
1664 2817 1736 2861 est,
1766 2815 2044 2853 asacrificando.
2073 2816 2237 2853 Remus.
2275 2816 2407 2866 Neque

1363 2867 1408 2904 de
1425 2869 1493 2905 hac
1517 2867 1636 2906 fabula
1658 2868 1741 2906 alibi
1763 2869 1894 2905 certius
1911 2866 2047 2916 aliquid
2058 2866 2305 2915 exstat‚quod
2326 2869 2406 2917 qui·
2460 2844 2464 2898 1

1363 2918 1448 2954 dem
1479 2931 1549 2967 ego
1568 2919 1691 2956 sciam.
1747 2918 1825 2956 Nisi
1859 2917 1963 2967 quod
1992 2917 2142 2965 Thyonei
2172 2919 2283 2954 etiam
2304 2919 2403 2956 Acro
2460 2901 2463 2940 1

1363 2970 1538 3004 meminit
1563 2969 1598 3005 in
1626 2981 1682 3015 17.
1711 2969 1823 3006 Oden
1846 2969 1907 3007 lib.
1930 2982 1956 3006 1.
1979 2969 2061 3005 Car.
2089 2968 2260 3012 Horatii,
2287 2967 2402 3007 filium
2456 2941 2462 3167 ι

2454 3369 2455 3385 1

1362 3016 1495 3054 Bacchi
1516 3017 1640 3055 dicens
1660 3048 1669 3061 ,
1698 3028 1836 3066 patrem
1858 3019 2043 3057 Thoantis
2059 3047 2068 3063 ,
2096 3019 2172 3067 ejus
2194 3019 2257 3066 qui
2282 3018 2404 3067 Hipsi-

1362 3067 1473 3114 pylen
1495 3069 1646 3115 genuit,
1674 3068 1909 3118 regnafl'eque
1930 3071 1967 3106 in
1990 3069 2102 3107 insula
2122 3068 2232 3105 Chio.
2284 3069 2401 3117 Quod

1361 3116 1425 3154 hic
1445 3117 1601 3166 adjicere
1627 3118 1754 3163 libuit,
1792 3120 1865 3157 loci
1888 3120 2113 3168 potiffiinurn
2136 3119 2248 3156 causa.
2301 3120 2400 3158 Nam

1364 3167 1500 3215 Regius
1520 3168 1690 3206 locorum
1710 3180 1753 3207 ac
1774 3172 1970 3218 regionum
1999 3168 2168 3207 ordinem
2200 3170 2237 3206 in
2258 3169 2326 3207 hac
2345 3171 2403 3208 iti-

1364 3220 1458 3255 neris
1492 3217 1734 3267 descriptione
1765 3232 1892 3267 parum
1919 3220 2058 3268 alioqui
2080 3218 2281 3257 observasse
2305 3219 2405 3257 vide-

1364 3275 1433 3308 tur.
1469 3269 1690 3311 Micruus.
1744 3272 1854 3321 Quae
1871 3270 2008 3320 Regius
2021 3269 2068 3323 de
2086 3270 2281 3321 Thyoneo
2298 3277 2403 3357 nptat

2344 3329 2402 3358 ere
