2483 3616
271 98 1879 187 METAMoRPHOSEONLmvu

2050 115 2154 197 ‘541

313 229 506 300 Deque
529 221 635 278 fide
661 216 839 292 questa
864 216 961 272 est:
1005 217 1060 272 &-
1085 219 1308 275 crimine
1333 221 1544 275 concita
1568 240 1732 286 vam,

171 303 271 368 830
309 299 475 372 Quod
496 293 626 349 nihil
649 291 750 355 est,
789 290 1012 354 metuit;
1052 293 1244 347 metuit
1273 293 1378 348 fine
1402 311 1630 367 corpore
1655 313 1876 351 nomen:

310 373 383 428 Et
403 368 555 423 *dolet
578 364 765 419 infelix
790 364 954 419 veluti
981 364 1049 418 de
1076 366 1266 437 pellice
1295 369 1434 421 vera.

304 446 467 513 Saepe
497 453 672 492 tamen
700 437 939 498 dubitat;
979 437 1259 512 speratque
1285 439 1576 494 miserrima
1603 441 1731 495 falli:

300 514 611 584 Indicioque
635 510 801 564 fidem
825 522 1018 580 negat3
1063 511 1146 575 &,
1184 510 1277 565 nifi
1300 511 1495 566 viderit
1520 513 1653 584 ipsa,

302 588 627 642 Damnatura
648 583 724 637 sui
750 600 858 637 non
883 582 957 636 est
983 581 1172 637 delicia
1197 583 1386 638 mariti.

167 663 262 731 835
299 659 514 732 Postera
539 658 853 728 depulerant
879 659 1124 710 Aurorae
1151 657 1350 712 lumina
1375 656 1621 722 noetem3

300 732 597 804 Egredior‚
636 729 887 811 filvasque
913 742 1067 800 peto:

1108 730 1386 804 vietorque
1412 749 1508 804 per
1536 730 1752 801 herbaS‚

301 809 448 860 Aura
476 804 627 865 veni,
667 803 808 865 dixi,
848 800 1136 873 nostroque
1161 803 1378 858 medere
1403 805 1582 860 labori.

300 877 372 933 Et
398 877 569 932 subito
597 877 825 948 gemitus
852 876 991 930 inter
1018 893 1134 927 mea
1158 875 1317 929 verba
1339 876 1558 932 Videbar

296 951 491 1006 Nescio
518 968 654 1024 quos
680 947 891 1004 audisse.
967 946 1141 1010 Veni,
1179 961 1388 1011 tamen,
1430 952 1661 1023 optima,
1699 949 1827 1004 dixi.

161 1023 259 1094 840
296 1023 515 1079 Fronde
541 1026 715 1078 levem
739 1021 912 1078 rursus
937 1020 1214 1091 strepitum
1239 1021 1466 1076 faciente
1492 1023 1723 1087 caduca,

299 1097 428 1151 Sum
459 1112 600 1150 ratus
628 1094 730 1150 effe
756 1095 949 1149 feram:
993 1095 1268 1166 telumque
1298 1095 1505 1150 volatile
1532 1096 1660 1150 mifi.

298 1170 512 1224 Procris
536 1183 675 1223 erat:
718 1168 1010 1241 medioque
1038 1182 1222 1220 tenens
1249 1167 1303 1220 in
1330 1167 1547 1238 peetore
1575 1170 1791 1232 vulnus,

298 1242 412 1297 Hei
437 1241 590 1295 mihi!
635 1243 946 1296 conclamat.
984 1257 1092 1293 vox
1104 1238 1179 1292 est
1204 1240 1291 1293 ubi
1320 1240 1534 1311 cognita
1558 1241 1695 1294 fidae

299 1314 590 1386 Conjugis;
630 1313 698 1368 ad
725 1332 918 1369 vocem
941 1328 1193 1386 praeceps
1219 1330 1508 1386 amensque
1536 1315 1762 1369 cucurri.

20 1551 21 1554 ¹
75 1538 157 1588 833.
182 1542 355 1587 speratque
383 1533 577 1583 miserrima
608 1533 722 1584 sallel]
771 1534 885 1572 Multi
906 1534 1052 1573 codices

20 1583 133 1628 'etiam
154 1600 197 1626 ex
224 1587 469 1626 vetustioribus
494 1614 503 1629 ‚
531 1586 721 1635 metuitque
747 1585 940 1633 miserrima
954 1584 1054 1632 salli.

20 1652 118 1679 ¹unus
138 1647 241 1689 atque
259 1638 356 1682 alter,
369 1636 551 1686 creditque.
563 1637 707 1684 vulgata
728 1636 897 1684 scriptura
910 1637 1053 1684 optime

32 1690 62 1728 se
79 1690 193 1727 habet.
219 1689 266 1726 ita
284 1690 320 1726 δε
344 1689 471 1725 Atticis
495 1686 661 1734 ἐλπίζειν
691 1688 730 1724 in
750 1686 885 1724 malam
905 1687 1055 1735 ponitur

20 1749 177 1789 spartem.
204 1740 344 1777 Notum
366 1738 454 1776 illud
478 1739 666 1776 Maronis:

75 1816 128 1851 At
143 1814 273 1864 sperare
297 1814 370 1852 deos
393 1827 554 1852 memores
564 1812 674 1861 fandi
687 1822 792 1862 atque
812 1812 967 1861 nefandi·

22 1879 93 1925 Et,

76 1949 175 1980 Hunc
196 1957 248 1992 ego
265 1943 297 1992 si
307 1955 447 1998 tamum
465 1944 560 1994 potui
571 1945 706 1993 sperare
724 1941 883 1979 dolorem.

31 2010 272 2050 Tertullianus
289 2014 334 2050 de
353 2014 463 2051 Pallio
479 2043 489 2058 ,
515 2016 578 2064 qui
597 2014 687 2052 liber
710 2013 927 2051 Graecismis
945 2013 991 2051 est
1003 2024 1059 2051 re-

21 2062 158 2099 fertus:
174 2065 250 2109 930
271 2063 377 2111 magis
397 2064 435 2100 de
451 2065 623 2102 montibus
637 2065 709 2112 suis
728 2066 923 2113 Campania
933 2068 1059 2113 speret,

22 2113 234 2159 *metuatthi
253 2112 277 2148 ιὶ
300 2115 445 2160 Vesuvio.
475 2115 676 2164 Spartianus
703 2115 738 2152 in
771 2116 887 2153 Didio
903 2116 1061 2160 Juliano.

22 2161 96 2198 Sed
119 2160 290 2216 Julianus
313 2166 446 2210 sperans
468 2164 595 2214 laesum
614 2167 790 2213 fautorem
804 2167 943 2212 Severi,
965 2164 1062 2215 suffit

21 2212 111 2248 {eum
133 2211 248 2248 occtdi.
275 2212 419 2250 Hiems.
1046 2251 1049 2253 .

22 2287 23 2319 }
84 2262 169 2318 835.
196 2261 442 2312 Depulerant.]
495 2265 681 2314 Deplerant
708 2280 751 2305 ex
772 2269 876 2307 MSS.
896 2268 1062 2306 Gebhar-

21 2311 120 2362 idus,
146 2313 207 2350 lib.
236 2323 298 2349 121.
321 2312 430 2361 Crep.
449 2325 507 2361 23.
532 2316 688 2365 quijure
706 2330 752 2355 eo
768 2321 924 2358 nomine
949 2331 1062 2368 vapu-

22 2363 84 2404 ¹lat
101 2362 247 2400 Barthio
266 2363 310 2400 ad
334 2363 419 2401 Stat.
439 2363 500 2401 lib.
522 2377 548 2400 1.
572 2367 694 2415 Achil.>
707 2368 740 2405 8.
775 2370 864 2407 nihil
883 2371 1062 2418 vulgatius

22 2412 157 2450 :Po'etis
178 2440 188 2457 ,
215 2424 327 2462 quarn
356 2414 541 2451 Auroram
563 2417 686 2464 fugare
713 2419 750 2454 ὃς
784 2419 903 2465 pellere
941 2421 1062 2458 fidera.

22 2462 133 2502 *Vide
151 2463 253 2512 supra
272 2465 308 2501 h.
333 2464 356 2501 1.
378 2464 426 2501 vs.
453 2467 583 2502 roo&
608 2478 698 2503 mox
721 2468 813 2504 libro
832 2469 1005 2518 sequente
1024 2473 1063 2509 in

22 2513 236 2562 principio,
266 2515 304 2551 &
335 2515 462 2553 millies
489 2516 583 2553 alibi.
622 2516 694 2554 vid.
724 2517 766 2555 ad
793 2518 852 2555 lib.
875 2531 901 2556 1.
933 2523 1066 2559 Amor.

38 2574 120 2602 xm.
134 2564 189 2601 28.
217 2564 414 2613 depulerant
423 2579 586 2603 auroram
607 2566 743 2604 lumina
756 2585 765 2605 .-
780 2571 871 2604 noste
892 2571 1064 2618 Egrediw,

22 2612 222 2653 'Mediceus
251 2617 287 2652 ὃς
317 2615 477 2653 Florent.
518 2617 552 2654 S.
575 2618 703 2655 Marci.
757 2620 959 2668 Progradior
984 2619 1066 2661 tert.

40 2663 136 2702 Med,
154 2667 341 2715 progredior
367 2666 466 2704 alius.
495 2667 624 2704 Eum.
1016 2677 1018 2679 ’

89 2715 172 2764 839.
200 2719 278 2752 Veni
318 2727 436 2754 tamen
464 2718 590 2767 optima
621 2718 773 2769 dicens]
828 2720 870 2759 In
888 2722 1066 2762 ambobus

39 2766 148 2810 meis,
175 2768 300 2816 optima
320 2767 424 2805 dixit.
452 2768 668 2806 Crorauus.
702 2771 834 2809 Melius
856 2772 899 2809 ad
924 2773 1065 2812 sensum

40 2814 233 2861 Palatinus,
262 2819 342 2854 Veni
370 2828 488 2855 tamen
514 2823 641 2868 optima
669 2820 766 2865 dixi,
811 2823 938 2858 Fronde
956 2824 1066 2860 levem

41 2868 160 2913 rursus.
190 2868 292 2905 DAN.
313 2868 523 2906 Hernsrus.
576 2870 664 2906 Dixi
687 2872 937 2919 castigatiores.
959 2885 1069 2921 quare

42 2916 146 2972 paulo
165 2926 248 2956 ante
262 2946 273 2961 ‚
298 2923 342 2954 Ut
355 2918 470 2966 subito
484 2928 574 2968 puto
594 2921 821 2958 scribendum
840 2930 907 2970 pro
937 2927 991 2959 Et.
1004 2924 1070 2960 nifi

42 2975 156 3051 rnnasvss
183 2972 236 3054 Esn
256 2980 339 3006 cum
362 2980 437 3006 uno
467 2970 656 3008 Mediceo.
684 2972 829 3009 Herns.
879 2978 936 3009 At
956 2973 1070 3022 subito

21 3043 25 3051 ,
75 3026 196 3053 aieen
215 3029 252 3056 rs.

42 3063 175 3151 net8130.
201 3069 418 3119 Strepitum]
449 3071 624 3109 Gemitum
636 3072 737 3110 Bafil.
764 3072 914 3120 sonitum
939 3073 1070 3111 Thua-

74 3213 80 3219 ἡ
96 3163 176 3209 842..
204 3171 325 3205 Tenens
342 3170 379 3207 in
392 3173 520 3220 pedore
538 3171 706 3222 vulnus]
738 3178 849 3209 Tuens
868 3185 961 3210 unus
986 3174 1070 3210 Me-

47 3212 115 3251 dle.
134 3214 171 3253 &
191 3216 330 3265 postea,
363 3234 433 3258 vox
458 3221 597 3272 prodita
624 3233 690 3272 pro
709 3223 841 3270 cognita
863 3224 1070 3264 chartaceus

1977 1386 2150 1442 Sema-

1107 1531 1244 1582 probae
1267 1540 1379 1571 notae
1400 1531 1438 1571 in
1465 1533 1594 1571 eadem
1609 1533 1844 1573 bibliotheca.
1861 1535 2004 1572 Herus.
2025 1539 2152 1571 Tenens

1108 1584 1147 1621 in
1162 1595 1302 1632 gutture
1314 1586 1453 1631 ferrum
1476 1585 1639 1622 Voffian.

1163 1635 1247 1679 842.
1277 1641 1317 1669 ln
1333 1637 1460 1682 pedore
1480 1634 1650 1684 vulnus.]
1684 1642 1723 1672 In
1736 1646 1877 1684 gutture
1895 1637 2034 1683 ferrum
2055 1635 2153 1673 Vos-

1110 1685 1195 1723 sian.
1214 1684 1317 1734 quod
1342 1686 1496 1722 minime
1515 1687 1717 1734 repudiem.

1165 1736 1248 1784 843.
1276 1740 1339 1771 Hei
1359 1735 1448 1772 mihi
1469 1737 1702 1786 conclamat.]
1733 1738 1773 1774 In
1798 1737 1940 1775 duobus
1967 1738 2082 1780 meis,
2111 1734 2155 1772 Ei

1113 1787 1188 1825 fine
1208 1786 1470 1833 adspiratione,
1500 1787 1545 1824 de
1567 1799 1639 1836 qua
1660 1788 1828 1836 scriptura
1840 1788 1933 1825 alibi.
1963 1789 2004 1825 In
2017 1787 2158 1831 Urfini,

1110 1845 1185 1874 Heu
1205 1837 1304 1873 mihi.
1334 1837 1437 1886 quod
1455 1849 1531 1874 non
1554 1837 1707 1886 sequor;
1737 1839 1779 1873 Ei
1797 1847 1919 1875 autem
1935 1838 2007 1875 fine
2020 1839 2055 1881 h,
2070 1837 2154 1875 ciim

1110 1890 1154 1926 ab
1174 1889 1249 1926 aliis
1282 1899 1493 1936 pronomen
1516 1897 1701 1936 putaretur
1724 1916 1734 1932 ‚
1773 1887 1869 1937 apud
1891 1888 2113 1927 Terentium
2137 1888 2157 1925 ὲ

1113 1939 1240 2029 rsnedio
1270 1938 1448 1977 sublatum
1471 1939 1520 1976 est
1541 1967 1552 1984 ‚
1600 1951 1647 1977 60
1673 1940 1759 1978 loco
1789 1941 1827 1996 in
1847 1939 1988 1977 Andria
2015 1940 2100 1978 Aa.
2125 1950 2157 1978 1.

1129 2003 1162 2029 c.
1192 2002 1224 2028 1.

1425 2062 1454 2092 O
1471 2057 1612 2102 facft'um
1633 2056 1740 2094 bene!

1167 2106 1298 2154 Beasti:
1327 2108 1436 2143 metui
1456 2106 1481 2142 ίι
1501 2106 1674 2156 Chryside.

1116 2175 1171 2214 Ita
1199 2178 1246 2215 est
1268 2180 1305 2216 in
1326 2179 1478 2228 vulgatis
1499 2181 1683 2219 omnibus.
1738 2180 1788 2217 At
1811 2178 1903 2228 apud
1931 2180 2151 2222 priscianum

1116 2228 1177 2266 lib.
1212 2241 1324 2268 vrrr.
1362 2232 1399 2270 ὃς
1433 2233 1470 2269 in
1493 2232 1668 2280 impreffis
1707 2232 1744 2269 δε
1764 2232 1894 2280 scriptis
1916 2230 2012 2270 libris
2033 2234 2156 2282 aperte

1117 2278 1275 2328 legiturt

1168 2344 1278 2392 Reasti
1291 2362 1301 2382 .·
1329 2346 1359 2383 ei
1377 2346 1486 2384 metui
1505 2345 1529 2383 ὰ
1550 2345 1723 2396 Chryside.

1120 2421 1212 2467 Quo
1242 2422 1360 2460 modo
1393 2423 1525 2471 legitur
1553 2423 1591 2460 δε
1624 2424 1660 2459 in
1687 2421 1826 2459 duobus
1846 2421 1912 2459 illis
1930 2422 2078 2470 optimis
2116 2434 2158 2461 ac

1119 2470 1289 2509 vetustiff.
1315 2473 1502 2511 Terentiis
1532 2473 1737 2510 Vaticanis:
1775 2473 1811 2508 &
1845 2472 1881 2508 in
1903 2473 1974 2509 alio
1993 2474 2158 2522 quodam

1118 2522 1208 2559 item
1229 2522 1373 2572 scripto.
1409 2526 1448 2561 ln
1466 2523 1639 2561 aliolibro
1653 2520 1822 2559 eruditiss.
1841 2522 1988 2566 Galerii,
2001 2524 2159 2562 Heicuin

1120 2572 1360 2620 adspiratione
1377 2576 1546 2624 scriptum
1566 2574 1647 2622 legi.
1676 2573 1796 2610 Miror
1810 2572 1990 2610 Faernum
2007 2603 2015 2617 ,
2039 2575 2161 2612 homi-

1121 2633 1208 2660 nem
1233 2625 1272 2662 &
1292 2626 1475 2664 eruditum
1493 2653 1501 2669 ,
1532 2626 1569 2661 &
1590 2625 1627 2661 in
1654 2624 1708 2661 his
1735 2624 1837 2661 rebus
1857 2624 1892 2661 in
1915 2624 2038 2672 primis
2058 2637 2163 2662 exer-

1123 2674 1276 2713 citatum
1291 2705 1301 2721 ,
1328 2677 1428 2715 hunc
1449 2677 1574 2713 locum
1596 2674 1740 2712 silentio
1753 2673 1969 2723 praeteriisse
1984 2688 1992 2712 :
2006 2676 2067 2724 qui
2083 2675 2163 2712 eos-

1122 2723 1230 2770 dem,
1260 2739 1353 2776 quos
1375 2728 1471 2770 dixi,
1497 2725 1606 2763 libros
1628 2725 1780 2763 evolvit.
1810 2724 1879 2763 Sed
1898 2726 2163 2774 ignoscendum

1122 2775 1305 2814 interdum
1324 2779 1371 2814 est
1386 2806 1396 2821 ,
1425 2777 1448 2814 fi
1470 2776 1557 2826 quid
1570 2805 1580 2821 ‚
1598 2776 1701 2825 quod
1722 2777 1846 2825 magni
1859 2776 1967 2814 refert
1983 2805 1994 2821 ,
2021 2777 2163 2814 omitti-

1122 2833 1190 2862 tur.
1221 2828 1300 2874 Qui
1319 2828 1422 2864 locus
1440 2839 1501 2864 me
1524 2828 1632 2864 etiam
1657 2826 1857 2871 admonet,
1885 2827 2033 2875 quando
2046 2828 2080 2862 in
2095 2836 2164 2872 po-

1123 2874 1324 2913 litiffimum
1357 2877 1572 2919 auctorem,
1599 2885 1709 2926 atque
1738 2877 1782 2915 ad
1799 2878 1959 2924 linguam
1989 2877 2161 2911 Latinam

1126 2926 1397 2971 perdiscendam
1419 2926 1640 2974 aptiffimum
1663 2927 1796 2971 incidi,
1824 2936 1864 2963 ut
1882 2924 2042 2962 studiofis
2062 2931 2162 2970 pate-

1127 2975 1257 3012 faciam
1291 2988 1334 3013 ex
1357 2977 1511 3014 Donato
1530 2977 1803 3015 emendandum
1835 2974 1904 3012 effe
1929 2976 2077 3011 alterum
2104 2972 2161 3007 lo-

1128 3036 1212 3062 cum
1236 3026 1396 3074 ejusdem
1419 3030 1553 3075 poetae
1572 3040 1619 3064 ex
1647 3028 1776 3064 eadem
1799 3024 2019 3076 comoedia.
2046 3021 2160 3075 Scena

1129 3087 1185 3112 11.
1214 3076 1274 3112 ubi
1296 3078 1333 3113 in
1353 3077 1526 3125 imprcffis
1543 3078 1673 3126 legitur
1695 3076 1877 3113 omnibus.
1903 3072 1965 3108 Sed
1983 3071 2054 3105 dtco
2070 3069 2160 3114 teht,

1126 3124 1242 3162 male:
1273 3127 1442 3164 Donatus
1463 3128 1562 3173 enim
1577 3155 1586 3170 ‚
1612 3129 1666 3163 cui
1684 3128 1800 3173 major
1820 3124 1906 3160 fides
1923 3119 2162 3164 esthabenda‚

1127 3186 1316 3222 exponens
1353 3176 1442 3212 illud
1470 3175 1630 3223 ejusdem
1662 3174 1833 3212 comoed.
1860 3171 1927 3207 aa.
1952 3182 2031 3207 111.
2055 3169 2162 3209 scena

1129 3236 1185 3264 11.
1213 3223 1357 3272 Edixinf
1392 3223 1485 3273 tibi?
1523 3226 1775 3274 ‚Interminatus
1798 3225 1879 3270 sum
1901 3247 1911 3266 ,
1931 3233 1971 3258 ne
1994 3221 2124 3269 faceres
2147 3230 2170 3308 Ξ

2045 3280 2143 3319 apert
