2483 3616
251 196 354 272 938

806 344 975 392 ΕΑΒ.

713 142 1267 249 n‘ov1n'11
1338 185 1876 249 NASONIS

1042 337 1829 403 III.·ARGUMENTUM.

1049 436 1287 499 Cercopes
1321 433 1371 479 in
1404 433 1567 483 fimias.

262 562 268 567 ⁷
328 568 345 590 ⁸
368 563 561 623 Cercopes
581 566 751 621 propter
773 557 980 621 fraudent
992 556 1232 621 scelusque,
1265 553 1283 579 b
1307 557 1406 616 quia
1431 553 1702 618 bonifhmper
1725 559 1982 621 infidiatores
1995 561 2205 624 fuerunt,
2239 564 2255 586 ⁶
2269 565 2405 622 perosi
2444 569 2448 573 “
2472 580 2483 588 ·-

261 626 316 676 ub
342 625 483 689 Jove,
516 621 534 649 ‘¹
558 634 632 683 ut,
668 626 832 685 qualem
853 627 1040 671 animum
1064 620 1326 680 habuiſjent,
1361 623 1491 666 talem
1514 621 1569 673 ὣ)
1581 621 1761 682 speciem
1776 623 1864 684 post
1887 626 2041 671 obitum
2064 629 2322 684 indicarent,
2356 629 2403 672 in

249 698 402 757 fimius
434 693 613 751 converst
637 688 761 751 sunt.
829 695 846 715 0
884 691 1032 750 ltaque
1057 687 1274 734 Inarimen
1307 685 1624 748 Prochytenque
1648 686 1805 750 insulas
1821 691 2067 749 proximus,
2099 707 2202 753 quus
2225 692 2270 737 hi
2293 694 2404 737 inco-

263 761 458 818 luerunt,
490 754 504 781 f
536 757 693 802 nomine
705 753 785 816 suo
812 754 1064 815 Pithecusas
1089 752 1282 798 vocavit.
1349 788 1352 791 .
1407 762 1411 766 ·

447 889 512 940 75
707 871 819 922 Aue
844 867 934 921 ubi
960 866 1234 937 Trojanae
1260 866 1423 921 remis
1448 866 1765 939 avidamque
1789 866 2104 939 Charybdin

554 873 692 1009 H
717 942 944 996 Evicere
968 955 1104 995 rates
1127 965 1139 1003 ;
1179 956 1303 992 curn
1325 937 1432 1009 jam
1458 957 1626 1012 prope
1651 942 1772 994 litus
1797 940 2033 995 adessent

554 1015 855 1072 Auionium
873 1058 885 1075 ,
927 1012 1158 1082 Libycas
1183 1029 1348 1066 venio
1373 1012 1679 1067 referuntur
1703 1014 1770 1068 ad
1797 1031 1929 1069 oraS.

556 1088 775 1160 Excipit
801 1086 1015 1142 AEnean
1038 1086 1144 1140 illic
1175 1086 1464 1159 animoque
1489 1086 1766 1161 domoque
1782 1126 1799 1152 ,

316 1311 332 1332 ³
360 1300 551 1352 Cercopes.]
599 1299 794 1351 Cecropides
828 1299 948 1338 Parm.
986 1297 1109 1348 Lugd.
1145 1298 1315 1349 Cercopies

272 1356 353 1393 Mic
370 1355 416 1392 rll.

319 1405 336 1431 b
356 1367 460 1453 5goffia
482 1402 595 1455 ἱππικὴ]
627 1403 726 1441 Bonis
746 1401 883 1440 Colon.
897 1401 1052 1439 Raener.
1066 1400 1103 1437 δε
1116 1400 1318 1450 margMi·

269 1455 353 1507 eyn.
373 1458 411 1493 ὅς
433 1455 531 1493 τεᾶς
545 1483 555 1499 ,
573 1456 694 1495 credo.

319 1514 335 1533 c
362 1505 510 1555 Pemfh]
540 1507 669 1553 Exosus
689 1504 731 1552 est
748 1505 891 1553 Jupiter
920 1503 1065 1540 Omnes
1089 1502 1181 1540 Edd.

322 1555 340 1583 d
366 1563 411 1593 Ut
429 1557 608 1607 qualem]
640 1557 713 1605 Qi
742 1570 819 1592 cum
851 1554 956 1591 vellet
987 1567 1036 1590 eos
1060 1553 1319 1590 convenientem

270 1609 388 1646 animo
401 1607 552 1656 figuram
574 1608 696 1644 habere
710 1635 718 1650 ‚
748 1605 915 1656 infimias
936 1618 960 1642 c.
981 1619 1006 1641 s.
1027 1605 1182 1643 Raener.
1204 1614 1319 1654 paena

272 1660 341 1697 illi,
366 1657 518 1707 impofita
534 1687 543 1702 ‚
573 1670 611 1695 ut
635 1657 772 1708 qualem
797 1668 858 1696 &c
899 1655 1037 1692 Colon.

325 1717 342 1737 e
374 1710 527 1759 ltaque]
562 1710 667 1747 Haec
697 1708 824 1745 ultima
854 1718 931 1743 non
949 1706 1057 1743 habet
1080 1704 1217 1742 Colon.
1248 1711 1321 1742 Ita-

275 1774 339 1809 que
359 1761 398 1796 de
421 1773 540 1796 earum
559 1760 695 1797 nomine
720 1764 820 1804 <nam
844 1758 982 1793 Graecis
996 1754 1257 1804 Pithecossimia
1269 1756 1322 1792 di-

275 1813 366 1848 citur
410 1811 562 1859 insulas,
592 1824 679 1857 quas
710 1809 747 1846 hi
766 1807 1004 1852 incoluerant,
1032 1805 1237 1855 Pythecusas
1258 1820 1321 1843 vo-

278 1862 376 1899 cavit
405 1862 562 1898 Raener.

325 1911 341 1939 f
369 1918 516 1948 Nomine
540 1911 605 1958 suo
637 1909 835 1959 Pithecusas
858 1906 1046 1957 vocavit.]
1082 1907 1155 1945 Vel
1175 1910 1234 1955 suo
1255 1920 1321 1957 pro

278 1976 394 2000 eorum
414 1962 556 2010 posuit,
587 1962 646 1999 vel
665 1971 836 1997 vocarunt
853 1959 1064 2009 legendum.
1092 1959 1239 1996 Veneta
1258 1971 1322 1997 ex-

275 2014 401 2057 hibet,
441 2012 624 2061 Pithecusa
665 2012 801 2049 nomine
824 2012 885 2058 suo
927 2009 1143 2058 Pithecusas¹
1166 2010 1326 2049 vocavit.

274 2063 505 2102 Pithecusam
530 2061 769 2100 eandemesse
781 2070 891 2110 atque
904 2060 1089 2098 Inarimen
1104 2088 1115 2105 ‚
1144 2059 1218 2097 sive
1232 2061 1327 2098 Ena-

277 2116 369 2153 riam
386 2142 396 2157 ‚
423 2114 556 2151 volunt
587 2113 731 2151 Servius
760 2112 805 2150 ad
832 2110 918 2148 AEn.
939 2123 992 2148 xx.
1014 2123 1095 2158 715.
1121 2111 1159 2147 ὅ(
1180 2110 1326 2149 Salmas.

279 2165 325 2203 ad
347 2164 460 2202 Solin.
483 2176 551 2213 pag
583 2176 643 2211 97.
674 2161 840 2201 Diversas
861 2163 998 2199 faciunt
1021 2173 1106 2198 cum
1124 2161 1209 2198 heic
1229 2160 1326 2198 Ovi-

281 2216 386 2259 dius,
413 2227 525 2264 quem
557 2227 633 2252 non
663 2213 763 2252 ῑεὲἶὲ
793 2213 888 2261 cepit
910 2211 1145 2256 Ladantius,
1182 2220 1264 2249 tum
1288 2212 1327 2249 ὃ(

278 2267 382 2304 Mela
412 2266 494 2303 Lib.
515 2278 559 2303 11.
587 2277 664 2312 cap.
689 2277 721 2310 7.
750 2276 821 2302 nec
851 2275 928 2300 non
949 2263 1039 2300 Plin.
1060 2262 1142 2300 Lib.
1164 2274 1227 2300 111.
1249 2274 1328 2311 cap.

282 2318 316 2355 6.
353 2317 546 2365 Perperam
586 2315 783 2357 Πιθηκὶυους
820 2315 936 2355 νήσους
967 2322 1077 2351 vocat
1115 2312 1326 2361 Apostolius

284 2369 393 2405 Cent.
415 2380 467 2405 XI.
484 2379 544 2414 24.
573 2367 634 2405 ubi
657 2367 812 2415 explicat
833 2365 924 2414 quid
943 2363 985 2402 fit
1009 2364 1244 2411 κερκοπέζειν.
1275 2365 1327 2401 Si-

283 2419 372 2456 mile
400 2418 595 2466 adagium,
625 2417 738 2463 ἀγορᾶ
770 2417 974 2461 κερκώπων,
1006 2416 1051 2454 de
1078 2427 1155 2464 quo
1185 2415 1330 2453 Zenob.

285 2469 392 2506 Ceut.
420 2481 450 2506 t.
475 2482 505 2516 ς.
530 2470 567 2506 &
585 2469 699 2517 Diog.
730 2479 804 2517 1·3-
832 2467 1052 2504 MUNCKER.
1082 2466 1182 2503 Cum
1203 2466 1329 2503 Vene-

285 2528 321 2556 ta
353 2520 490 2557 faciunt
522 2520 641 2558 Parm.
671 2521 709 2557 δε
742 2518 861 2568 Lugd.
891 2519 1027 2555 nomine
1052 2517 1196 2555 illorum
1218 2528 1330 2566 marg.

282 2570 363 2606 Mic
392 2570 426 2607 ll.

339 2582 397 2667 73.
427 2625 524 2656 Hanc
547 2619 645 2669 κω]
675 2626 775 2656 Hanc
794 2632 839 2657 ex
861 2619 1084 2658 melioribus.
1111 2620 1256 2656 H1-21Ns.

342 2672 399 2715 76.
429 2670 607 2720 Efficere]
638 2674 785 2718 Evasere
798 2670 1154 2708 Sixi.male.vid.lib.
1174 2670 1333 2718 xv.706.

288 2719 389 2769 plura
412 2719 617 2757 videbimus
636 2721 681 2757 ad
700 2722 781 2758 Val.
803 2721 1070 2767 Flac.111.482.
1098 2721 1230 2758 Euam.

343 2781 401 2816 77.
430 2774 531 2805 Vento
561 2770 796 2818 referuntur]
836 2772 1031 2818 Rapiumur
1062 2784 1153 2809 unus
1193 2771 1333 2808 Medic.

288 2820 338 2858 ita
368 2820 432 2857 inf.
461 2831 544 2864 470.
578 2821 690 2855 Ventis
718 2821 864 2856 inimica
883 2830 941 2868 per
969 2834 1116 2870 aequora
1145 2823 1246 2869 rapti.
1274 2821 1334 2858 sed

289 2871 381 2909 nihil
410 2879 536 2907 tamen
565 2869 782 2906 mutandum
810 2879 961 2907 temere.
988 2872 1060 2908 vid.
1081 2872 1126 2909 ad
1155 2871 1334 2918 Quineiil.

290 2921 399 2959 Deci.
421 2932 473 2957 vx.
501 2934 531 2967 ς.
561 2919 675 2956 IDEM.

343 2984 399 3019 79.
431 2977 509 3007 Non
531 2970 609 3006 bene
638 2967 810 3016 diffidium
836 2968 977 3017 Phrygii
1000 2969 1119 3006 latura
1141 2971 1264 3007 mariti
1283 2971 1335 3006 si-

296 3021 435 3071 doni5.]
465 3021 506 3058 In
530 3021 710 3058 veteribus
732 3020 918 3063 omnibus,
941 3019 1134 3064 Discidium
1150 3049 1159 3064 ‚
1189 3022 1334 3069 persp&

293 3087 320 3112 c.
347 3072 451 3122 quod
482 3072 549 3109 viri
578 3071 700 3114 docti,
739 3083 782 3108 ex
804 3070 874 3107 fide
913 3072 948 3107 ὅ(
977 3072 1193 3108 auctoritate
1222 3072 1332 3108 libro-

291 3137 372 3163 rum
397 3124 611 3171 scriptorum
627 3151 636 3167 ,
673 3122 719 3159 ita
742 3121 998 3158 excudendum
1022 3119 1091 3157 effe
1108 3121 1332 3169 jampridem

290 3176 417 3213 litteris
440 3173 708 3222 consignarunt.
742 3173 778 3208 A
799 3172 927 3221 quibus
950 3172 1021 3219 ipse
1043 3184 1117 3208 non
1140 3171 1333 3215 distentio,

294 3225 529 3274 probantibus
558 3225 613 3264 id.
655 3234 692 3261 ut
722 3224 816 3265 dixi,
846 3224 1025 3260 veteribus
1057 3223 1337 3270 exemplaribus.

293 3276 487 3321 Discidium
520 3274 608 3311 vero
643 3273 664 3311 ’ξι
703 3273 860 3321 Discindo
886 3276 1011 3315 venit;
1049 3273 1221 3323 valetque
1243 3275 1339 3311 invi—

294 3337 374 3364 tum
402 3323 613 3371 «incestum,
650 3327 713 3374 qui
746 3326 839 3363 inter
870 3325 1009 3363 amicos
1038 3325 1077 3363 ὅτ
1112 3327 1341 3375 propinquos
1395 3334 1432 3364 ta
1451 3327 1577 3367 litteris
1599 3327 1974 3377 mandavitVirgilius
1986 3324 2438 3414 lib.v.Aeneid.{110meZ:
2468 3356 2472 3447 Ῑ

2305 3386 2341 3423 7.
2384 3385 2435 3419 u,

2283 1160 2411 1220 Non
2439 1186 2453 1200 ν’

1364 1297 1417 1337 fit:
1441 1305 1480 1336 ut
1496 1299 1570 1336 hoc
1585 1297 1686 1336 loco.
1714 1298 1772 1337 Sic
1785 1298 1824 1336 &
1836 1298 1999 1338 Catullus
2011 1298 2058 1338 de
2070 1298 2192 1339 Coma
2201 1298 2391 1340 Berenices
2403 1315 2415 1340 τ

1422 1349 1484 1386 Sed
1497 1350 1627 1397 fratris
1649 1349 1721 1386 cari
1730 1349 1845 1399 flebile
1864 1350 2061 1399 discidium.
2424 1367 2445 1378 ’-

1372 1400 1543 1439 Tibullus
1563 1400 1623 1437 lib.
1646 1413 1673 1437 1.
1701 1401 1791 1449 eleg.
1812 1413 1848 1438 v.

1428 1456 1537 1500 Asper
1556 1464 1651 1487 eram
1665 1479 1676 1496 ,
1703 1463 1746 1491 ω·
1765 1452 1845 1489 bene
1864 1452 2047 1501 discidium
2067 1466 2121 1490 me
2134 1453 2228 1499 serre
2248 1452 2420 1503 loquebar&
2452 1430 2455 1433 Ι

1378 1503 1424 1540 Et
1451 1503 1506 1539 M.
1532 1502 1678 1542 Tullius
1697 1503 1759 1540 lib.
1782 1516 1834 1540 ιν.
1856 1503 1953 1551 epist.
1977 1516 2002 1540 1.
2026 1504 2070 1540 ad
2090 1505 2201 1541 Artic.
2228 1509 2418 1553 Cognoram

1376 1553 1468 1590 enim
1492 1566 1524 1590 te
1551 1551 1751 1601 acerbtffime
1771 1553 1954 1601 discidium
1976 1554 2126 1601 nostrum
2144 1554 2261 1603 tulisse.
2316 1555 2436 1593 Idem*

1375 1617 1443 1653 pro
1464 1604 1595 1641 Domo
1613 1617 1620 1641 :
1639 1604 1773 1654 Deflevi
1786 1606 1934 1652 conjugis
1945 1606 2085 1651 miserae
2094 1605 2286 1652 discidium.
2316 1605 2421 1644 Idem

1370 1657 1408 1692 -in
1434 1654 1588 1692 Laelio:
1619 1654 1856 1703 {Quamobrem
1872 1654 2029 1703 primum
2046 1656 2166 1692 danda
2186 1655 2355 1704 operaest,
2381 1668 2424 1693 ne

1373 1718 1443 1755 qua
1473 1705 1664 1742 amicorum
1691 1705 1834 1754 discidia
1859 1705 1966 1752 fiant.
2017 1706 2074 1743 Sic
2094 1706 2228 1744 habent
2248 1706 2324 1744 duo
2344 1706 2423 1746 libri

1374 1757 1504 1803 scripti.
1534 1757 1571 1793 &
1595 1770 1642 1794 11.
1669 1757 1798 1804 Philip.
1833 1757 1897 1806 Ipfi’
1928 1767 2046 1793 autem
2066 1770 2181 1794 amore
2198 1756 2323 1793 ardens
2344 1769 2424 1793 con-

1369 1805 1542 1855 firmabat
1557 1834 1567 1849 ‚
1595 1807 1688 1856 quod
1708 1806 1909 1855 defidertum
1929 1808 1983 1844 tui
2007 1808 2141 1855 discidii
2155 1812 2248 1855 ferre
2269 1820 2338 1843 non
2354 1806 2427 1856 post

1373 1860 1447 1907 set,
1471 1860 1509 1906 se
1536 1857 1574 1895 in
1603 1856 1758 1907 exfilium
1788 1860 1845 1908 effe
1863 1859 2010 1895 iturum.
2068 1865 2147 1896 Non
2164 1858 2245 1895 bene
2263 1869 2353 1896 vero
2377 1857 2426 1897 est

1378 1909 1507 1959 aegre,
1544 1909 1685 1946 acerbe.
1715 1910 1884 1946 Croci-m.
1919 1909 2008 1947 Vid.
2028 1909 2153 1947 Gifan.
2175 1908 2249 1946 ind.
2277 1908 2428 1948 Lucret.

1381 1961 1418 1998 in
1443 1959 1626 2009 discidium
1640 1988 1649 2003 ‚
1676 1960 1739 2008 qui
1762 1961 1799 1997 &
1821 1959 1964 2008 discidia
1987 1971 2032 1997 ex
2043 1959 2107 1998 suo
2121 1959 2250 1998 codice
2260 1961 2429 2008 praefert.
2450 1951 2455 1957 ’

1381 2011 1468 2049 vide
1492 2012 1603 2048 etiam
1627 2010 1670 2048 ad
1691 2010 1752 2047 lib.
1771 2022 1806 2047 v.
1839 2021 1924 2058 530.

1434 2062 1493 2099 80.
1524 2066 1630 2110 Inque
1653 2069 1739 2110 pyra
1758 2060 1853 2108 sacri
1876 2061 1942 2109 sub
1971 2060 2121 2110 imagine
2142 2060 2246 2108 fao‘la
2267 2058 2429 2099 Incubuit

1373 2112 1509 2160 ferro.]
1541 2112 1599 2149 De
1623 2112 1696 2148 hoc
1717 2123 1779 2148 111.
1807 2111 1895 2149 Fast.
1919 2124 2000 2159 545.

1431 2164 1580 2211 Arserat
1600 2168 1731 2199 AEneae
1752 2162 1844 2198 Dido
1865 2161 2072 2211 miserabilis
2091 2162 2191 2211 igne,

1480 2214 1627 2261 Arserut
1649 2213 1824 2261 exstructis
1844 2213 1882 2249 in
1894 2218 1963 2261 sua
1977 2215 2060 2257 fata
2080 2214 2177 2261 rogis.

1432 2263 1706 2314 Compofitusque
1717 2264 1801 2300 cinis
1814 2291 1824 2307 ,
1850 2263 2046 2312 tumulique
2057 2263 2094 2300 in
2107 2276 2279 2301 marmore
2291 2275 2432 2302 carmen

1484 2321 1554 2351 Hoc
1575 2315 1676 2351 breve
1689 2342 1699 2358 ‚
1727 2315 1820 2364 quod
1842 2315 1986 2350 moriens
2004 2314 2074 2364 ipsa
2094 2314 2234 2363 reliquit
2249 2342 2260 2359 ,
2285 2325 2372 2351 erat.

1391 2390 1409 2408 *a
1435 2365 1600 2403 Praebuit
1620 2371 1750 2402 AEneas
1765 2394 1774 2410 ‚
1802 2378 1845 2405 (φ
1867 2366 2017 2414 caussam
2037 2365 2157 2402 mortis
2170 2393 2180 2411 ,
2207 2377 2251 2406 w·
2270 2368 2404 2414 ensem}

1490 2422 1560 2466 Ipsa
1574 2420 1641 2464 sua
1666 2416 1756 2453 Dido
1777 2417 1921 2453 concidit
1943 2418 2003 2457 usa
2021 2429 2142 2454 manu.

1385 2468 1493 2505 Haec
1524 2467 1599 2504 duo
1629 2467 1810 2516 postrema
1843 2469 2002 2504 carmina
2031 2467 2187 2515 repetit,
2222 2467 2282 2504 vel
2312 2467 2431 2515 potius

1387 2519 1549 2563 dixerat,
1577 2521 1613 2556 in
1639 2518 1809 2566 epistola,
1836 2529 1948 2567 quam
1978 2518 2022 2556 ad
2052 2518 2220 2555 Aeneam
2240 2517 2431 2556 Didonem

1388 2569 1494 2607 finxit
1525 2567 1666 2607 mififfe.
1703 2569 1788 2607 Hac
1806 2570 1851 2607 de
1869 2580 1908 2607 re
1932 2569 2015 2607 vide
2033 2568 2213 2616 Justinum
2236 2568 2295 2607 lib.
2316 2580 2434 2608 xvm.

1391 2621 1559 2658 CxofAN.

1443 2671 1503 2709 80.
1530 2670 1597 2706 Sub
1619 2671 1768 2719 imagine
1781 2670 1923 2720 facia]
1956 2670 2042 2707 ficti
2059 2681 2150 2708 unus
2171 2667 2432 2708 Leidenfis.ita

1390 2722 1500 2771 Epist.
1522 2733 1574 2758 xl.
1595 2724 1654 2763 69.
1689 2723 1850 2771 Fictaque
1871 2724 1967 2766 sacra
1980 2720 2084 2767 facit.

1445 2773 1504 2809 81.
1533 2771 1693 2807 Incubuit
1726 2772 1860 2822 ferro]
1908 2771 2033 2807 Gladio
2065 2770 2234 2808 Politian.
2269 2770 2308 2807 &
2341 2779 2436 2810 unus

1390 2822 1516 2860 Heius.
1540 2824 1576 2859 δε
1602 2823 1763 2859 Ambws
1787 2821 1956 2858 incumbit
1974 2820 2076 2858 0610.
2093 2819 2276 2869 succubuit
2295 2820 2383 2858 duo.

1443 2873 1502 2921 83.
1532 2872 1596 2908 Ad
1614 2873 1709 2920 sedes
1741 2874 1895 2920 Erycis.j
1937 2871 1978 2907 ln
2009 2884 2086 2909 uno
2110 2871 2231 2908 Vatic.
2268 2870 2435 2919 Adsides

1392 2924 1515 2959 Circes.
1553 2923 1656 2959 Nihil
1676 2932 1794 2958 muto.
1829 2922 1888 2958 Ab
1910 2922 2028 2970 Eryce
2051 2922 2234 2959 derivatur
2257 2921 2435 2968 Erycinus.

2481 2385 2483 2419 l

2479 2521 2483 2557 l

1392 2973 1503 3010 Unde
1526 2972 1653 3009 Venus
1677 2972 1772 3008 dicta
1793 2972 1840 3008 est
1864 2973 2037 3020 Erycina,
2067 2973 2169 3021 cujus
2191 2971 2369 3020 templum,
2392 2978 2435 3007 ut
2481 2984 2483 2994 ⁴

1389 3023 1507 3060 scribit
1530 3022 1765 3070 Tranquillus
1787 3022 2002 3071 (laudcap.
2018 3036 2103 3061 xxv.
2131 3023 2167 3059 in
2178 3022 2306 3059 Sicilia,
2333 3030 2434 3057 vetu-
2479 3036 2483 3053 -.

1385 3074 1475 3119 state
1498 3072 1702 3120 collapsum,
1731 3084 1770 3108 ut
1792 3087 1833 3109 ex
1856 3074 1988 3110 aerario
2018 3081 2061 3112 P.
2081 3071 2225 3111 Romani
2246 3070 2435 3118 reficeretur
2479 3085 2483 3102 z

1390 3129 1436 3159 D.
1459 3122 1628 3159 claudius
1650 3124 1777 3170 Caesar
1805 3126 1923 3161 auHor
1946 3125 2035 3171 fuit.
2065 3126 2216 3162 Cxoms
2255 3121 2449 3171 sedemque.

1391 3174 1426 3210 S.
1447 3176 1559 3211 Marci
1584 3176 1620 3210 &
1641 3184 1799 3223 quatuor
1820 3175 1890 3212 alii.
1919 3187 2010 3214 unus
2024 3205 2036 3221 ,
2054 3174 2224 3224 sedesque.
2253 3174 2399 3210 Heius.

1444 3225 1502 3273 83.
1533 3225 1726 3273 fidumque
1755 3226 1885 3262 relatus
1918 3227 2057 3274 Acesten
2085 3223 2283 3271 Sacrificat,
2321 3233 2438 3259 tumu-
2480 3244 2483 3252 ‹

1395 3274 1534 3325 Eumque
1555 3276 1612 3322 [ui
1631 3276 1792 3324 genitoris
1814 3277 1996 3327 honorat.]
2025 3277 2108 3314 Hac
2129 3275 2173 3312 de
2192 3287 2229 3312 re
2248 3274 2324 3311 satis
2346 3271 2436 3310 mul-
