2483 3616
235 175 341 243 376

698 180 758 236 P.
831 147 1251 235 ovtntt
1322 175 1862 235 NASONIS

525 281 695 340 Haud
720 294 1005 339 contentus
1031 279 1093 332 ea
1110 316 1126 340 ,
1166 277 1298 348 petii
1322 281 1553 335 tentoria
1575 280 1768 338 Rhefi:

377 370 482 422 250
519 355 686 429 Inque
709 356 809 410 suis
832 352 1002 426 ipsum
1025 349 1201 405 castris
1228 351 1563 424 comitesque
1588 358 1808 424 peremi.

519 431 703 501 Atque
727 429 798 481 ita
821 426 1036 498 captivo
1061 421 1232 478 vidior
1258 423 1505 495 votisque
1531 427 1734 494 potitus

520 500 799 572 Ingredior
823 516 986 553 curru
1010 499 1174 552 laetos
1200 497 1443 551 imitante
1469 497 1794 568 triumphos;

525 573 690 643 Cujus
719 590 887 645 equos
913 572 1150 644 pretium
1171 587 1272 641 pro
1296 568 1454 623 nobie
1481 569 1796 640 poposcerat
1816 571 1989 628 hostis.

522 648 692 700 Arma
716 659 908 717 negate
934 644 1062 699 mihi
1091 661 1102 696 :
1143 641 1416 715 fueritque
1443 641 1727 714 benignior
1753 642 1907 713 Ajax.

378 737 480 786 255
521 719 672 790 Quid
702 718 857 790 Lycii
883 716 1110 772 referam
1137 715 1461 788 Sarpedonis
1490 716 1699 786 agmina
1723 715 1869 770 ferro

523 791 806 846 Devastata
830 807 954 845 meo
978 790 995 842 ἓ
1037 806 1163 843 cum
1189 789 1362 844 multo
1385 788 1635 860 sanguine
1660 788 1776 844 fudi

232 1005 271 1043 in
302 1002 509 1052 Cantabrig.
549 1009 624 1040 erat
644 1029 654 1046 ,
700 1014 758 1038 nec
788 1001 878 1052 quod
905 1001 1071 1052 spoliaret
1104 1000 1285 1040 habebam.

234 1055 337 1105 quod
367 1055 391 1092 si
420 1051 572 1092 sciviss'et
598 1054 654 1090 vir
681 1052 834 1098 dostus,
862 1055 926 1103 qui
945 1053 1198 1091 Bibliothecae
1214 1065 1287 1091 no-

233 1107 419 1148 viffimae,
448 1116 541 1154 quae
554 1104 672 1141 Halae
683 1115 799 1152 nuper
810 1104 945 1153 prodiit
960 1132 970 1149 ‚
989 1104 1082 1142 Se&
1095 1117 1147 1142 ix.
1160 1105 1287 1142 Obser.

231 1171 266 1203 4.
300 1158 455 1193 minime
487 1155 710 1204 probabilem
740 1155 814 1192 1001
846 1156 1057 1192 Petroniani
1084 1156 1285 1193 con-efflo-

232 1219 321 1244 nem
345 1206 528 1250 exhibuit,
556 1205 663 1243 avide
683 1204 907 1254 arripuissem
931 1206 1101 1243 illeenim
1115 1207 1150 1243 in
1166 1208 1286 1255 capite

237 1269 357 1294 txvii.
381 1257 584 1306 corrigebat
597 1284 606 1299 ,
635 1257 688 1293 sic
706 1270 765 1293 nos
787 1256 852 1294 hae
866 1256 959 1294 calae
978 1256 1231 1307 despoliantur.-
1247 1258 1286 1295 &

233 1309 389 1356 exponit
408 1320 474 1356 pro
493 1307 689 1356 despoliant.
717 1307 851 1346 Romi.

284 1359 368 1406 248.
398 1358 566 1408 Promiffd
593 1372 672 1395 cum
699 1358 842 1408 laude.]
882 1358 1075 1409 Praemissd
1094 1359 1200 1408 prim.
1221 1359 1288 1397 Er-

232 1412 317 1448 furt.
338 1410 446 1458 prim.
467 1412 606 1447 Moret.
628 1418 710 1447 tert.
729 1419 847 1459 quart.
866 1411 1009 1448 Medic.
1031 1412 1069 1447 ὅε
1089 1411 1193 1448 multi
1210 1411 1282 1447 alii.

232 1461 343 1500 reete.
373 1461 469 1498 forte
499 1463 537 1498 ὃς
562 1461 750 1510 promerita
781 1461 852 1510 legi
884 1460 1012 1510 poffet.
1035 1473 1150 1506 mox,
1178 1461 1287 1497 Haud

233 1521 411 1549 contentus
433 1511 474 1548 eoi
492 1511 645 1549 rescribo
663 1540 672 1556 ,
702 1512 804 1548 laude
816 1514 991 1551 nimirum
1007 1527 1018 1555 ;
1049 1525 1125 1549 non
1137 1526 1184 1556 eo,
1199 1524 1286 1549 cum

234 1565 435 1613 Langerm.
461 1563 499 1600 &
523 1575 598 1601 uno
620 1563 807 1600 Mediceo.
841 1565 986 1601 Hzms.
1026 1565 1094 1601 Vir
1118 1564 1174 1600 Cl.
1201 1575 1287 1612 pro-

232 1615 291 1653 bat
311 1614 559 1664 quorumdam
580 1614 755 1652 librorum
767 1614 967 1652 leeiionem
983 1643 992 1658 ,
1016 1613 1289 1663 praemiffa.mi-

232 1678 293 1704 ror
313 1665 487 1715 equidem
511 1678 519 1702 ε
548 1677 634 1702 113111
658 1677 720 1714 per
739 1665 937 1715 promissam
957 1665 1098 1702 laudem
1121 1666 1290 1714 intelligit

233 1718 389 1765 gloriam
403 1744 414 1761 ,
444 1727 555 1766 quam
577 1715 639 1753 sibi
662 1728 706 1753 ex
740 1716 926 1765 ejusmodi
947 1718 1110 1755 facinore
1126 1717 1288 1766 promise-

234 1779 292 1804 rat
308 1796 317 1811 ,
345 1767 382 1804 id
406 1767 478 1811 est,
499 1769 668 1815 sperarat.
696 1766 803 1805 TAN.
825 1767 969 1805 FABER.
999 1768 1081 1805 Lib.
1104 1779 1150 1805 11.
1175 1766 1288 1816 Epist.

235 1823 296 1867 09.
325 1817 399 1856 vid.
424 1818 490 1855 inf.
510 1817 564 1860 jis.
586 1818 669 1866 348.

287 1893 372 1930 254.
400 1881 584 1932 Fueritque
603 1880 775 1930 benignior
785 1881 925 1931 Ajax.]
957 1881 1013 1919 Sic
1026 1881 1223 1931 repositum
1239 1882 1288 1920 est

236 1934 276 1971 in
305 1945 381 1971 uno
408 1931 515 1970 Maff.
544 1944 621 1982 quo
653 1932 771 1970 modo
791 1942 897 1970 antea
918 1934 1096 1981 legeretur
1123 1933 1288 1971 divinare

235 1994 314 2021 non
336 1982 495 2032 poffum.
546 1984 586 2021 ln
608 1995 684 2021 uno
706 1995 794 2021 meo
824 1985 862 2020 ὅ(
885 1983 1034 2028 Parnes.
1058 1984 1173 2020 Fuerit
1194 1983 1289 2021 beni-

232 2034 333 2083 gnior
355 2034 469 2083 Ajax.
509 2034 551 2071 In
574 2034 689 2072 altero
708 2035 940 2084 antiquiore,
970 2040 1098 2071 Fuerat
1119 2047 1191 2073 c-Jc.
1212 2034 1287 2072 fine

237 2099 271 2131 q.
300 2086 392 2134 Quo
413 2084 590 2122 adductus
610 2084 974 2135 estingeniosiffimus
989 2113 999 2129 ,
1028 2086 1286 2134 &numquam

235 2135 314 2173 satis
344 2135 530 2180 laudatus,
560 2137 614 2177 M.
632 2136 722 2174 Ant.
743 2137 937 2180 Muretus,
970 2144 1010 2173 ut
1038 2136 1197 2184 legeret,
1227 2142 1288 2172 Fe-

235 2197 293 2223 rat
312 2187 394 2223 haec
415 2197 454 2223 ut
477 2186 611 2235 dignior
627 2187 740 2235 Ajax.
769 2187 840 2224 Cui
858 2186 1091 2224 libentissime
1103 2185 1286 2225 affeiitior:

236 2249 323 2275 nam
354 2238 536 2286 Benignior
569 2238 630 2274 hic
656 2238 783 2276 locum
811 2238 944 2275 habere
962 2235 1062 2286 posse
1084 2249 1162 2275 non
1185 2238 1286 2276 vide-

236 2297 305 2325 tur:
329 2289 393 2326 nisi
412 2290 492 2338 quis
511 2288 600 2326 velit
627 2287 671 2326 ab
689 2290 781 2338 agris
795 2317 805 2333 ‚
833 2288 908 2326 sive
927 2289 1112 2326 arboribus
1127 2316 1137 2332 ,
1164 2300 1259 2337 quae
1275 2317 1285 2334 ,

238 2338 321 2376 cum
345 2340 480 2377 studius
503 2341 648 2384 ferunt,
677 2339 838 2389 benignae
854 2339 1026 2388 appellari
1045 2339 1187 2383 solent,
1208 2352 1288 2377 me-

237 2391 427 2437 taphoram
458 2391 553 2429 duci.
595 2390 753 2428 Studiofi
777 2403 855 2428 rem
887 2390 1094 2438 diligentius
1121 2390 1288 2428 confide-

239 2449 328 2476 rent.
357 2441 525 2479 CioFAN.
553 2443 589 2479 in
604 2442 673 2480 ΜΓ.
685 2441 922 2491 expreffeista
934 2442 1129 2490 leguntur,
1158 2441 1288 2479 utsunt

241 2490 350 2527 edita.
385 2492 430 2528 Et
449 2493 497 2529 est
515 2494 631 2529 ironia
646 2521 655 2536 ,
683 2492 782 2542 quasi
805 2493 925 2538 dicat,
953 2492 1070 2541 fitque
1093 2493 1222 2529 melius
1240 2493 1286 2530 de

243 2541 347 2578 vobis
377 2544 525 2581 meritus
556 2545 651 2592 Ajax
679 2556 792 2593 quam
820 2556 902 2592 ego.
931 2543 1131 2581 BERsMAN.
1169 2544 1286 2580 Fuerit

239 2591 330 2636 quOd
350 2591 481 2640 dignior
502 2606 593 2631 unus
619 2594 845 2640 ss.1fil.fuerit
862 2595 946 2644 quia
968 2594 1103 2642 dignior
1122 2594 1285 2642 Excerp-

238 2648 274 2677 ta
305 2642 514 2681 Calandrae.
542 2645 656 2689 fuerit
695 2659 825 2696 quoque
853 2646 988 2694 dignior
1015 2645 1084 2682 sec.
1114 2645 1286 2683 Ambros.

231 2692 422 2740 fueratque
441 2693 618 2732 Arondel.
645 2696 754 2740 Puto,
776 2696 964 2746 tuleritque
974 2710 1012 2732 ea
1025 2696 1160 2744 dignior
1173 2699 1286 2745 Ajax.

245 2741 303 2778 vel
319 2743 500 2793 fueritque
526 2744 579 2780 his
606 2745 751 2792 dignior.
788 2746 858 2783 Sed
887 2747 937 2783 nil
973 2745 1118 2784 fortaffe
1138 2757 1286 2785 mutan-

241 2791 330 2829 dum
345 2820 355 2836 ,
384 2802 424 2831 ut
445 2793 617 2841 benignior
635 2796 767 2842 paffive
786 2796 966 2839 sumatur,
996 2809 1061 2842 pro
1083 2809 1130 2834 eo
1151 2798 1289 2846 quibe-

240 2844 353 2891 nigne
393 2843 556 2882 habetur.
593 2846 693 2892 cujus
730 2854 856 2883 tamen
887 2846 1158 2894 significationis
1188 2849 1288 2887 aliud

243 2894 457 2942 exemplum
488 2907 640 2943 quaero.
691 2895 742 2933 Ita
772 2896 813 2933 fit
843 2896 1018 2944 benignior
1038 2925 1047 2940 ‚
1085 2897 1286 2945 gratiosior.

240 2943 389 2983 Ηεικε.
417 2945 543 2983 Immo
564 2945 737 2994 benignior
758 2945 806 2983 est
829 2947 942 2994 magis
961 2947 1162 2994 popularis,
1187 2948 1286 2985 blan-

243 2994 331 3040 dns;
359 3005 397 3034 ut
418 2996 504 3034 ideo
523 2996 687 3034 obtineat
706 3009 799 3047 quae
813 2998 921 3035 velit:
945 2997 1030 3034 vide
1053 3009 1148 3046 quae
1161 2997 1287 3037 dehac

246 3058 340 3084 voce
360 3050 573 3086 notavimus
593 3047 636 3085 ad
656 3048 802 3086 Petron.
824 3060 930 3085 xtiv.
958 3047 1089 3085 Euam.

292 3111 377 3158 256.
405 3116 506 3147 Ferro
531 3111 713 3160 devastata
745 3111 854 3159 meo]
894 3111 1089 3159 Eleganter
1116 3110 1286 3149 Francof.

242 3164 364 3198 Marte
386 3162 568 3210 devastata
588 3175 670 3199 meo.
697 3162 799 3211 quod
819 3162 1011 3210 plusnotat
1025 3190 1034 3206 ,
1063 3161 1284 3211 quafiduCtu

241 3210 328 3253 suo,
357 3224 433 3249 non
447 3222 591 3253 tanturn
612 3224 722 3261 opera
735 3213 801 3251 sint
821 3212 1011 3250 devastata.
1031 3214 1079 3250 ita
1106 3225 1196 3250 mox
1220 3221 1286 3250 He-

241 3262 344 3296 cioreo
367 3276 522 3300 concurre
543 3265 659 3301 Adurti
680 3276 759 3312 275.
783 3263 853 3301 vid.
874 3263 919 3302 ad
938 3264 997 3300 111).
1012 3276 1063 3301 vl.
1082 3264 1164 3310 464.
1188 3265 1285 3303 &ita

236 3310 330 3367 apud
372 3313 516 3353 Person.
557 3327 633 3363 cap.
667 3327 764 3354 cxxi.
799 3315 871 3364 legi
909 3314 1008 3354 rcere
1041 3314 1167 3364 posset
1197 3328 1283 3355 cuin

1061 3369 1072 3382 δ

2242 863 2382 922 Coe-

1339 999 1510 1039 Heinfio.

1340 1102 1368 1140 B
1392 1057 1502 1088 Cerno
1520 1051 1676 1103 equidem
1685 1050 1819 1099 gemino
1825 1050 1904 1100 jam
1916 1050 2044 1099 stratos
2061 1059 2173 1089 marte
2184 1052 2360 1105 Philippos.

1374 1115 1476 1140 uam.

1394 1166 1477 1201 257.
1506 1152 1722 1202 Coeranon.]
1752 1153 1999 1203 Mariangelus
2019 1153 2055 1191 in
2068 1154 2238 1192 Diatribis
2249 1154 2386 1204 legebat

1342 1206 1410 1243 hos
1433 1205 1552 1242 versus
1571 1205 1644 1242 hoc
1666 1204 1809 1241 modo:

1395 1261 1574 1292 Coeranon
1586 1283 1597 1300 ,
1626 1253 1842 1305 Hippasiden‚
1853 1254 2151 1305 &Alastoraque
2167 1255 2388 1296 Chromium-

1495 1321 1535 1344 ue
1548 1335 1558 1350 ‚

1395 1321 1712 1409 Alciindrumque,
1741 1357 1976 1407 Haliumque,
2007 1360 2277 1410 Noemonaque,
2304 1366 2388 1411 Pry-

1473 1421 1654 1459 Ianlnque.

1345 1460 1391 1497 Et
1419 1472 1464 1497 ex
1497 1461 1656 1497 Homeri
1685 1459 1844 1498 versibus
1866 1488 1876 1503 ‚
1915 1460 1959 1498 ab
1982 1460 2059 1498 aliis
2078 1460 2268 1505 adduftis,
2301 1474 2387 1501 con-

1344 1511 1521 1548 firmabat.
1560 1512 1743 1549 Caeranus
1773 1520 2003 1549 memoratur
2021 1512 2109 1549 alius
2128 1520 2228 1560 pater
2247 1513 2388 1562 Polyidi

1344 1563 1447 1600 vatis.
1474 1562 1562 1600 Vid.
1591 1563 1673 1600 Sch.
1694 1562 1797 1599 Pind.
1820 1562 2080 1611 x111.Olymp.
2105 1575 2185 1611 ¹05·
2216 1562 2276 1601 ubi
2297 1565 2394 1611 inter⁴

1343 1613 1556 1662 interpretes
1577 1625 1653 1651 non
1676 1613 1837 1657 constat,
1862 1624 1907 1650 an
1918 1613 2091 1662 Polyidus
2105 1613 2289 1660 ἐπιχώριος
2300 1616 2388 1658 μάν-

1348 1678 1403 1707 τις
1430 1666 1569 1702 dicatur
1589 1664 1753 1713 respebtu
1776 1664 1972 1708 Corinthi,
2001 1664 2059 1702 ubi
2081 1676 2158 1709 res,
2186 1665 2231 1703 de
2248 1677 2321 1715 qua
2340 1665 2388 1706 ibi

1345 1715 1478 1757 Po'e‘ta,
1499 1717 1628 1764 agitur,
1645 1727 1690 1752 311
1704 1716 1847 1752 tatione
1858 1714 2241 1765 Bellerophontis‚qui
2253 1728 2298 1754 ex
2313 1717 2389 1766 Ly-

1344 1768 1399 1804 cia
1421 1767 1603 1804 veniebat.
1631 1766 1734 1815 quod
1754 1765 1779 1802 sl
1800 1765 2000 1814 procedat,
2027 1766 2088 1803 hic
2114 1767 2297 1805 Caeranus
2311 1767 2387 1816 Ly-

1344 1818 1419 1855 cius
1447 1817 1665 1866 Sarpedonis
1693 1817 1811 1854 socius
1839 1817 2001 1866 aliquem
2034 1828 2119 1855 cum
2141 1829 2188 1856 eo
2214 1818 2391 1866 sanguinis

1342 1868 1553 1907 societatem
1576 1868 1709 1905 habere
1721 1866 1848 1916 posset.
1875 1867 1935 1905 sed
1951 1869 2026 1905 hoc
2045 1868 2252 1906 obscurum.
2273 1869 2391 1909 IDEM.

1397 1931 1480 1967 257.
1509 1917 1723 1967 Coeranon]
1758 1918 1894 1966 Iphithi
1913 1917 2027 1955 filium
2045 1944 2055 1962 ,
2084 1917 2161 1955 fer&
2173 1928 2295 1958 autem
2310 1932 2386 1965 eos,

1343 1971 1406 2020 qui
1427 1972 1502 2007 hoc
1520 1970 1607 2008 loco
1628 1969 1671 2006 ab
1693 1967 1821 2016 Ulyffe
1839 1977 2126 2012 enumerantur,
2155 1971 2191 2020 ὃς
2211 1970 2389 2020 Sarpedo-

1342 2022 1397 2059 nis
1423 2021 1541 2058 socios
1573 2019 1698 2063 fuisse,
1737 2021 1775 2056 &
1809 2018 1852 2056 ab
1883 2016 2008 2066 Ulyffe
2028 2018 2264 2066 inrerstcstos,
2293 2023 2328 2058 in
2348 2033 2386 2060 v.

1344 2071 1477 2109 Iliados
1501 2071 1619 2109 scribit
1653 2071 1854 2108 Homerus.
1883 2070 2055 2106 Remus.
2087 2070 2248 2108 Homeri
2268 2071 2386 2110 versus

1343 2123 1423 2160 sunt
1445 2136 1452 2159 :
1483 2122 1585 2160 Iliad.
1609 2122 1651 2158 E.
1671 2123 1756 2168 677.

1396 2174 1472 2213 E'io'
1490 2174 1544 2219 'e'ye
1557 2176 1702 2224 Κοίρανον
1721 2167 1820 2225 iiber,
1849 2169 2082 2221 Α’λοῖςοροέτε,
2103 2173 2294 2223 Χγόμιᾶντε,

1397 2228 1640 2281 Α’λκοινὸρόνθ’,
1660 2226 1824 2278 Kadoi-e,
1855 2223 2066 2277 Νοῆμονοῖτε,
2096 2230 2299 2279 Πρυτκνίντε.

1340 2283 1388 2330 de
1411 2285 1579 2320 Thoone
1607 2293 1730 2320 autem
1763 2285 1801 2319 ὅ(
1831 2284 1957 2319 ceteris
1989 2284 2053 2331 qui
2071 2281 2270 2331 sequuntur
2290 2282 2389 2322 Iliad.

1342 2340 1389 2373 A.
1412 2336 1555 2371 mentio
1578 2333 1616 2370 fit
1636 2335 1689 2370 his
1708 2333 1865 2370 versibus
1887 2346 1894 2368 z
1924 2346 2006 2378 422.

1397 2387 1515 2434 Atio-ap
1536 2386 1650 2423 ἔπειτα
1671 2385 1787 2423 Θέωνος
1804 2390 1836 2437 23⁸
1858 2381 2000 2433 ἔννομον
2016 2382 2162 2433 ἕξενιῖριξε
2175 2416 2184 2434 ,

1397 2438 1652 2491 Χερσιδάμαντα
1676 2440 1715 2487 ds
1735 2439 1850 2478 ’ἔπειτα
1869 2439 1944 2478 καθ’
1959 2437 2060 2478 i'mmu
2084 2439 2242 2485 οἱὶξοωτει.

1343 2495 1392 2533 Et
1412 2496 1523 2543 patulo
1550 2496 1649 2540 post:

1444 2545 1498 2584 ΟΣ
1526 2548 1566 2597 οἱρ
1586 2543 1771 2587 Γπποισίῖην
1784 2545 1907 2596 Xoc'port'
1927 2544 2049 2585 &droco-e
2071 2548 2188 2595 dLovpi,

1395 2603 1680 2649 Αὕτοκκο-ίγνητον
1699 2602 1848 2647 εὐηγενέος
1869 2598 2005 2640 Σῶκοιο.

1342 2657 1419 2693 Ubi
1438 2660 1475 2693 b<
1498 2658 1585 2694 illud
1604 2656 1810 2693 notandum
1824 2684 1834 2699 ,
1856 2656 2180 2705 Chersidamantem
2208 2655 2246 2692 &
2267 2659 2382 2694 Enno-

1342 2720 1424 2743 mon
1443 2708 1515 2744 dici
1533 2707 1630 2755 apud
1650 2707 1863 2744 Homerum
1879 2735 1889 2751 ‚
1915 2708 1978 2756 qui
2001 2707 2112 2753 vulgo
2132 2706 2192 2742 hic
2214 2705 2383 2754 Pheridaq

1342 2771 1441 2802 mas,
1470 2759 1509 2795 δε
1532 2762 1708 2794 Eunomus
1725 2757 1906 2806 leguntur.
1934 2758 2112 2794 Micrtt..

1395 2820 1479 2856 257.
1510 2808 1711 2858 Iphitiden]
1743 2809 1874 2856 Lego,
1905 2804 2132 2855 Hippasiden,
2159 2807 2197 2845 id
2217 2809 2287 2852 est,
2315 2809 2382 2846 So-

1344 2870 1430 2896 cum
1454 2860 1601 2907 Hippasi
1615 2859 1728 2896 filium
1743 2887 1753 2903 ,
1777 2855 2201 2905 abUlyffeinterfeftum
2216 2886 2227 2904 ,
2254 2868 2385 2897 1111131-

1343 2921 1396 2947 rat
1416 2912 1452 2948 in
1475 2910 1607 2947 Iliados
1629 2923 1673 2946 11.
1694 2910 1754 2946 lib.
1780 2909 1818 2945 ὅς
1836 2919 1903 2945 nos
1926 2909 1961 2945 in
1985 2911 2103 2956 prima
2125 2909 2381 2947 (3011εᾶ31100-

1343 2972 1424 2997 rum
1452 2961 1639 3008 hecatoily
1671 2959 1828 2996 diximus
1862 2970 1938 3007 cap.
1958 2960 2017 2996 26.
2040 2959 2100 2997 ubi
2121 2961 2230 2998 etiam
2252 2959 2381 2996 docui-

1345 3023 1426 3048 mus
1438 3011 1540 3047 versu
1551 3011 1592 3046 ab
1605 3012 1678 3046 hoc
1691 3010 1798 3046 tertio
1809 3021 1885 3046 non
1902 3037 1911 3052 ‚
1933 3022 2009 3046 cum
2025 3009 2304 3053 Pheridamante‚
2318 3008 2379 3047 sed
2437 3011 2441 3013 ’

1346 3064 1382 3098 δε
1405 3075 1481 3097 cum
1503 3059 1792 3109 Cherfidamante
1812 3060 1977 3108 ejusdem
1996 3061 2152 3098 Homeri
2166 3059 2380 3098 auetoritate

1343 3113 1378 3148 in
1395 3112 1528 3148 codem
1551 3113 1641 3149 libro
1662 3109 1951 3160 effelegendum.
1980 3112 2128 3148 Cons'r.
2143 3110 2234 3147 FAN.
2262 3110 2383 3149 Prima

1342 3163 1432 3200 haec
1462 3163 1536 3199 duo
1571 3164 1730 3200 carmina
1756 3164 1836 3200 sunt
1865 3174 1909 3199 ex
1935 3163 2034 3200 iliad.
2055 3174 2090 3199 v.
2115 3173 2275 3210 quorum
2295 3162 2384 3199 alte·

1342 3226 1421 3250 rum
1451 3213 1579 3261 Virgil.
1604 3214 1660 3250 hb.
1678 3227 1727 3251 ix.
1758 3213 1916 3251 Aeneid.
1938 3213 1982 3250 ad
2009 3212 2119 3250 finem
2139 3210 2260 3249 habet.
2288 3211 2386 3250 Ter-

1341 3266 1433 3302 tium
1458 3265 1505 3301 eit
1529 3277 1571 3301 ex
1596 3265 1695 3302 iliad.
1720 3277 1765 3302 11.
1785 3266 1845 3302 ubi
1858 3273 1983 3302 tamen
1995 3260 2384 3311 Cherfidamantemon

1341 3314 1616 3355 rhcridamaoie
1635 3315 1776 3365 legitur.
1797 3327 1908 3366 quare
1931 3326 1976 3353 ex
1994 3313 2218 3353 hislccishic
2229 3315 2382 3353 nomina

2325 3376 2381 3403 te—
