2483 3616
303 186 1539 257 METAMORPHOSEON
1611 194 1752 250 Lm.

1829 199 1975 257 viu.
2091 209 2185 271 561

200 305 296 369 165
333 299 407 355 Et
430 311 571 353 nunc
595 290 660 346 ad
686 289 889 351 fonte3‚
927 303 1070 342 nune
1097 288 1153 344 in
1180 305 1326 344 mare
1349 290 1525 346 versus
1548 301 1791 361 apertum
1807 330 1823 356 ‚

340 372 568 426 Incertas
593 376 810 419 exercet
838 378 1010 433 aquas,
1051 361 1123 415 ita
1152 361 1419 418 Daedalus
1444 363 1635 436 implet

337 443 639 497 Innumeras
663 453 844 491 errore
869 435 1005 489 vias:
1046 435 1245 507 vixque
1269 436 1378 507 ipse
1400 436 1600 492 reverti

325 514 418 567 Ad
447 513 610 566 limen
634 509 842 583 potuit3
885 519 1027 563 tanta
1052 507 1126 562 est
1151 509 1350 563 fallacia
1374 509 1516 565 tecti.

327 586 457 658 Quo
482 584 760 657 postquam
790 581 926 636 tauri
953 581 1218 653 geminam
1239 581 1561 655 juvenisque
1584 583 1808 653 figuram

185 677 280 726 170
317 657 549 721 Clausit;
594 657 649 711 &
678 654 881 710 Actaeo
908 654 986 712 bis
1012 653 1212 726 pastum
1240 655 1488 728 sanguine
1515 655 1811 710 monstrum

329 731 522 786 Tertia
545 730 653 786 sors
680 729 826 783 annis
855 727 1067 781 domuit
1092 728 1316 799 repetita
1339 730 1593 791 novenis;

330 803 519 876 thue
546 821 652 876 ope
677 802 915 874 virginea
931 837 948 863 ‚
985 801 1138 855 nullis
1165 802 1351 856 iterata
1375 803 1615 874 priorum
1632 840 1651 864 ,-

41 1006 130 1059 flexu
155 1003 248 1042 ducit
277 1003 317 1042 in
342 1017 500 1044 errorem.
536 1005 642 1044 DAN.
660 1005 811 1043 Hssxns.
862 1000 1081 1057 Sec3Palat.

42 1059 155 1106 Neap.
178 1056 339 1094 Florent.
359 1057 393 1094 S.
412 1056 546 1096 Marci.
598 1055 768 1105 Spirenfis
784 1083 793 1099 ,
822 1062 893 1092 tres
910 1051 968 1088 alii
982 1080 993 1095 ,
1015 1050 1080 1100 fle-

41 1121 136 1147 xum.
161 1115 201 1144 ut
222 1107 266 1144 ad
289 1118 451 1145 errorem
471 1108 659 1146 referatur.
683 1107 789 1156 prim.
808 1104 919 1142 Palat.
938 1103 1079 1139 &unus

39 1158 176 1197 Medic.
190 1156 308 1205 flexui.
335 1157 410 1196 duo
423 1167 564 1196 veteres
578 1156 701 1207 ,flexa.
723 1156 900 1195 nimirum
914 1153 1080 1202 ambage.

39 1209 171 1248 Seneca
192 1208 343 1257 Oedipo
366 1221 448 1255 214.

85 1259 243 1308 Ambage
251 1258 353 1310 flexd
377 1259 540 1310 Delphico
558 1272 630 1297 mos
650 1258 695 1304 est
713 1263 785 1296 Deo

87 1316 234 1348 Arcana
254 1320 370 1359 tegere.

39 1361 93 1401 Ita
121 1362 283 1410 optimus
315 1362 507 1401 Mediceus
529 1390 541 1408 ‚
576 1374 654 1401 non
692 1373 782 1398 nexa
809 1371 894 1399 cum
916 1358 1082 1410 vulgatis.

41 1413 212 1452 Lucanus
232 1412 293 1450 lib.
317 1425 347 1450 1.
367 1414 453 1462 637.

85 1494 183 1505 -—
204 1473 306 1526 flexoi
318 1473 368 1525 fic
388 1476 508 1514 omina
527 1474 676 1524 Thuscus

85 1527 274 1566 Involvens
296 1526 479 1579 multaque
498 1537 606 1576 tegens
625 1525 767 1575 ambage
787 1523 943 1563 canebat.

33 1590 108 1630 Ubi
137 1602 326 1640 perperam
352 1590 451 1641 flexu
479 1601 675 1639 reponunt.
710 1589 769 1627 sed
798 1591 837 1627 ὃς
862 1589 980 1626 omina
1007 1586 1081 1626 illic

35 1641 247 1691 legendum.
277 1641 408 1679 Statius
430 1642 552 1679 Theb.
572 1654 626 1679 1v.
646 1643 728 1689 645.
748 1639 849 1691 flexd
866 1639 984 1677 dubios
1004 1652 1081 1675 am-

37 1693 118 1742 bage
158 1691 336 1742 relinquit.
359 1691 492 1744 flexam
519 1692 613 1737 iter,
651 1692 828 1729 Lucretio
856 1691 918 1728 lib.
940 1702 993 1728 iv,
1021 1701 1083 1739 91.

39 1744 77 1782 ὃ(
99 1742 158 1786 fis.
185 1754 269 1792 307.
295 1741 376 1790 flexi
392 1743 522 1780 aditus.
556 1742 731 1780 Prudent.
750 1741 954 1791 Apotlieos.

55 1803 60 1808 ’
85 1813 157 1844 Hos
176 1819 289 1842 omnes
311 1805 477 1855 quamvis
500 1814 619 1855 anceps
637 1805 859 1856 labyrinthus
879 1816 921 1846 (θ’
942 1817 1033 1842 error

90 1855 345 1907 circumflexus
363 1866 459 1904 agat.

45 1920 156 1971 Apud
178 1920 338 1958 eundem
356 1919 451 1957 libro
474 1932 519 1958 11.
539 1928 667 1958 contra
687 1919 901 1970 Symmach.

650 1972 714 2008 via
734 1970 842 2019 nescia
865 1970 956 2020 flet-‘ti

93 2028 135 2059 In
156 2021 408 2060 deverticulum
429 2050 439 2068 ‚
468 2021 574 2059 biviis
593 2035 653 2059 nec
665 2022 824 2071 pluribus
841 2031 971 2071 anceps.

41 2071 147 2111 Idem
168 2073 419 2111 Cathemerin.
436 2073 582 2122 hymno
605 2086 673 2111 vu.
687 2072 839 2123 flexuosa
862 2073 1006 2110 viarum
1019 2072 1089 2122 dis-

39 2123 168 2173 pendia
189 2123 291 2161 dixit.
318 2123 416 2160 idem
438 2123 644 2172 Apotheofi
659 2151 669 2167 ,

96 2179 231 2210 Artam
245 2172 376 2221 salutis
403 2175 468 2210 vix
490 2174 590 2211 viam
611 2174 797 2224 discernere
818 2173 862 2221 est

178 2230 270 2259 Inter
293 2222 435 2273 reflexas
445 2225 613 2272 semitas:

100 2278 189 2311 Tam
209 2274 325 2310 multa
340 2276 489 2321 surgant
508 2276 717 2324 perfidorum
738 2275 883 2326 compita

59 2355 63 2360 .
176 2331 206 2360 Τ
205 2325 288 2361 ortis
300 2324 409 2373 polita
429 2325 607 2363 erroribus.

57 2403 60 2408 .
101 2374 251 2425 Obliqua
263 2376 330 2423 sese
352 2374 528 2421 conferunt
550 2377 706 2414 divortia

176 2426 269 2462 Hinc
286 2426 367 2462 inde
385 2437 489 2462 textis
509 2426 638 2464 orbitis.

53 2476 110 2515 Sic
129 2476 247 2515 codex
271 2476 382 2525 longe
395 2477 917 2521 ,vetustiffimusPuteanorum
930 2481 1096 2519 fratrum.

53 2527 305 2576 non,Obliqua
322 2533 389 2576 sese
410 2529 587 2574 conserunt
609 2528 775 2565 divortia.
803 2538 840 2566 at
862 2531 957 2578 apud
976 2532 1095 2568 Naso-

53 2588 137 2616 nem
158 2580 230 2616 hoc
249 2579 336 2616 loco
367 2579 511 2615 codices
534 2578 682 2627 quidam
700 2578 849 2629 ‚fleat-us.
879 2592 923 2617 an
942 2579 1097 2628 flenim?

55 2627 188 2667 lumina
206 2630 315 2667 etiarn
340 2630 436 2677 prior
457 2630 662 2678 Hamburg.
682 2631 816 2678 aliique
843 2642 888 2667 ex
904 2632 1092 2679 antiquio-

42 2679 150 2726 ‘ribus
170 2681 286 2718 multi.
310 2680 419 2717 reete.
446 2680 655 2718 Hermus.
710 2685 756 2717 Et
775 2681 913 2717 lumina
930 2681 1032 2727 fallit
1052 2694 1096 2720 u-

58 2740 122 2768 nus
143 2731 281 2769 Medic.

110 2781 188 2818 161.
217 2781 374 2830 Ambage
395 2782 578 2831 viarum]
608 2781 755 2820 Eodem
777 2781 875 2819 forte
896 2783 1015 2820 modo
1030 2783 1095 2821 Li-

56 2830 132 2869 vius
149 2832 240 2869 libro
258 2845 375 2870 xxxvi
390 2845 443 2870 11.
464 2833 556 2870 dixit
573 2835 782 2877 Amfrafftus
801 2834 958 2871 viarum.
987 2835 1044 2872 Sic
1057 2835 1095 2872 &

52 2880 250 2920 Cornelius
268 2884 420 2920 Tacitus
448 2884 571 2921 lib.xi.
601 2885 816 2921 Cromnos.

65 2979 74 2987 -
122 2934 200 2970 162.
229 2939 309 2969 Non
331 2934 446 2979 seem,
474 2947 514 2970 ac
545 2935 688 2985 liquidis
709 2934 880 2982 Phrygias
902 2935 1097 2972 Maeander

0 3031 2 3035 ,
60 2993 99 3022 m
118 2983 218 3020 undis
258 2983 402 3032 Lada]
456 2984 497 3020 In
520 2998 595 3023 uno
616 2998 728 3029 meo,
768 2986 919 3023 Caelest.
940 2987 1024 3023 Ald.
1057 2987 1096 3024 &

2 3044 4 3051 ’
43 3030 222 3076 ··B1†iantii‚
241 3035 460 3071 Maeandros.
483 3036 521 3073 ln
534 3037 646 3074 altero
659 3049 746 3073 meo
758 3037 795 3074 ὃς
807 3036 929 3074 Vatic.
947 3043 1097 3073 Maean-

4 3096 7 3101 ’
61 3081 152 3122 drus.
204 3087 350 3133 Quovis
373 3086 489 3122 modo
510 3086 619 3124 recte.
661 3094 738 3123 Non
751 3089 868 3135 secus,
896 3100 937 3124 ac
956 3087 1100 3138 liquidis

6 3146 7 3150 ¹
59 3132 225 3183 Phrygius
238 3136 430 3173 Maeander
450 3136 486 3170 in
503 3138 604 3174 undis
618 3139 744 3181 Ludit;
764 3139 801 3174 in
813 3138 971 3187 ambiguo
989 3138 1097 3189 lapsu,

2 3220 5 3223 ,
60 3183 147 3227 vel,
166 3193 205 3222 ut
223 3186 272 3222 est
292 3189 330 3224 in
355 3198 431 3225 uno
451 3186 618 3224 Vatican.
647 3188 758 3234 fluxu.
787 3189 1004 3226 Cios-anus.
1041 3189 1102 3226 Li-

3 3250 8 3265 ι
61 3233 187 3280 quidus
211 3235 366 3285 Phrygiis
388 3236 599 3274 Maeandros
615 3238 653 3272 in
670 3239 769 3274 arvis
781 3240 893 3286 probe
905 3240 1108 3288 castigatio-

59 3292 130 3369 ἷξε.
150 3291 186 3372 αἱ
205 3285 303 3331 prior
322 3287 557 3326 Twisdenius
571 3315 581 3333 ‚
608 3295 734 3336 argute
757 3289 794 3325 ὃς
815 3290 1003 3338 ingeniose
1025 3300 1106 3326 me-

89 3342 172 3372 ercu
187 3344 244 3372 es:

2013 874 2181 945 Janua

1190 1007 1272 1040 Non
1298 1004 1394 1052 secus
1431 1017 1471 1041 ac
1513 1003 1661 1055 liquidos
1696 1002 1868 1053 Phrygius
1900 1002 2111 1040 Maeandros
2149 1002 2187 1039 in

1354 1068 1456 1092 arcus
1534 1080 1536 1083 ·

1188 1104 1310 1142 Ludit.

1135 1153 1227 1191 Hoc
1249 1154 1297 1191 est
1311 1184 1320 1198 ‚
1351 1156 1389 1193 in
1414 1164 1559 1194 arcuata
1579 1158 1812 1201 curvamina,
1832 1165 1872 1195 ut
1892 1157 1974 1195 alibi
1997 1156 2130 1194 Noster
2142 1155 2187 1192 de

1135 1203 1254 1247 Iride,
1300 1206 1365 1244 lib.
1390 1219 1444 1243 χι.
1475 1207 1568 1255 niger
1595 1221 1696 1245 arcus
1722 1221 1909 1258 aquaram.
1938 1208 2018 1246 usus
2053 1207 2185 1245 eadem

1136 1258 1415 1304 comparatione
1434 1257 1539 1295 Silius
1557 1258 1648 1297 libro
1669 1272 1740 1297 vu.
1756 1271 1837 1308 139.

1187 1306 1317 1354 Qalts
1337 1309 1500 1345 Maeonia
1518 1307 1634 1356 paffim
1658 1311 1879 1347 Maeandrus
1895 1309 1932 1346 in
1955 1323 2036 1353 ora,

1187 1363 1280 1394 Cum
1295 1357 1364 1406 sibi
1376 1358 1572 1407 gurgitibus
1583 1358 1687 1408 flexis
1707 1360 1884 1397 revolutus
1901 1360 2048 1399 oberrat.

1137 1407 1276 1447 Seneca
1296 1410 1409 1448 Herc.
1429 1409 1578 1448 Furenti
1597 1439 1608 1454 ‚
1635 1411 1720 1460 683.

1587 1462 1716 1511 Qalis
1741 1461 1878 1499 incertis
1905 1475 2013 1509 vagus

1191 1512 1386 1549 Maeander
1402 1513 1506 1549 undis
1525 1523 1641 1557 errat,
1661 1513 1753 1550 ludit
1775 1513 1916 1553 &cedit
1927 1511 2018 1563 fibi,

1191 1563 1388 1614 hastasque,
1417 1564 1545 1600 dubius
1564 1563 1649 1600 litus
1668 1566 1860 1612 anfhntem
1876 1573 1986 1613 petat.

1138 1613 1193 1651 Ira
1213 1616 1369 1652 vetustus
1392 1615 1511 1652 codex
1524 1615 1707 1659 Etruscus,
1726 1616 1787 1653 ubi
1815 1616 2024 1663 ambiguam
2043 1613 2191 1664 scriptue

1138 1676 1214 1702 ram
1233 1665 1319 1702 licet
1339 1666 1544 1714 agnoscere.
1573 1666 1616 1703 τὸ
1639 1666 1731 1702 ludit
1743 1666 1803 1703 hic
1815 1665 1971 1703 Nasonis
1986 1665 2089 1702 locus
2111 1675 2192 1703 tue-

1141 1724 1210 1753 tur.
1238 1716 1297 1753 To
1319 1717 1418 1753 arvis
1436 1725 1558 1755 tuetur
1577 1717 1680 1754 locus
1700 1719 1874 1755 Senecae.
1899 1716 2040 1754 Phoen.
2057 1717 2144 1764 605.

1579 1774 1649 1804 Nec
1672 1768 1770 1805 laetis
1789 1767 1908 1804 minus

1193 1818 1405 1856 Maeandros
1423 1818 1522 1855 arvis
1535 1818 1648 1869 flefflt
1672 1829 1824 1855 errantes
1837 1831 1959 1868 aquas.

1142 1868 1200 1907 Tb
1223 1879 1316 1905 errat
1341 1871 1379 1907 in
1405 1870 1565 1907 Senecae
1589 1870 1677 1907 loco
1700 1881 1740 1906 ea
1759 1877 1909 1906 tuentur
1923 1880 2020 1918 quae
2041 1868 2196 1907 adnota-

1142 1921 1264 1957 vimus
1286 1920 1330 1958 ad
1351 1920 1462 1969 Epist.
1489 1933 1545 1958 rx.
1572 1933 1629 1969 55.
1657 1920 1804 1957 Hnms.

1198 1973 1277 2020 163.
1309 1970 1501 2022 Reflaitque
1524 1970 1695 2022 fluitque,
1724 1971 1977 2022 Occurrensque
2001 1969 2068 2020 sibi
2106 1983 2193 2006 ven-

1146 2031 1244 2058 turas
1263 2021 1407 2071 adspicit
1426 2023 1558 2067 undas,
1585 2024 1688 2071 eya]
1738 2022 1797 2059 Ad
1820 2023 1926 2070 hujus
1944 2023 2018 2059 loci
2042 2032 2196 2068 compa-2

1146 2074 1329 2111 rationem
1352 2073 1507 2122 respexit
1528 2075 1665 2111 Seneca
1683 2074 1718 2110 in
1740 2073 1905 2109 Hercule
1934 2073 2114 2109 Furente:

1198 2125 1388 2175 Demitque
1410 2138 1508 2161 curas
1522 2152 1532 2169 ‚
1559 2137 1646 2160 neve
1667 2122 1845 2159 remeandi
1863 2121 2014 2170 amplius

1197 2181 1325 2212 Pateat
1339 2175 1513 2222 facultas:
1536 2174 1687 2225 flexibus
1704 2173 1825 2209 multis
1838 2185 1989 2221 gravem

1200 2227 1363 2263 Involvit
1381 2240 1533 2265 amnem.
1562 2224 1690 2274 Qualis
1710 2224 1840 2261 incerta
1862 2235 1974 2271 vagus

1200 2279 1396 2315 Maeander
1415 2278 1511 2315 anda
1532 2277 1642 2313 ludit.
1672 2287 1715 2315 (9'
1736 2275 1821 2311 cedit
1837 2271 1927 2322 fibi,

1200 2329 1375 2380 instatque
1394 2328 1540 2374 dubius,
1566 2328 1652 2364 litus
1673 2340 1721 2362 an
1734 2328 1871 2373 fontem
1885 2332 1994 2373 petat.

1146 2381 1208 2419 De
1229 2392 1306 2428 quo
1329 2382 1368 2418 ἃ
1387 2380 1461 2429 ipse
1480 2380 1563 2417 alibi
1584 2380 1658 2416 hoc
1678 2377 1817 2414 modo:
1884 2424 1891 2430 ⁴
1942 2424 1963 2430 ..

1201 2432 1398 2468 Maeander
1418 2431 1514 2467 toties
1529 2459 1539 2474 ,
1567 2429 1627 2477 qui
1645 2427 1745 2464 terris
1766 2435 1860 2462 errat
1878 2438 1916 2460 m
1936 2423 2084 2472 iisdem}

1276 2484 1351 2528 §Qui
1371 2481 1480 2528 lapsas
1498 2479 1697 2525 insesaepe
1715 2486 1885 2525 retorquet
1895 2489 2017 2524 aquas.
2027 2476 2196 2514 CIOFAN.

1206 2531 1288 2577 πός.
1314 2531 1380 2564 Ad
1397 2541 1495 2565 mare
1513 2527 1662 2576 versus.]
1688 2533 1728 2563 In
1747 2539 1843 2563 mare
1858 2526 1969 2563 iidem
1987 2526 2116 2574 :paulo
2133 2538 2199 2563 an-

1150 2588 1187 2617 te
1206 2592 1273 2627 pro
1293 2589 1463 2618 venturas
1492 2578 1611 2627 aspicit
1635 2577 1772 2623 undas,
1800 2576 2096 2621 Arondelianus‚
2118 2587 2196 2626 pro-

1145 2630 1257 2680 spicit.
1286 2638 1422 2678 argute.
1453 2629 1598 2666 Hiems.

1207 2682 1286 2719 166.
1313 2680 1512 2730 Incertas.]
1558 2687 1728 2717 Inventas
1751 2691 1842 2717 unus
1868 2679 2018 2716 Bonon.
2044 2677 2199 2726 diversas

1151 2744 1244 2770 unus
1271 2732 1412 2770 Medic.
1438 2742 1481 2771 ey
1500 2730 1624 2768 dubias
1649 2730 1800 2767 Vivian.
1822 2732 1860 2767 ὃς
1874 2729 2045 2768 Cantabr.
2066 2730 2104 2766 δε
2122 2729 2197 2766 duo

1149 2783 1220 2822 alii.
1256 2782 1395 2831 incestas
1412 2782 1569 2830 excursat
1589 2781 1762 2822 Menard.
1784 2779 1804 2818 ὲ
1830 2793 1879 2818 m.
1902 2793 1954 2829 pr.

1206 2834 1285 2872 168.
1325 2833 1482 2871 Fallacia
1500 2832 1615 2883 teeti]
1645 2833 1883 2870 Gronovium
1906 2829 2069 2868 maluisse
2093 2829 2194 2871 texti,

1153 2884 1326 2923 Heinsius
1338 2892 1544 2922 notaverat.
1557 2883 1721 2933 sequenti
1738 2884 1853 2926 versu,
1865 2881 2136 2931 quodpostquam
2149 2879 2196 2933 est

1151 2937 1189 2973 in
1211 2938 1259 2973 D.
1280 2934 1425 2979 Heinfii
1446 2934 1611 2972 editione
1626 2964 1635 2979 ‚
1661 2934 1720 2971 sed
1740 2942 1867 2972 contra
1887 2934 2034 2981 scriptos
2055 2932 2091 2967 ὃ(
2121 2928 2199 2972 εὼτ

1151 2994 1221 3024 tos,
1249 2999 1318 3035 qua
1337 2997 1430 3023 unus
1452 2985 1619 3024 Leidens.
1637 2998 1657 3023 a
1678 2998 1728 3023 ni.
1750 2997 1802 3034 pr.
2088 3029 2094 3034 ⁶

1209 3049 1289 3083 171.
1317 3037 1437 3074 Annis
1455 3036 1634 3086 novenis.]
1666 3037 1784 3073 Annis
1802 3034 1944 3072 novenis
1961 3037 2111 3078 exponit
2123 3028 2198 3064 Ra-

1154 3089 1287 3138 pha'el,
1313 3088 1349 3126 id
1368 3087 1417 3125 est
1439 3087 1517 3137 post
1538 3099 1680 3125 novem
1701 3098 1828 3124 annos.
1857 3084 1915 3121 sed
1937 3093 2005 3136 ego
2027 3086 2117 3127 puto
2139 3090 2199 3113 no-

1155 3140 1254 3177 venis
1277 3138 1379 3176 annis
1397 3139 1662 3187 exponendum
1677 3165 1687 3181 ,
1714 3135 1893 3185 vigesimo
1910 3132 2063 3178 septimo
2083 3139 2197 3187 anno,

1158 3199 1305 3239 propter
1324 3190 1588 3227 distributivum
1610 3187 1980 3234 novenis.quanquam
2001 3178 2096 3227 apud
2107 3190 2201 3227 poe-

1158 3250 1210 3278 tas
1233 3253 1273 3277 ea
1296 3240 1518 3277 distributiva
1542 3251 1609 3287 pro
1631 3236 1886 3277 cardinalibus,
1913 3240 1954 3268 ut
1971 3237 2203 3278 vocant‚po-

1158 3300 1310 3328 nuntur.
1339 3290 1546 3325 GLAREAN.
1600 3288 1726 3324 Variat
1753 3292 1874 3320 autem
1904 3280 2086 3319 hocloco
2106 3292 2204 3317 non-

1158 3339 1251 3377 nihil
1276 3337 1297 3375 a
1318 3339 1443 3376 ceteris
1470 3342 1594 3386 po'e'ta.
1621 3333 1918 3423 ngnggsgrgilius,
1944 3333 2032 3371 item
2055 3330 2205 3370 Diodo-

1796 3396 1817 3422 2.
2119 3392 2177 3421 rus
2191 3407 2202 3425 ,
