2483 3616
431 154 1670 221 METAMORPHOSEON
1741 159 2069 225 LIB.XV.

2186 168 2314 228 1081

306 279 410 349 815
451 279 521 335 Et
548 278 776 334 referam
802 289 812 324 :
854 289 922 327 ne
950 272 1011 326 fis
1037 273 1327 327 etiamnum
1349 275 1529 345 ignara
1554 274 1736 329 futuri.

457 353 569 407 Hic
597 350 681 401 sua
708 345 999 414 complevit
1027 349 1149 416 (pro
1175 363 1284 417 quo
1300 381 1316 407 ‚
1354 349 1650 419 Cytherea,
1685 345 1909 415 laboras)

452 423 755 491 Tempora,
794 416 1066 489 pei-festi&
1104 434 1238 489 quos
1265 432 1436 473 terrae
1466 420 1681 484 debuit,
1716 420 1893 485 annis;

451 494 524 547 Ut
552 492 698 546 Deus
724 489 944 545 accedat
969 491 1156 552 coe10‚
1190 492 1506 563 templisque
1530 494 1759 556 colatur,

450 565 544 619 Tu
568 565 757 626 facie8‚
796 575 1057 631 natusque
1085 563 1231 624 sum,
1268 563 1359 634 qui
1385 564 1614 617 nominis
1637 565 1818 626 hereS,

300 642 405 696 820
444 638 752 709 Impositum
775 635 912 689 feret
937 634 1097 688 Urbis
1123 652 1256 689 onus
1283 656 1301 687 :·
1333 635 1573 706 caesique
1595 638 1824 707 parentis

441 713 554 765 Nos
576 711 632 764 in
658 709 790 763 bella
816 707 933 762 suos
956 705 1268 762 fortissimus
1291 708 1433 761 ultor
1459 708 1687 762 habebit.

440 784 577 838 Illius
603 781 840 853 auspiciis
867 779 1094 833 obseffae
1119 779 1332 834 moenia
1357 797 1547 850 pacem

439 855 596 912 ViRa
621 867 807 926 petent
837 852 1083 906 Mutinae
1108 869 1120 904 :
1163 851 1419 905 Pharsalia
1444 853 1630 907 sentiet
1658 854 1834 917 illum,

441 927 824 998 AEmathiaque
849 925 1045 978 iterum
1069 922 1348 977 madefaffi
1372 925 1537 979 caede
1562 926 1790 997 Philippi
1818 945 1829 980 :

299 1003 397 1071 825
436 1002 508 1056 Et
538 1000 802 1070 Magnum
828 996 1013 1050 Siculis
1041 1013 1242 1050 nomen
1271 997 1599 1068 superabitur
1625 999 1807 1053 undis:

439 1073 785 1143 Romanique
814 1069 967 1123 ducis
993 1068 1192 1139 conjux
1215 1068 1501 1142 AEgyptia‚
1540 1071 1728 1125 taedae

434 1146 561 1201 Non
587 1144 723 1198 bene
746 1142 861 1203 fisa,
902 1141 1059 1196 cadet
1085 1160 1096 1194 :
1137 1141 1430 1214 frustraque
1455 1143 1555 1198 erit
1581 1144 1665 1198 illa
1691 1144 1915 1211 minata,

428 1218 699 1272 Servitura
722 1215 815 1270 suo
841 1214 1105 1286 Capitolia
1128 1214 1304 1273 nostra
1327 1215 1571 1287 Canopo,

431 1289 583 1362 Quid
610 1289 705 1342 tibi
734 1286 1072 1350 Barbariem‚
1110 1301 1296 1358 gentes
1321 1287 1384 1341 ab
1411 1303 1642 1361 utroque
1663 1289 1894 1359 jacentes

287 1365 314 1421 8
323 1381 391 1430 30
429 1362 680 1427 Ocean0‚
716 1361 1038 1419 numerem?
1079 1360 1464 1434 quodcumque
1489 1361 1768 1419 habitabile
1794 1365 1945 1419 tellus

138 1577 256 1628 posset
274 1580 314 1618 ὃς
327 1607 337 1625 ,
365 1579 454 1617 orbis
473 1592 556 1617 onus
568 1594 578 1623 ;
607 1587 648 1618 ut
668 1576 713 1619 ad
727 1577 927 1618 Herculem
946 1577 1091 1618 alludat.
1118 1578 1189 1618 Vi·

138 1629 185 1668 de
210 1630 326 1668 Notas
349 1630 436 1668 Fast.
456 1631 479 1668 1.
502 1643 528 1668 1.
554 1630 607 1673 3?ss.
628 1632 711 1669 616.
742 1632 887 1668 Hms.

191 1680 276 1718 822.
304 1680 402 1717 Illius
422 1681 575 1730 auspiciis
600 1681 735 1730 obseffae
756 1681 889 1718 moenia
907 1680 1065 1730 pacem.]
1094 1682 1188 1720 Pau·

134 1731 189 1768 cis
209 1731 327 1768 verbis
348 1743 518 1780 magnam
536 1731 719 1770 historiam
745 1733 888 1780 attingit
902 1760 911 1776 ,
941 1740 1002 1769 aut
1022 1733 1188 1779 perstrin-

137 1781 190 1829 git
218 1783 362 1825 verius;
391 1784 500 1820 tertio
534 1795 644 1829 porro
668 1782 801 1820 deinde
820 1785 982 1820 carmine
1004 1783 1190 1830 madefient

136 1831 334 1881 legendum
344 1844 438 1874 ,anon
452 1832 644 1882 madescent
656 1842 803 1882 propter
813 1845 969 1871 carmen.
980 1834 1189 1872 GLAREAN.

180 1882 277 1929 ‘824
304 1883 533 1932 Emathiique
555 1885 682 1921 iterum
701 1883 886 1930 madefient
899 1884 1186 1934 caede-Philippi]

140 1931 202 1969 Sic
231 1944 361 1971 omnes
389 1933 507 1980 scripti
539 1935 630 1971 libri.
668 1934 822 1973 Pessime
849 1935 998 1984 quidam
1030 1936 1185 1984 legunt,

140 1982 346 2026 madescent.
385 1982 545 2020 Catullus
566 1986 726 2031 priorem
746 1985 941 2023 confirmat
959 1985 1158 2023 lefflionem
1176 1999 1184 2023 ε

139 2032 237 2069 ,Alta
256 2033 443 2080 Polyxenia
461 2033 645 2077 madefient
666 2036 764 2071 caede
773 2035 929 2084 sepulcra
982 2037 1041 2073 De
1062 2036 1159 2073 bello
1173 2064 1184 2080 ‚

140 2082 238 2130 apud
259 2083 445 2130 Philippos
464 2082 563 2131 gesto
577 2110 587 2128 ‚
615 2083 661 2120 fic
676 2086 1184 2124 Maniliuslib.1.Allronorn.

192 2132 327 2170 civiles
347 2134 454 2169 etiam
472 2141 584 2169 motus
612 2144 820 2182 cognataque
839 2135 926 2172 bella

190 2182 414 2231 Significant,
443 2196 500 2219 nec
514 2183 620 2231 plura
638 2184 726 2220 alias
750 2186 908 2221 incendia
929 2187 1083 2222 mundus

192 2232 381 2280 sustinuit,
410 2232 522 2280 quam
543 2236 623 2269 ciam
646 2233 786 2270 ducibus
800 2237 926 2282 jurata
949 2235 1098 2272 cruentis

192 2289 312 2321 Arma
336 2283 520 2333 Philippeos
540 2284 726 2334 implerunt
741 2285 879 2334 agmine
900 2295 1043 2336 campos.

139 2333 340 2383 Virgilius:

193 2392 367 2424 Romanas
387 2386 475 2423 acies
491 2386 618 2423 iterum
639 2386 757 2423 videre
778 2386 933 2435 Philippi.
966 2388 1136 2425 Cxomn.

140 2436 394 2485 Emathiaeque
413 2437 519 2485 prim.
540 2438 646 2475 Palat.
670 2438 774 2484 prim.
789 2437 957 2475 Vatican.
979 2438 1188 2486 prim.Mo·

139 2496 208 2524 ret.
231 2487 438 2535 Cantabrig.
458 2497 610 2536 uterque
629 2487 764 2525 Erfurt.
784 2488 891 2535 prim.
907 2489 997 2537 Reg.
1013 2488 1189 2537 Bernegg.

141 2537 277 2587 aliique
317 2538 534 2585 complures.
579 2537 816 2587 Emathiaque
856 2539 988 2576 Urbin.
1029 2539 1187 2586 Neapol.

140 2588 249 2636 prim.
265 2587 470 2636 Hamburg.
485 2588 666 2627 Arondel.
683 2589 720 2626 ὃς
742 2588 830 2626 osto
852 2598 1047 2638 praeterea.
1085 2591 1188 2639 Lege

143 2648 228 2677 cum
254 2651 328 2675 uno
351 2638 632 2684 Argentinenfi.

195 2688 433 2737 Emathiaque
450 2689 577 2725 iterum
596 2689 783 2736 madefab‘ii
804 2690 902 2727 caede
920 2689 1079 2740 Philippi.

142 2736 334 2776 Petronius
349 2767 358 2782 ‚
388 2748 427 2776 ut
450 2738 676 2776 scribendum
695 2768 704 2783 ,

196 2792 306 2824 Cerno
322 2789 474 2841 equidem
492 2792 624 2836 gemino
638 2792 715 2837 jam
729 2788 854 2835 stratos
873 2797 990 2828 Marte
1001 2791 1183 2841 Philippos.

144 2848 222 2875 non
237 2865 245 2881 ‚
269 2848 410 2885 gemma
429 2850 552 2876 morte.
573 2839 720 2888 Philippi
740 2848 864 2879 tamen
886 2842 1097 2880 foeminino
1120 2855 1182 2891 ge·

2124 1440 2291 1500 Susti-

1245 1578 1319 1618 riae
1346 1579 1554 1618 Romanae.
1590 1578 1669 1618 Dio
1698 1579 1759 1619 lib.
1780 1591 1830 1617 tx.
1856 1579 1894 1617 8<
1924 1579 2131 1629 Xipliilinus
2153 1581 2189 1618 in
2212 1582 2292 1620 Au-

1244 1631 1374 1679 gusto,
1403 1632 1463 1668 ubi
1494 1631 1710 1679 Cleopatrae
1743 1631 1871 1668 mortis
1896 1632 2090 1680 opiniones
2113 1631 2198 1669 duas
2219 1644 2292 1670 no-

1244 1690 1334 1719 tant.
1383 1679 1524 1719 Periiffe
1552 1691 1676 1719 autern
1700 1681 1934 1729 Cleopatram
1957 1683 2081 1720 aetatis
2102 1681 2183 1719 suae
2207 1694 2293 1722 ann.

1245 1744 1374 1770 xxxix.
1395 1745 1442 1769 ex
1463 1733 1632 1771 historiae
1651 1733 1879 1780 scriptoribus
1900 1732 2093 1781 colligitur.
2120 1733 2292 1770 Cxox-AN,

1298 1783 1383 1821 828.
1410 1782 1595 1820 servitura
1610 1784 1673 1831 suo
1691 1783 1865 1832 Capitolia
1885 1783 1994 1829 nostra
2018 1782 2194 1831 Canop0.]
2224 1783 2293 1820 Er-

1245 1843 1299 1872 rat
1321 1834 1479 1883 Regius,
1508 1835 1571 1882 qui
1600 1836 1650 1872 ait
1678 1834 1874 1881 Canopum
1897 1835 1940 1871 ab
1960 1833 2080 1870 Ulixis
2102 1835 2202 1869 navis
2223 1845 2292 1881 gu·

1246 1884 1440 1923 bernatore
1462 1883 1532 1922 effe
1551 1886 1872 1932 cognominatum.
1911 1884 2113 1921 Eustathius
2135 1884 2170 1919 in
2194 1884 2291 1921 Dio-

1244 1935 1321 1984 nys.
1344 1936 1565 1973 Ammianus
1594 1936 1633 1972 &
1663 1936 1744 1979 alii,
1773 1934 1794 1972 a
1816 1934 1991 1972 Menelai.
2027 1933 2229 1982 Aeschylus
2249 1935 2288 1972 in.

1243 1986 1470 2024 Prometheo
1489 1985 1534 2023 de
1551 1986 1619 2023 hac
1640 1987 1765 2023 Urbe:

1296 2033 1389 2079 Ε’ςιν
1408 2037 1514 2077 πόλις
1535 2036 1700 2079 Κάνωβος
1720 2036 1870 2081 ἐσχάτη
1889 2033 2031 2080 χθονός,

1294 2088 1433 2124 Νείλου
1451 2086 1535 2131 πρὸς
1556 2088 1655 2132 ἀντῷ
1676 2087 1810 2128 lebam-c
1830 2087 1892 2121 καὶ
1915 2084 2140 2132 προχώματι.

1295 2138 1353 2184 Est
1373 2137 1452 2173 urbs
1475 2143 1635 2183 Canopus
1655 2145 1748 2171 terra
1770 2147 1925 2173 extrema

1216 2202 1219 2204 ·
1295 2189 1361 2224 Ad
1383 2185 1462 2222 Nili
1483 2186 1602 2232 ostiam
1629 2196 1671 2225 (φ
1693 2187 1792 2223 littus
1804 2186 1887 2235 fita.
1915 2187 2083 2224 Cxorau.

1296 2237 1380 2275 828.
1409 2236 1580 2285 Capitolia
1602 2236 1752 2285 nostra]
1784 2237 2009 2286 Capitolium
2036 2235 2133 2274 unde
2145 2248 2285 2276 nomen

1182 2326 1185 2328 ,
1243 2288 1409 2327 sortitum
1443 2287 1484 2325 fit
1512 2287 1669 2324 ostendit
1698 2299 1814 2335 nuper
1844 2301 1888 2325 ex
1912 2287 2080 2324 Arnobio
2102 2289 2288 2334 pererudi-

1246 2347 1303 2377 tus
1323 2351 1365 2376 ac
1385 2339 1537 2387 diligens
1561 2339 1710 2387 juvenis
1732 2339 1958 2377 Theodorus
1979 2338 2155 2375 Canterus
2169 2366 2178 2383 ‚
2217 2340 2288 2376 UI-

1245 2390 1465 2438 trajeetinus,
1495 2390 1622 2438 ltaque
1643 2389 1793 2438 praestat
1813 2398 1933 2427 totum
1950 2396 2055 2435 caput
2076 2388 2289 2426 hucadscri-

1246 2439 1342 2477 bere.
1374 2441 1404 2477 ls
1427 2441 1526 2477 enim
1548 2451 1626 2487 cap.
1651 2452 1706 2477 11.
1734 2440 1793 2477 lib.
1815 2452 1839 2476 1.
1864 2440 1911 2477 sic
1931 2442 1979 2476 ait
2000 2452 2007 2476 :
2038 2438 2194 2484 Historici
2210 2466 2218 2482 ‚
2247 2449 2288 2476 ut

1245 2490 1479 2533 Plutarchus,
1507 2490 1783 2539 Halicarnasseus
1797 2518 1806 2534 ‚
1835 2490 1958 2526 Livius
1972 2519 1980 2533 ,
2000 2500 2104 2538 atque
2115 2490 2195 2524 adeo
2208 2489 2288 2534 alii,

1244 2541 1305 2590 qui
1325 2541 1365 2578 de
1390 2541 1665 2590 antiquitatibus
1692 2547 1924 2579 Romanorum
1937 2540 2144 2588 scripserunt
2158 2568 2167 2583 ‚
2198 2540 2289 2576 unde

1245 2591 1456 2639 Capitolium
1478 2590 1527 2639 stt
1547 2592 1679 2627 dietam
1717 2591 1885 2628 videntur
1903 2592 2071 2639 ignoraſje.
2106 2590 2204 2637 <gaia
2222 2603 2289 2626 au-

1245 2652 1314 2679 tem
1345 2642 1449 2689 hujus
1475 2641 1638 2678 vocabuli
1653 2642 1817 2691 originem
1835 2641 1927 2689 solus
1947 2640 2126 2681 Arnobius
2142 2652 2211 2676 non
2230 2641 2288 2677 vi-

1239 2694 1341 2730 detur
1368 2691 1550 2742 ignoraffi,
1579 2693 1649 2741 ejus
1669 2692 1777 2729 verba
1793 2720 1802 2734 ‚
1831 2703 1871 2728 ut
1889 2691 1937 2729 rei
1955 2703 2031 2728 tam
2060 2689 2216 2738 obfiurae
2243 2701 2287 2730 εν

1238 2743 1373 2791 ignotae
1402 2743 1510 2779 lucem
1546 2743 1728 2790 quandam
1758 2742 1877 2792 afferre
1902 2741 2041 2792 poffim,
2076 2741 2114 2777 in
2131 2741 2283 2777 mediam

1238 2794 1406 2830 adducere
1433 2806 1501 2829 non
1529 2791 1714 2841 gravabor.
1769 2793 1920 2830 Arnobii
1941 2791 2047 2828 verba
2068 2790 2148 2825 haec
2165 2790 2252 2836 sunt
2272 2816 2284 2832 ,

1239 2857 1281 2880 ex
1304 2844 1362 2880 lib.
1386 2855 1436 2880 vt.
1465 2843 1528 2880 Sed
1542 2871 1552 2888 ‚
1581 2844 1667 2894 quid
1682 2857 1736 2893 ego
1755 2843 1837 2880 haec
1853 2853 1970 2897 parva
1987 2851 2002 2878 ,τ’
2028 2839 2224 2893 Regnatqris
2244 2838 2282 2874 in

143 2899 233 2925 nere
263 2886 360 2936 apud
385 2885 524 2925 Focam
555 2889 847 2928 Grammaticum
878 2892 915 2929 in
945 2892 1020 2930 vita
1040 2893 1183 2942 Virgilii
1232 2894 1348 2943 populi
1379 2893 1547 2942 Capitolio
1570 2922 1579 2937 ,
1628 2908 1706 2945 quzs
1739 2894 1782 2938 est
1809 2893 2011 2932 hommum,
2059 2889 2119 2936 qui
2155 2897 2285 2935 tgnorec

141 2937 276 2987 legitur
287 2965 299 2983 ,

566 2987 645 3035 jam
664 2990 760 3026 caede
776 2991 911 3038 piorum

196 3039 359 3087 perfusas
377 3038 463 3074 acies
482 3037 605 3086 legitur
627 3038 748 3082 vilara
770 3042 944 3092 Philippos,

144 3089 206 3130 sed
227 3091 300 3127 illic
323 3090 501 3136 oppidum
524 3088 701 3136 v'omingin
731 3089 877 3125 Hssms.

199 3140 280 3180 826,
309 3139 521 3186 Romanique
540 3139 634 3175 ducis
651 3139 771 3187 conjux
794 3140 957 3186 Egyptian
974 3145 1095 3182 taedae
1108 3151 1188 3182 Non

143 3190 227 3227 bene
243 3191 307 3237 fisa
328 3189 466 3238 cadet.]
501 3190 581 3226 Hac
597 3189 641 3226 de
665 3202 701 3226 re
725 3189 804 3226 satis
825 3191 938 3226 multa
951 3190 1072 3230 litteris
1085 3207 1187 3233 man-

148 3242 249 3280 davit
283 3241 314 3275 C
350 3241 510 3289 'Velle-ius
533 3240 738 3277 Paterculus
767 3240 827 3276 lib.
847 3252 893 3276 ιι.
920 3240 1110 3288 Appianus
1128 3245 1191 3283 lib.

142 3303 184 3343 g:
210 3291 256 3328 de
283 3290 384 3328 Bello
416 3290 691 3338 Alexandrino,
725 3289 885 3342 Zonaras
910 3290 974 3342 lib.
994 3301 1040 3331 ix.
1067 3291 1193 3344 gistog

140 3350 148 3360 ²
251 3345 349 3380 som·
371 3344 418 3381 110

1241 2945 1313 2982 Toli
1338 2945 1394 2992 effe
1415 2944 1609 2992 sepulcrum
1633 2941 1837 2980 Vulcentam'
1853 2948 1868 2975 ,ἓ
1904 2938 1980 2993 qais
2009 2936 2074 2984 est,
2110 2938 2281 2985 inquam,

1240 2995 1302 3046 qui
1319 3009 1386 3031 non
1398 2995 1512 3043 sciat,
1540 3008 1581 3030 ex
1590 2990 1847 3038 fundaminum
1863 2987 2000 3036 sedibus
2013 2997 2112 3035 caput
2134 2987 2285 3025 hominis

1240 3046 1445 3087 evolutum,
1474 3056 1565 3084 non,
1600 3051 1682 3075 ame
1702 3038 1894 3086 plurimum
1926 3039 2104 3085 temporis,
2140 3048 2204 3073 aut
2226 3039 2284 3086 fii-

1240 3096 1316 3132 lam
1342 3093 1502 3142 partibus
1533 3091 1648 3126 ceteris
1678 3089 1752 3136 (hoc
1781 3089 1871 3125 enim
1901 3088 2045 3137 qnidam
2057 3090 2197 3134 fierunt)
2218 3098 2283 3125 aut

1244 3157 1319 3180 cum
1352 3140 1514 3177 membris
1543 3139 1699 3176 omnibus
1729 3138 1942 3175 humationis
1963 3137 2067 3184 officia
2082 3139 2247 3185 sortitum
2268 3148 2285 3178 ,Ρ

1245 3191 1397 3241 (ἐζμὸίῖβ
1410 3191 1556 3239 planum
1575 3189 1649 3234 fieri
1673 3190 1868 3236 testirroniis
1886 3189 2059 3237 postulatis
2078 3191 2257 3224 aut-rorum
2272 3216 2283 3233 ‚

1247 3242 1503 3283 Sammonicus,
1534 3240 1708 3284 Granius,
1747 3239 1947 3275 Valerianus
1974 3237 2071 3273 vobis
2096 3249 2139 3277 ω’
2160 3238 2287 3276 Fabius

1247 3291 1467 3333 indicabunt:
1485 3291 1579 3338 cajus
1601 3290 1700 3328 Talus
1716 3289 1823 3341 suerit
1838 3288 1934 3340 filius
1948 3316 1958 3335 ,
1982 3288 2094 3338 gentis
2116 3301 2159 3330 (θ’
2175 3289 2289 3327 natio-

1428 3341 1632 3380 Xxxxxx
2240 3340 2294 3379 nis
