2483 3616
232 206 336 272 614

681 192 752 251 Ῥ.
825 182 1242 248 OVIDII
1310 172 1850 238 NASO'Nfflss

535 310 626 366 llle
651 309 813 363 etiam
840 304 1063 361 Cereale
1087 314 1275 355 nemus
1293 292 1512 349 violasse
1539 290 1708 347 securi

536 382 783 442 Dicitur;
821 379 878 432 δε
904 378 1051 430 lucos
1075 365 1519 427 feri-oremerass'e
1544 361 1792 417 vetustos.

543 455 720 510 Stabat
747 453 803 506 in
820 452 904 510 ,his
934 450 1119 518 ingens
1145 441 1343 498 annoso
1367 439 1564 494 robore
1590 449 1854 506 quercus;
2077 499 2080 503 „

540 527 660 582 Una
684 541 897 579 nemus:
936 521 1101 574 vittae
1124 514 1384 574 mediam,
1421 523 1802 577 memoresque
1830 500 2080 562 tabellae,

401 621 502 675 745
541 601 799 671 Sertaque
824 595 1136 665 cingebant,
1172 587 1287 641 voti
1312 592 1622 654 argumenta
1647 576 1899 653 potentis.

544 674 710 743 Saepe

734 670 827 724 sub
853 669 949 723 hac
977 661 1217 734 Dryades
1243 656 1396 711 festas
1422 653 1627 708 duxere
1652 650 1902 705 choreas:

544 746 712 815 Saepe
739 743 929 801 etiarn,
967 736 1205 791 manibus
1229 729 1379 785 nexis
1403 745 1471 782 ex
1495 725 1714 786 ordine,
1752 719 1929 775 trunci

544 814 825 873 Circuiere
851 809 1101 869 modum:
1140 803 1493 879 mensuraque
1518 796 1726 853 roboris
1751 795 1897 850 ulnas

248 1044 459 1095 depasceret
485 1040 524 1079 δε
556 1044 715 1077 voraret.
751 1035 977 1074 Mrcrrtus.
1029 1032 1183 1071 Refutat
1200 1031 1298 1068 hanc

253 1096 402 1146 Micylli
423 1092 644 1142 opinionem
672 1087 886 1136 Leopardus
907 1085 1101 1122 Emendat.
1124 1082 1185 1120 lib.
1207 1093 1297 1119 xm.

251 1160 331 1197 cap.
355 1159 409 1194 19.
436 1144 498 1182 ubi
519 1142 619 1191 plura
636 1140 680 1178 de
699 1141 768 1176 hac
785 1136 916 1175 fabula.
967 1135 1037 1183 Jui.
1064 1133 1165 1171 Caes.
1187 1132 1297 1170 Scali-

253 1211 319 1249 ger
341 1209 431 1234 vero
455 1194 516 1232 lib.
544 1205 580 1230 v.
607 1191 748 1229 Poetic.
778 1199 856 1237 cap.
882 1187 916 1224 8.
947 1187 1043 1224 hanc
1075 1183 1205 1222 Ovidii
1231 1183 1296 1220 de·
1370 1185 1375 1192 '

253 1249 492 1297 scriptionem
512 1256 598 1282 cum
623 1240 841 1280 Callimachi
865 1237 1083 1286 componit,
1113 1236 1151 1273 ὃς
1169 1234 1297 1273 secun-

255 1301 347 1347 dum
371 1297 555 1336 Ovidium
576 1293 793 1332 sententiam
815 1290 896 1327 fert.
923 1288 1056 1328 Burin.

310 1362 395 1397 740.
422 1347 510 1386 Aris
528 1345 677 1382 adoleret
699 1339 878 1389 honore5.]
934 1339 1060 1375 Odores
1087 1336 1300 1376 vetustiores

245 1401 434 1455 plerique.
461 1397 637 1446 Virgilius
656 1403 783 1432 tamen
802 1391 901 1429 Aen.
921 1402 983 1427 111.
1006 1399 1088 1438 547.

308 1472 450 1519 Junoni
471 1468 632 1519 Argivae
644 1466 747 1517 juffi>s
765 1466 940 1506 adolemus
957 1463 1106 1503 honores.
1134 1461 1282 1499 Hiems.

256 1547 307 1587 Et
319 1546 453 1585 Noster
461 1545 603 1595 paffim,
617 1543 705 1584 turis
717 1542 877 1581 honorem
889 1547 1011 1577 vocat.
1022 1536 1095 1575 vid.
1109 1536 1169 1574 lib.
1178 1549 1214 1574 x.
1224 1535 1270 1573 68
1279 1547 1309 1574 1.

259 1610 341 1636 mv.
367 1609 447 1645 130.
469 1608 526 1635 11.
541 1595 666 1634 ‘'Trist.
687 1595 746 1641 76.
790 1592 866 1630 Ubi
898 1600 1024 1628 tamen
1056 1590 1170 1626 etiam
1201 1586 1311 1625 odore.

260 1649 338 1686 vid.
358 1648 403 1685 ad
414 1649 649 1696 Petron.cap.
667 1656 826 1682 cxxxm.
845 1641 1023 1680 adhiberet
1041 1639 1182 1681 honores
1193 1639 1306 1679 etiam

257 1699 498 1745 aestimaret
519 1710 623 1736 unus.
656 1696 788 1734 Euam.

315 1774 400 1812 743.
428 1761 591 1811 Robora]
621 1759 754 1798 Cortice
770 1769 862 1797 unus
884 1755 1026 1794 Medic.

318 1825 402 1861 744.
430 1820 506 1849 Una
527 1810 688 1859 nemus]
718 1810 817 1847 Vide
837 1808 882 1846 ad
902 1807 1009 1856 Epist.
1022 1817 1083 1843 xv.
1106 1805 1188 1849 160.

321 1876 403 1913 745.
432 1861 624 1911 Pot·entis.]
654 1860 806 1898 Mallem
822 1868 1002 1909 potentum
1017 1885 1027 1902 ‚
1050 1856 1146 1895 idest
1164 1855 1310 1906 quivo-

262 1919 294 1958 ti
320 1922 515 1964 compotes
528 1921 629 1951 erant
649 1911 748 1949 faeci.
769 1911 857 1949 Stat.
876 1922 930 1947 1x.
949 1920 1032 1957 551.

317 1982 372 2019 Sic
389 1979 444 2016 ait
461 1990 503 2018 (9'
512 1977 580 2028 fise
599 1976 675 2013 voti
686 1975 782 2023 facit
801 1974 865 2025 ipse
883 1983 1062 2025 potentem.

266 2041 360 2082 Fast.
380 2056 443 2081 111.
468 2043 554 2090 269.

321 2107 420 2189 Saelpe
433 2110 550 2158 potens
568 2099 644 2141 voti
653 2101 810 2148 frontem
832 2098 998 2138 redimita
1019 2097 1146 2139 coronis

400 2165 550 2191 oemlna·

269 2213 357 2263 Sup.
378 2213 469 2252 vers.
490 2213 550 2252 80.

325 2278 469 2330 Votique
489 2278 558 2317 mei
573 2280 721 2329 fac-'lura
749 2287 937 2329 potentem.
987 2279 1140 2320 Histris.

298 2403 305 2408 ᾖ
327 2350 410 2396 748.
437 2349 688 2407 circumiere]
718 2350 762 2387 In
781 2350 874 2388 libro
904 2350 1007 2388 Statii
1036 2349 1189 2397 aliisque
1210 2350 1322 2381 vete-

277 2401 386 2457 ribus.
407 2406 579 2438 Ctrcusere
606 2401 680 2439 fine
709 2414 756 2437 m.
809 2401 953 2439 Verum
981 2414 1017 2438 m
1045 2394 1242 2437 necessario
1265 2405 1323 2431 re-

278 2459 442 2507 quiritur.
471 2451 513 2507 In
531 2453 593 2490 lib.
619 2465 647 2491 1.
678 2452 786 2490 Pont.
814 2464 860 2490 11.
887 2465 948 2489 20.
972 2457 1071 2488 More
1090 2449 1160 2497 lupi
1191 2445 1324 2493 clausas

282 2512 524 2557 czrcumeurms
542 2517 632 2540 oves.
659 2503 845 2549 Juvenalis
876 2515 912 2541 v.
933 2513 992 2551 23.
1019 2501 1159 2549 Frigida
1179 2499 1325 2535 circum-

284 2561 368 2587 eunt
384 2561 471 2599 ngrz
493 2558 639 2589 Sarraca
657 2559 789 2591 Bootae.
818 2554 1038 2592 Cromnos.
1093 2550 1163 2589 Sed
1183 2546 1328 2587 Brouk-

285 2601 558 2657 husius-noster
591 2603 636 2640 ad
670 2604 839 2652 ‚Propere
883 2606 944 2642 lib.
974 2617 1020 2647 11.
1054 2603 1156 2651 Eleg.
1188 2611 1241 2638 w.
1269 2597 1328 2634 26..

283 2651 442 2706 ostendit
465 2653 605 2708 ctrcuf're
633 2653 862 2691 scribendum
888 2654 969 2692 effe.
1001 2656 1040 2692 in
1068 2651 1254 2700 Juvenalis
1272 2649 1330 2685 lo-

284 2714 332 2759 co
350 2701 479 2748 legitur
501 2729 510 2744 ‚
536 2713 786 2748 ctrcumagunt.
823 2717 1015 2741 concurrere
1041 2705 1106 2742 hic
1128 2713 1222 2740 unus
1244 2699 1332 2737 Me-

287 2753 425 2795 diceuS.
470 2750 611 2787 domum
644 2752 754 2788 etiam
788 2765 879 2790 unus
909 2754 1080 2792 Leidens.
1108 2754 1184 2791 vid.
1210 2750 1256 2788 ad
1283 2761 1335 2786 11.

290 2804 374 2842 Art.
401 2802 482 2851 361.
511 2810 552 2839 ut
573 2803 621 2838 ita
645 2803 821 2839 corticem
834 2814 944 2841 vocet
965 2806 1122 2841 domum
1147 2801 1336 2851 nymphae

292 2854 357 2896 sub
377 2854 505 2890 arbore
530 2853 700 2889 viventis,
737 2851 782 2889 de
805 2853 1033 2892 craffitudine
1054 2865 1144 2892 vero
1163 2854 1336 2889 arborum

291 2905 368 2944 vid.
391 2904 483 2941 Plin.
509 2914 590 2941 xvr
610 2915 668 2948 40.
705 2901 917 2940 Burmann.

344 2967 428 3003 750.
455 2955 644 3001 Quantum
656 2952 734 2999 fuit
753 2952 858 2989 herba
868 2952 935 3001 sub
952 2953 1058 2990 omni.
1077 2953 1094 3002 ]
1124 2952 1184 2989 Sic
1205 2961 1337 2988 omnes

287 3006 372 3052 rfers:
398 3013 539 3042 veteres
559 3004 652 3041 libri.
677 3003 851 3051 Vulgafl,
869 3003 936 3051 sub
955 3004 1033 3040 illa.
1061 3004 1232 3039 ConAN.
1259 3002 1338 3038 Lo-

292 3070 356 3097 cus
378 3055 475 3094 male
492 3054 644 3092 habitus.
697 3053 928 3092 Florentinus
957 3054 991 3091 S.
1011 3054 1150 3096 Marci,
1178 3052 1339 3098 Berneg-

294 3121 369 3159 ger.
387 3107 493 3156 prim.
512 3104 798 3153 Hamburgensis
814 3133 823 3149 ‚
854 3105 961 3142 Cant.
982 3105 1088 3152 prim.
1122 3102 1309 3140 Gronovii
1328 3127 1338 3143 ,

297 3221 398 3256 santo
435 3209 472 3245 ὃς
512 3217 655 3257 quanto.
691 3206 802 3244 recle.
848 3205 983 3244 deinde
1004 3234 1014 3251 ,
1051 3205 1128 3252 fuit
1152 3202 1256 3239 herba
1276 3200 1344 3250 sub

299 3260 394 3297 omni
416 3260 451 3295 in
475 3258 651 3305 plerisque
671 3256 967 3306 castigatioribus.
994 3255 1060 3294 nisi
1072 3254 1223 3305 quodin
1236 3255 1345 3303 prim.

294 3312 432 3359 leafurt.
450 3310 557 3357 prim.
588 3310 761 3348 Gronov.
789 3309 829 3348 &
855 3320 932 3348 uno
957 3319 1050 3357 *tn-eo
1072 3335 1083 3354 ‚
1115 3307 1209 3357 jacet
1240 3303 1346 3349 herba

2142 857 2392 932 Quinque

1345 1025 1414 1075 sub
1433 1022 1539 1062 omni.
1584 1013 1954 1063 Rottendorphianus
1970 1038 1980 1056 ,
2007 1007 2110 1048 Silva
2128 1016 2302 1057 quantum
2319 1004 2395 1053 fuit
2470 977 2472 1048 l

1353 1076 1459 1114 herba
1478 1073 1545 1123 sub
1566 1071 1642 1109 illa.
1668 1069 1776 1118 prim.
1798 1064 1939 1103 Medic.
1966 1070 2098 1111 quanto
2107 1059 2185 1106 fuit
2204 1056 2310 1095 herba
2328 1055 2394 1107 sub
2470 1066 2471 1095 g

1353 1127 1482 1165 arbore.
1537 1123 1658 1161 Scribe
1672 1134 1680 1158 ε

1584 1210 1643 1235 nec
1663 1208 1731 1233 non
1751 1204 1795 1233 (Ὺ
1818 1202 1927 1231 cetera
1947 1198 2046 1228 tanto

1356 1326 1472 1363 Libro
1491 1336 1580 1362 xm.
1601 1321 1685 1372 368.

1589 1396 1722 1438 quanto
1744 1385 1819 1422 dux
1837 1382 1950 1421 milite
1967 1380 2100 1430 major,

1415 1446 1526 1478 Tanto
1544 1452 1597 1488 ego
1618 1448 1650 1474 te
1659 1437 1792 1487 supero.

1363 1503 1418 1541 lta
1448 1502 1546 1540 reffle
1575 1500 1747 1541 meliores
1777 1498 1938 1538 codices.
1967 1496 2061 1546 jacet
2078 1492 2212 1545 silva.
2249 1501 2291 1534 ut
2308 1491 2400 1534 libro
2470 1478 2471 1482 Ἰ

1363 1567 1409 1593 11.
1432 1566 1514 1603 179.

1592 1627 1703 1657 terrae
1718 1617 1859 1668 penitus
1869 1614 2069 1667 penitusque
2079 1613 2247 1663 jacentes.

1364 1681 1505 1720 Seneca
1525 1683 1687 1720 Hercule
1707 1682 1867 1720 Furente
1889 1709 1900 1726 ‚
1928 1690 2012 1725 720.

1594 1751 1747 1795 Campus
1766 1743 1857 1780 hanc
1878 1742 1967 1778 circa
1981 1740 2075 1789 jacet
2088 1766 2100 1783 ,

1416 1803 1458 1835 In
1479 1810 1544 1847 quo
1554 1796 1694 1846 superbo
1716 1796 1841 1846 digerit
1861 1792 1969 1830 vultu
1986 1789 2110 1839 sedens

1419 1849 1578 1886 Animas
1597 1857 1754 1888 recentes.

1368 1911 1512 1951 Solinus
1541 1919 1620 1956 cap.
1642 1918 1703 1954 30.
1726 1905 1772 1943 de
1804 1904 1955 1944 Cilicia:
1988 1900 2147 1941 Plurima
2170 1900 2264 1951 jacet
2289 1897 2411 1950 campa]

1369 1962 1454 2002 Val.
1473 1960 1620 2003 Flaccus
1640 1957 1700 1994 lib.
1724 1969 1752 1993 1.
1781 1955 1867 2003 831.

1425 2021 1560 2072 Ingenti
1574 2021 1668 2070 jacet
1690 2031 1744 2055 ore
1766 2015 1876 2054 chaos.

1373 2100 1424 2139 Et
1445 2099 1494 2138 sic
1512 2098 1557 2136 de
1580 2098 1703 2136 inferis
1732 2096 1836 2144 saepe
1871 2096 2020 2143 poetae.
2067 2091 2250 2129 cubantem
2272 2090 2415 2139 Usticant

1366 2151 1451 2200 'pari
1471 2149 1588 2188 modo
1607 2160 1673 2197 pro
1693 2143 1854 2196 depressa
1875 2145 1968 2183 dixit
1990 2143 2168 2181 Horatius
2188 2143 2279 2180 libro
2303 2138 2415 2189 1.Od.³

1376 2214 1475 2239 xvri.
1505 2202 1648 2238 Hmus.
1686 2199 1746 2236 Sic
1773 2197 1878 2244 saepe
1901 2194 2036 2232 Noster
2065 2204 2165 2230 tanto
2199 2194 2238 2230 ὃς
2277 2190 2416 2244 quanto}

2469 1641 2473 1776 l

1403 1252 1503 1290 silva
1514 1249 1583 1299 sub
1605 1249 1670 1285 hac
1684 1276 1694 1293 ‚
1714 1244 1815 1296 silvai
1835 1253 1967 1297 quanto
1981 1242 2075 1291 jacet
2096 1234 2202 1275 herba
2214 1233 2279 1284 sub
2292 1232 2396 1273 omni.
2470 1204 2471 1235 E

1376 2252 1463 2290 vide
1480 2252 1540 2290 lib.
1560 2264 1587 2289 1.
1610 2263 1667 2298 52.
1700 2250 1739 2287 ὅ(
1770 2248 1855 2294 468.
1882 2248 1924 2284 &
1952 2245 1996 2283 ad
2024 2244 2132 2293 Epist.
2150 2255 2267 2282 xvxix.
2298 2255 2352 2290 71.
2378 2242 2414 2280 &
2482 2246 2483 2250 ’

1376 2304 1473 2342 hanc
1493 2302 1659 2346 Heinfii,
1690 2302 1820 2349 (quem
1836 2306 1925 2335 tunc
1953 2295 2131 2344 temporis
2160 2294 2196 2331 ἐν
2228 2292 2415 2336 ποιητικοῖς
2481 2291 2483 2342 ᾗ

1379 2354 1646 2398 ἐπισημότατον
1668 2349 1864 2396 vocabat,)
1893 2347 2197 2385 emendationem
2211 2339 2420 2394 probatipse'
2478 2360 2483 2381 c

1376 2407 1452 2454 Jac.
1468 2406 1645 2442 Gronov.
1665 2402 1710 2441 ad
1731 2399 1900 2439 Macrob.
1921 2399 2024 2436 Som.
2053 2397 2147 2446 Scip.
2174 2408 2231 2435 11.
2247 2408 2282 2444 4.
2317 2394 2416 2433 Bon.-

1381 2470 1557 2496 manuus.

1434 2520 1516 2557 751.
1545 2503 1779 2555 Dryope‘ius.]
1834 2501 2080 2540 Erificlithon.
2107 2499 2279 2549 Dryopes
2297 2493 2417 2548 populi

1382 2559 1464 2597 sunt
1507 2555 1740 2601 Thessaliae,
1769 2554 1790 2592 a
1819 2554 1976 2603 Dryope
2004 2563 2088 2601 rege
2110 2550 2222 2594 dieti,
2249 2548 2346 2587 unde
2379 2546 2417 2584 &

1385 2608 1570 2648 Thessalia
1592 2608 1755 2657 Dryopis
1775 2606 1844 2644 fuit
1863 2604 2052 2653 appellata.
2116 2601 2281 2649 Quidam
2301 2606 2420 2636 tamen

1387 2660 1620 2698 contendunt
1646 2659 1837 2707 Triopeium
1865 2654 1887 2692 a
1918 2655 2065 2702 Triope
2093 2661 2193 2700 patre
2217 2648 2287 2688 effe
2304 2650 2424 2697 legen-

1389 2711 1493 2748 dum.
1546 2708 1715 2746 Tametsi
1734 2714 1909 2755 Dryopem
1929 2702 2028 2742 reete
2047 2703 2189 2756 legatur
2208 2703 2246 2739 iri
2258 2698 2423 2739 omnibus

1391 2759 1658 2808 exemplaribus
1673 2785 1683 2801 ‚
1709 2759 1747 2794 &
1766 2769 1811 2793 ex
1833 2758 1902 2793 hac
1922 2754 2086 2791 leffione
2102 2752 2194 2789 nihil
2220 2749 2354 2801 prorsus
2363 2746 2424 2785 ab·

1392 2812 1484 2849 surdi
1504 2810 1694 2858 sequatur:
1724 2808 1762 2844 &
1785 2803 1921 2853 signate
1943 2805 2127 2852 Dryope'z'us
2152 2811 2326 2852 tanquam
2348 2799 2425 2836 bar-

1391 2863 1496 2899 barus
1525 2859 1723 2908 appellatur
1744 2886 1756 2902 ‚
1792 2868 1878 2893 cum
1913 2857 1983 2892 liae
2011 2854 2057 2892 de
2087 2854 2189 2891 causa
2218 2850 2324 2901 paulo
2351 2846 2427 2897 post

1392 2911 1587 2960 Thessalum
1609 2920 1762 2958 quoque
1781 2907 1896 2955 ipsum
1918 2914 2043 2943 vocet.
2072 2906 2239 2942 Rfioius.
2266 2899 2429 2946 Triopeius

1394 2961 1415 2999 ὲ
1437 2963 1580 3009 Triopa
1604 2960 1863 2997 hrifichtlionis
1885 2965 1984 3005 patre
2003 2956 2135 3005 legitur
2157 2954 2177 2991 a
2195 2947 2402 3004 quibusdam
2414 2961 2428 2990 5
2462 2951 2465 2970 ⁶

1396 3013 1460 3049 etsi
1479 3013 1517 3049 in
1538 3010 1682 3048 vetustis
1703 3021 1855 3058 quoque
1883 3007 2150 3055 exemplaribus
2171 3001 2352 3049 Dryope'tus
2373 3008 2429 3035 re-

1396 3062 1454 3100 έ-ὶὲ
1473 3062 1643 3110 scriptum
1666 3060 1729 3103 fit,
1756 3071 1834 3108 quo
1854 3058 2005 3107 quidem
2026 3056 2178 3095 nomine
2208 3053 2244 3088 δε
2267 3048 2429 3087 barbarus

342 3161 347 3166 .
795 3157 800 3162 .
915 3156 920 3160 .
1148 3154 1166 3159 .,
1299 3151 1304 3156 .
1397 3111 1615 3160 significatur
1653 3110 1883 3148 Erisichthon
1908 3138 1918 3154 ‚
1958 3111 1996 3146 &
2029 3107 2050 3145 a
2077 3104 2253 3151 religione
2271 3101 2431 3137 alienus:
2462 3113 2463 3147 i

295 3172 405 3209 prim.
430 3165 514 3195 tert.
538 3164 667 3205 quart.
698 3155 837 3194 Medic.
862 3154 1014 3203 Spirens.
1041 3156 1078 3192 ὅ(
1110 3155 1169 3191 alii
1201 3151 1306 3189 multi
1324 3177 1340 3193 ,‚
1398 3164 1558 3212 denique
1580 3163 1655 3198 hoc
1674 3162 1762 3198 10oe
1783 3163 1968 3210 Dryope-ius
1993 3158 2041 3196 fic
2058 3163 2233 3196 vocatur,
2262 3158 2300 3188 ut
2323 3146 2429 3198 paule,
2461 3149 2464 3168 ι

1401 3214 1477 3263 post
1503 3212 1673 3261 Theffizlus
1685 3212 1892 3260 appellatur.
1909 3212 2022 3247 IDEM.
2038 3208 2142 3254 Lege
2156 3232 2166 3249 ,
2178 3202 2343 3249 Triopeius
2356 3226 2366 3242 ,
2392 3205 2431 3235 ut

1401 3265 1569 3303 nonnulli
1582 3263 1835 3300 emendarunt.
1851 3261 1985 3309 Triopas
2005 3259 2104 3296 enim
2120 3284 2130 3300 ,
2143 3263 2182 3293 ut
2195 3249 2432 3290 Callimachus

1402 3318 1440 3356 in
1465 3317 1612 3365 hymno
1632 3314 1797 3359 Cereris,
1819 3312 1877 3356 vel
1899 3311 2034 3360 rriops,
2062 3316 2102 3348 ut
2121 3304 2332 3347 Hellanicus
2342 3297 2433 3336 rteste.
2460 3316 2461 3321 =

2359 3346 2439 3392 Stet
