2483 3616
322 122 1570 218 ‘METAMORPHOSEON
1642 162 1976 225 LIB.XII.

2127 167 2220 234 833

375 271 449 327 Et
471 271 640 345 quatit
657 270 770 351 ‘huc
795 271 946 336 illue,
982 273 1233 330 labefacta
1275 294 1342 333 ue
1369 277 1564 332 robora
1589 275 1776 348 jactat,

233 363 334 412 330
371 345 584 398 Lancea
609 342 862 407 Pirithoi,
897 345 1051 400 costis
1078 347 1226 403 immi
1271 350 1297 404 a
1323 350 1563 414 Petraei,

371 414 595 470 Pectora
619 432 744 470 cum
770 417 910 472 duro
935 417 1180 474 luctantia
1206 422 1402 481 robore
1425 423 1557 476 fixit.

372 487 600 542 Pirithoi
625 488 822 543 virtute
849 490 1062 561 Lycum
1086 492 1332 547 cecidisse
1359 493 1600 548 ferebant
1625 514 1637 548 :

366 559 594 614 Pirithoi
618 561 864 617 cecidiffe
888 562 1169 619 Chromin.
1208 564 1300 620 sed
1326 577 1554 637 uterque
1581 566 1848 623 minorem

366 630 579 687 Victori
602 632 844 698 titulum,
881 653 1042 708 quam
1067 636 1253 710 Diciys
1275 636 1622 709 Helopsque,
1662 638 1943 696 dederunt.

217 722 251 768 3
267 719 330 771 35
368 702 528 759 Fixus
556 703 766 777 Helops
787 706 992 776 jaculo,
1028 710 1178 782 quod
1202 710 1384 782 pervia
1412 722 1658 781 tempora
1681 709 1845 774 fecit3

370 775 442 831 Et
466 776 674 833 miffum
699 779 728 831 a
753 777 943 833 dextra
973 780 1176 835 laevam
1202 782 1501 854 penetravit
1526 784 1582 836 in
1608 799 1807 838 aurem.

366 848 584 922 muys,
619 849 682 903 ab
711 851 931 922 ancipiti
956 851 1193 924 delapsus
1218 855 1462 909 acumine
1489 854 1714 915 montis,

369 920 518 976 Dum
542 922 680 994 fugit
702 921 983 976 instantem
1008 925 1279 995 trepidans
1306 926 1490 982 Ixione
1516 939 1697 981 natum
1715 965 1731 990 ‚

373 993 597 1048 Decidit
625 995 681 1048 in
703 1011 985 1066 praeceps:
1029 995 1082 1048 &
1109 998 1350 1066 pondere
1374 999 1614 1071 corporis
1642 1014 1837 1054 ornum

225 1082 331 1134 *340
366 1064 646 1137 Ingentem
672 1066 863 1137 fregit;
904 1067 1097 1140 suaque
1120 1068 1293 1123 induit
1317 1071 1402 1125 ilia
1426 1070 1633 1125 fractae.

371 1137 531 1192 Ultor
557 1137 702 1193 adest
724 1138 1004 1210 Aphareus
1031 1159 1043 1193 :
1082 1140 1370 1214 saxumque
1397 1143 1427 1196 e
1453 1155 1638 1197 monte
1662 1143 1926 1200 revulsum

368 1209 599 1265 Mittere
626 1225 866 1266 conatur.
902 1225 1190 1267 conantem
1216 1213 1387 1286 stipite
1411 1232 1618 1287 querno

77 1425 211 1466 cetera,
237 1419 353 1466 dixit,
381 1419 563 1458 Manibus.
594 1433 661 1470 pro
677 1420 780 1470 plura
797 1421 930 1459 locutus
951 1421 984 1460 S.
997 1423 1118 1462 Marci

64 1472 224 1518 ⁴codex,
259 1473 367 1521 prim.
399 1472 537 1510 Moret.
562 1471 630 1510 sec.
658 1473 771 1511 Palat.
798 1473 837 1510 δε
866 1484 1007 1510 novem
1035 1474 1117 1519 alii,

64 1533 244 1561 waratus.
265 1523 326 1561 sex
354 1533 440 1560 cum
470 1521 650 1560 Arondel.
667 1524 705 1561 &
733 1524 800 1572 pri.
814 1522 917 1560 Bafil.
937 1523 1094 1561 minatus
1107 1552 1118 1568 ‚

59 1581 273 1662 :iugumque
295 1572 445 1622 praestat
455 1573 796 1622 vulgataeleetioni.
823 1574 966 1613 Hiems.
985 1574 1059 1613 vid.
1072 1574 1119 1613 ad

62 1635 65 1653 ῑ
89 1636 98 1662 i
126 1636 217 1664 .111.
245 1636 258 1662 1
318 1653 325 1660 .

125 1685 212 1724 323.
241 1636 389 1725 T3r3fit.]
420 1672 520 1723 Mifit
536 1685 629 1713 unus
646 1675 804 1714 Heinsii.

124 1736 208 1775 325.
238 1725 376 1776 Mora]
407 1732 495 1762 Mox
514 1726 590 1763 Ox.
610 1727 648 1763 &
670 1734 830 1774 quatuor
848 1726 922 1764 alii.

125 1787 208 1825 325.
236 1776 407 1826 Plenaque
424 1777 441 1812 e
453 1776 621 1825 gurgite]
650 1776 815 1821 Ventre,
841 1788 955 1826 quem
968 1784 1117 1826 propter

62 1826 368 1876 *magnitudinem
383 1827 552 1875 gurgitem
573 1834 696 1865 vocat.
710 1827 842 1876 legitur
865 1827 998 1871 etiam,
1026 1832 1119 1864 Gut-

66 1885 159 1915 ture.
196 1878 363 1916 Rrems.
393 1877 558 1925 Raphae'l
586 1877 706 1926 legit,
738 1876 939 1927 plenoque}
959 1878 1117 1926 gurgite,

69 1928 113 1964 ‘&
134 1930 310 1974 exponit,
336 1935 465 1966 ventre
479 1954 490 1971 ,
517 1939 630 1977 quem
652 1937 800 1976 propter
819 1928 1114 1976 magnitudinem

59 1978 256 2024 ‚gurgitem
283 1986 405 2016 vocat.
421 1980 512 2015 haec
538 1978 611 2016 ille.
629 1977 687 2015 sed
713 1979 731 2015 ὶ2
748 1988 890 2027 gutture
913 1978 1113 2028 legendum

74 2025 124 2062 est
139 2038 149 2062 ε
167 2025 254 2063 illud
285 2028 398 2074 magis
416 2027 548 2065 lectori
567 2028 869 2067 considerandum
885 2057 896 2073 ‚
922 2040 1012 2067 num
1036 2029 1115 2068 satis

57 2074 170 2113 :recte
191 2075 235 2113 ab
256 2076 392 2113 eodem
412 2077 618 2125 expofitum
631 2079 696 2124 fit,
726 2085 833 2129 Inque
851 2089 938 2116 toros
951 2107 962 2124 ,
990 2079 1027 2118 id
1042 2080 1114 2125 est,

71 2125 112 2164 in
134 2125 273 2164 lectum
301 2127 339 2164 &
367 2126 465 2164 ursae
492 2128 624 2175 pellem
638 2157 649 2174 ‚
676 2130 780 2180 quod
797 2141 868 2179 ego
890 2138 1016 2168 tamen
1036 2142 1115 2168 non

71 2175 316 2224 reprehendo.
347 2177 554 2216 GLAREAN.
581 2180 659 2217 Aut
688 2182 798 2218 etiam
830 2184 867 2219 in
896 2181 1021 2229 pulpas
1051 2193 1116 2230 pe-

73 2226 184 2264 ecoris
198 2255 208 2271 ‚
234 2226 308 2265 sive
338 2238 473 2265 armos.
493 2235 534 2265 ut
560 2228 605 2266 de
625 2232 806 2270 anteriore
828 2239 930 2279 parte
949 2233 1114 2271 centauri

70 2277 305 2326 intelligatur.
331 2278 509 2315 Mrcrm..
538 2283 644 2330 Inque
653 2278 751 2328 finus
768 2282 872 2320 Basil.

124 2339 207 2377 327.
237 2328 315 2365 Vidi
334 2342 385 2375 ego
405 2329 625 2377 Petraeum]
656 2331 849 2379 Proprium
862 2332 1115 2370 nomenaPe-

70 2387 129 2415 tra
151 2406 161 2423 ,
189 2379 227 2416 in
246 2378 429 2416 Theffalia
448 2379 536 2416 loco
550 2407 561 2424 ,
587 2379 650 2417 ubi
681 2380 866 2417 colebatur
894 2382 1114 2427 Neptunus,

60 2437 325 2477 cognomento
352 2435 535 2473 Petraeus,
561 2429 743 2478 quoniam
771 2428 995 2476 ibipercuffa
1012 2439 1114 2478 petra

67 2490 207 2528 equum
228 2481 451 2517 evocaverit.
479 2480 582 2528 Lege
599 2490 692 2528 quae
711 2478 960 2527 scripsimusin
973 2481 1113 2527 primae

70 2529 394 2568 Colleeraneorum
420 2529 663 2578 Hecatostyos
683 2542 712 2566 c.
731 2539 789 2577 57.
816 2530 962 2566 δοκεῖ.
981 2529 1078 2567 ΡΑΝ.

121 2591 205 2627 327.
232 2579 423 2628 Evellere]
453 2579 578 2617 Tollere
591 2580 747 2628 plurimi.
760 2578 875 2616 tollere
888 2579 1012 2616 dextra
1022 2579 1110 2619 duo.

67 2630 195 2668 vellere
213 2640 306 2668 terra
330 2632 468 2668 Medic.
484 2630 626 2668 evellere
643 2628 769 2666 dextra
792 2630 963 2667 Gronov.

120 2693 205 2730 329.
240 2681 424 2729 Labefac‘ia
451 2680 607 2731 robora.]
648 2680 887 2718 Labefastam
924 2688 1115 2729 quercum.

61 2732 197 2769 *Robora
217 2740 341 2770 autem
361 2732 556 2780 legendum
572 2732 641 2776 est,
668 2743 744 2769 non
758 2739 914 2780 corpora,
939 2738 979 2768 ut
990 2731 1066 2769 fere
1076 2732 1115 2769 in

72 2782 337 2830 exemplaribus
357 2783 406 2820 est
426 2783 676 2831 depravatum.
705 2783 873 2819 Rrerus.

123 2843 207 2881 329.
235 2832 402 2882 Jatffat.]
438 2832 563 2882 Pulsat
584 2833 732 2881 plurimi
750 2840 930 2870 veterum.
967 2831 1116 2872 Hzms.

58 2886 186 2931 :Versat
204 2883 349 2930 Junian.
371 2884 409 2920 &
429 2882 503 2921 duo
524 2883 677 2921 Moreti.

125 2945 209 2982 330.
237 2933 342 2981 Costis
371 2933 520 2982 immiffa
549 2932 725 2984 Petraei.]
767 2934 860 2972 Puto
881 2961 892 2979 ‚
927 2932 1018 2977 costis
1047 2931 1115 2971 Pe*—

63 2984 584 3032 ,traciumapudVirgihum‚
613 2984 879 3028 CineriSicheo',
909 2985 1113 3021 &Lenaeus

64 3033 198 3071 honor.-
220 3045 306 3072 nam
339 3036 496 3082 ingratus
525 3036 563 3072 &
587 3034 726 3072 Nasoni
745 3034 900 3072 insolens
921 3034 1113 3072 concursus

69 3084 129 3121 ille
159 3084 330 3131 Pirithoi,
371 3083 518 3123 Petraei.
549 3084 692 3122 Pheraei
723 3084 757 3121 S.
780 3086 899 3123 Marci
928 3084 1046 3122 codex
1075 3085 1116 3122 &

56 3145 160 3173 «unus
180 3135 326 3184 Regius.
352 3137 496 3173 Hfirns.

121 3195 205 3233 331.
232 3191 322 3223 Cum
343 3187 428 3223 duro
447 3185 619 3223 [imantia
632 3184 743 3222 robore
757 3182 883 3233 fixit]
913 3185 1011 3233 Quia
1025 3197 1108 3223 mo-

2103 1287 2216 1355 Oce}

1226 1426 1366 1463 Peffiora
1385 1437 1464 1462 cum
1485 1425 1570 1463 duro
1584 1424 1671 1473 fixit
1688 1424 1862 1463 laetantia
1881 1423 1985 1475 ligno:

1173 1475 1263 1524 Figit
1284 1477 1393 1514 etiam
1416 1477 1516 1514 Sixii.

1227 1537 1310 1575 333.
1338 1527 1487 1564 Pirithoi
1515 1526 1650 1564 virtute
1678 1525 1888 1575 chroma]
1929 1524 2086 1575 cecidisse
2105 1527 2217 1576 prim}

1175 1577 1346 1615 Gronov.
1367 1578 1405 1614 δε
1432 1577 1539 1625 prim.
1558 1578 1698 1615 Moreti
1727 1589 1813 1615 cum
1841 1577 1917 1615 aliis
1949 1586 2120 1626 quatuor.
2137 1589 2221 1627 me:

1172 1627 1281 1665 liores
1301 1628 1412 1665 etiam
1433 1627 1607 1675 superiori
1626 1626 1728 1665 versu
1747 1626 1897 1664 vocibus
1917 1626 2064 1665 inverfis
2079 1655 2092 1673 ,

1170 1677 1372 1765 HPirit-hoi
1390 1678 1523 1716 virtute
1544 1683 1673 1726 Lycum
1697 1675 1839 1726 cecidisse
1851 1676 2022 1723 ferebant.

1217 1741 1320 1769 EINS.

1225 1790 1267 1829 33
1277 1791 1308 1828 3.
1321 1776 1519 1826 Chromin.]
1533 1776 1726 1814 Chromum
1737 1777 1797 1815 vel
1805 1776 1987 1814 Chronum
1997 1778 2103 1816 multi
2113 1778 2221 1828 scrip-s

1169 1829 1218 1874 ti,
1245 1841 1340 1878 quae
1367 1827 1496 1868 eadem
1517 1828 1555 1864 in
1572 1828 1647 1865 hoc
1667 1828 1822 1864 nomine
1844 1829 1994 1865 varietas
2015 1829 2110 1877 apud
2130 1830 2219 1869 Stat.

1170 1893 1217 1918 11.
1245 1879 1369 1917 Theb.
1389 1880 1473 1928 613.
1499 1890 1562 1915 111.
1587 1889 1642 1926 13.
1670 1878 1708 1914 &
1730 1877 1846 1925 saepe.
1870 1877 2031 1915 Chromis
2048 1880 2218 1918 Herculis

1170 1930 1263 1969 filius
1283 1933 1361 1968 fuit.
1382 1930 1445 1968 lib.
1464 1941 1517 1967 vr.
1539 1929 1620 1977 346.
1637 1927 1700 1967 ubi
1713 1927 1796 1966 vide
1809 1928 1933 1966 Lutat.
1946 1928 2219 1976 Chroniumhaff
2292 1983 2295 1984 ⁷

1171 1981 1233 2019 bet
1255 1993 1320 2018 111.
1343 1993 1426 2026 170.
1451 1979 1586 2017 BuRM.

1223 2042 1307 2081 335.
1334 2031 1441 2068 Fixus
1471 2029 1588 2078 Helops
1599 2028 1718 2078 jaculo
1751 2027 1832 2077 eff]
1871 2029 2046 2066 Meliores
2080 2029 2216 2068 tollunt

1174 2082 1216 2119 ‘ro
1231 2082 1284 2129 est.
1312 2093 1378 2130 pro
1398 2081 1446 2118 ad
1462 2093 1582 2118 aurem
1603 2078 1772 2117 Cantabr.
1791 2079 1916 2116 Oxon.
1936 2079 2118 2128 multique
2133 2080 2216 2125 alii,

1171 2132 1211 2170 in
1231 2145 1363 2170 aurem.
1390 2133 1536 2170 Hrms.

1223 2195 1307 2231 337.
1336 2183 1495 2232 Ancipiti
1516 2178 1711 2228 acumine]
1739 2177 1914 2226 Ancipitis
1934 2177 2093 2215 acumine
2115 2181 2215 2216 mon--⁴

1168 2234 1214 2271 tis
1223 2235 1375 2272 Thuan.
1385 2235 1503 2281 Neap.
1517 2229 1731 2279 Bernegger.
1745 2230 1849 2276 prim.
1859 2229 2030 2265 Gronov.
2040 2230 2217 2266 tert.Me-

1171 2285 1240 2322 dic.
1263 2285 1393 2322 Oxon.
1416 2284 1453 2321 ὃς
1476 2283 1564 2320 octo
1585 2282 1656 2319 alii.
1693 2279 1790 2316 Vide
1814 2277 1858 2315 ad
1876 2277 2004 2316 Claud.
2025 2289 2078 2316 iv.
2102 2278 2214 2320 Cons.

1169 2335 1323 2372 Honor.
1341 2334 1388 2370 vs.
1411 2345 1496 2381 293.
1524 2333 1638 2369 IDEM.
1880 2377 1887 2383 ⁶
1948 2378 1954 2383 .

1224 2395 1308 2432 339.
1336 2382 1512 2430 ornum]
1543 2382 1682 2417 Ulmum
1701 2389 1792 2415 unus
1813 2376 1969 2415 Hemsu.

1223 2444 1305 2480 340.
1334 2431 1515 2480 Fraoiae.]
1545 2429 1673 2467 Frat‘ia'ss
1696 2429 1784 2477 legit
1810 2427 1980 2466 GronOV.
2009 2428 2055 2467 ad
2081 2430 2212 2472 Seneci

1168 2483 1282 2519 Herc.
1302 2482 1385 2519 Fur.
1408 2492 1511 2530 1312.

1220 2543 1305 2580 341·
1340 2531 1433 2568 Ultor
1469 2529 1559 2578 adest
1587 2527 1770 2577 Pheretis]
1812 2528 1959 2567 Pheretis
1988 2529 2211 2580 trisyllabum

1167 2594 1311 2620 nomen
1323 2581 1371 2618 est
1386 2582 1461 2618 hoc
1482 2582 1581 2618 loco.
1603 2592 1688 2617 nam
1712 2580 1867 2628 primam
1889 2582 2070 2629 corripere
2088 2581 2212 2627 debet,

1170 2645 1255 2670 cum
1277 2631 1298 2668 a
1321 2631 1438 2668 Pheris
1454 2628 1661 2668 Thessaliae
1680 2630 1825 2667 civitate
1840 2629 1948 2679 (quae
1961 2633 2116 2678 primam
2129 2644 2212 2670 cor-

1169 2681 1321 2732 ripiunt)
1343 2681 1539 2719 derivetur.
1561 2681 1675 2718 multa
1692 2679 1773 2718 sane
1793 2681 1853 2717 hic
1871 2682 2026 2719 nomina
2044 2683 2212 2722 invenies

1171 2732 1191 2770 a
1215 2730 1420 2770 Thessaliae
1440 2732 1529 2769 locis
1548 2730 1737 2768 declinata.
1766 2730 1916 2768 Consr.
1939 2731 2034 2770 FAN.
2062 2732 2211 2770 Phereus

1169 2785 1280 2821 etiam
1303 2790 1459 2832 quatuor
1476 2783 1566 2820 libri.
1594 2781 1703 2818 Victor
1720 2781 1811 2829 adest
1831 2782 1959 2819 Oxon.
1983 2783 2021 2819 δε
2044 2782 2118 2820 duo
2137 2783 2209 2822 alii.

1170 2833 1246 2871 vid.
1263 2833 1322 2871 lib.
1343 2844 1394 2870 XI.
1421 2844 1500 2880 194.
1527 2843 1593 2880 pro
1628 2830 1781 2869 Phareus
1807 2832 1841 2869 S.
1865 2833 2012 2875 Marci,
2051 2834 2209 2881 Neapol.

1167 2884 1299 2921 Urbin.
1329 2882 1441 2931 probe
1465 2910 1475 2927 ‚
1521 2881 1716 2929 Aphareus.
1750 2894 1826 2931 quo
1848 2882 2011 2920 alludunt
2040 2882 2209 2920 nonnulli

1167 2934 1249 2977 alii,
1277 2935 1315 2971 in
1340 2932 1493 2981 quibus,
1521 2931 1691 2981 iphereus.
1709 2933 1816 2980 prim.
1843 2933 1978 2969 Erfurt.
2006 2932 2206 2982 Aphereus,

1167 2985 1256 3022 alter
1288 2983 1523 3031 Amphareus.
1550 2981 1597 3019 fic
1617 2982 1675 3019 lib.
1698 2994 1787 3020 vm.
1817 2993 1898 3030 304.

1341 3033 1512 3083 prolesque
1535 3031 1709 3081 Aphareia
1730 3038 1889 3080 Lynceus.
1914 3033 2060 3070 Heius.

1222 3096 1303 3134 341.
1330 3090 1359 3120 E
1381 3082 1530 3131 monte]
1563 3087 1598 3119 A
1626 3092 1739 3119 monte
1758 3083 1929 3120 Vatican.
1950 3085 1987 3121 ὃς
2008 3082 2207 3121 duodecim

1168 3136 1237 3174 alii.
1258 3134 1319 3185 qui
1342 3144 1457 3170 monte
1472 3145 1562 3171 unus
1585 3132 1738 3170 Heinfii.
1758 3133 1831 3170 vid.
1851 3133 1911 3169 lib.
1931 3133 2104 3171 x1V.181.

1221 3198 1303 3234 342.
1332 3185 1534 3221 Mitteiztem
1557 3183 1671 3232 stipite
1702 3182 1867 3232 querna]
1901 3188 2094 3220 Conantem
2115 3195 2208 3222 unus

54 3233 119 3271 „do
147 3237 328 3281 praeceffir
357 3237 498 3285 robora,
524 3236 646 3290 nescio
677 3246 724 3273 an
747 3234 879 3274 melior
900 3234 961 3281 sit,
998 3235 1107 3287 Eran-
1162 3234 1268 3273 Voff.
1299 3246 1392 3276 unus
1424 3234 1526 3274 Bafil.
1554 3236 1592 3271 ὃς
1622 3233 1767 3273 Genev.
1787 3232 1898 3273 reste.
1925 3233 2029 3274 Silius
2047 3234 2140 3273 libro
2158 3246 2210 3273 11.

53 3285 143 3337 ..3053
165 3283 248 3324 cod.
270 3286 413 3340 scriptio
426 3314 438 3335 ²

1165 3286 1248 3338 ηδ.

1514 3334 1693 3387 fflnnnn
1718 3345 1742 3383 ζ.
2146 3333 2217 3382 ‚libet
