2483 3616
185 158 189 159 ff
224 162 356 220 1008

663 157 726 215 P.
798 147 1209 212 OVIDII
1282 148 1817 211 NASONIS

664 345 921 401 Sustineat
936 379 951 402 ,
990 352 1251 411 tantoque
1275 352 1437 410 queat
1455 339 1747 397 succedere
1771 345 1902 416 regi.

499 272 888 450 Qjaeritur
910 269 1144 329 interea,
1180 265 1275 338 qui
1299 278 1475 321 tantae
1499 270 1741 339 pondera
1768 271 1924 326 molis

661 416 900 472 Destinat
926 412 1155 485 imperio
1178 413 1380 464 clarum
1405 414 1717 481 praenuntia
1741 419 1854 471 veri

490 497 651 553 Fama
675 490 923 542 Numam.
950 503 1062 539 non
1084 485 1170 538 ille
1198 484 1315 537 satis
1341 484 1594 554 cognosse
1620 485 1841 541 Sabinae

384 582 387 584 ’
427 585 458 636 5
501 564 693 623 Gentis
716 561 875 615 habet
898 559 1030 613 ritus
1055 577 1066 611 :
1107 557 1287 610 animo
1310 555 1506 624 majora
1531 557 1734 628 capaci.

497 635 758 708 Concipit
784 652 795 687 :
834 632 890 686 &
917 649 1052 705 quae
1078 629 1137 684 fit
1161 646 1342 683 rerum
1364 643 1550 683 natura
1573 630 1814 703 requirit.

492 711 673 782 Hujus
696 725 845 762 amor
869 723 1054 763 curae,
1094 701 1264 774 patria
1289 700 1630 774 Curibusque
1657 702 1883 768 melidis,

493 785 678 846 Fecit,
715 795 773 834 ut
802 775 1062 833 Herculei
1085 787 1389 847 penetraret
1413 774 1480 846 ad
1508 775 1726 847 hospitis
1749 776 1954 833 urbem.

500 856 660 926 Graja
688 853 805 925 quis
828 850 1017 904 Italicis
1044 848 1227 903 aucior
1250 846 1499 920 posuisset
1521 848 1575 901 in
1601 849 1708 904 oris

398 947 463 985 10
499 928 723 985 Moenia
748 922 1054 998 quaerenti,
1095 921 1163 975 fic
1188 921 1217 974 e
1243 920 1533 974 senioribus
1558 939 1694 976 unus

490 1001 702 1060 Retulit
726 995 1019 1068 indigeniS,
1057 995 1250 1048 veteris
1276 1011 1386 1047 non
1409 992 1598 1047 inscius
1623 995 1762 1050 aevi:

492 1076 661 1131 Dives
686 1072 749 1125 ab
774 1071 996 1125 Oceano
1023 1066 1192 1121 bubus
1213 1066 1347 1137 Jove
1370 1077 1523 1120 natus
1547 1066 1707 1122 Iberis

495 1147 689 1202 Litora
714 1143 857 1198 felici
884 1139 1105 1195 tenuisse
1132 1140 1353 1194 Lacinia
1379 1140 1533 1193 cursu

497 1219 691 1274 Fertur
717 1236 727 1270 :
772 1216 855 1278 δε,
892 1226 1137 1268 armento
1163 1226 1370 1267 teneras
1396 1225 1606 1266 errante
1630 1230 1725 1285 per
1750 1214 1993 1281 herbaS,'

385 1311 447 1362 15
485 1291 596 1362 Ipse
622 1291 848 1345 domum
872 1287 1051 1357 magni
1076 1304 1176 1340 nec
1201 1285 1461 1356 inhospita
1488 1285 1623 1338 tecta
1649 1288 1907 1343 Crotonis

491 1363 737 1423 Int1⁴affe;
783 1362 837 1414 &
864 1360 1050 1429 requie
1077 1360 1297 1429 longum
1327 1357 1574 1411 relevasse
1600 1358 1869 1422 laborem;

491 1438 678 1509 Atque
702 1437 775 1489 ita
801 1431 1117 1487 discedens:
1157 1430 1335 1493 AEVO,
1373 1429 1586 1494 dixisse,
1624 1447 1885 1503 nepotum

491 1509 606 1566 Hic
631 1511 779 1565 locus
801 1505 945 1561 urbis
970 1505 1101 1568 erit3
1143 1503 1498 1577 promissaque
1525 1521 1650 1559 vera
1676 1505 1908 1562 fuerunt.

261 1737 293 1765 1.
321 1723 448 1775 Qir]
478 1723 611 1762 Malim
629 1751 639 1768 ,
667 1723 823 1774 quicum
848 1722 978 1761 Oxon.
1001 1723 1148 1761 HEms.
1176 1720 1256 1760 Te-

205 1787 299 1815 rent.
323 1778 416 1814 Eun.
432 1788 483 1812 IV.
498 1788 530 1821 7.
545 1778 703 1823 Qmere,
733 1774 793 1823 qui
805 1775 1256 1824 respondeat.p0nderagen-

205 1829 251 1866 tis
280 1839 372 1865 unus
393 1828 541 1863 Moreti.
570 1826 628 1863 sed
651 1826 749 1862 molis
770 1826 909 1863 rectum
933 1826 980 1863 est
995 1853 1005 1870 ‚
1035 1826 1084 1863 ita
1107 1824 1257 1861 Romani

206 1878 359 1915 nominis
401 1877 502 1914 moles
534 1889 577 1913 11.
611 1877 719 1914 Trist.
749 1888 832 1914 221.
870 1875 1005 1914 deinde
1029 1904 1040 1922 ,
1079 1875 1257 1924 succedere

207 1942 307 1977 regno
328 1940 420 1965 unus
445 1929 595 1975 Argent.

259 1991 294 2016 2.
322 1977 530 2026 sustineat]
568 1977 697 2014 Livius
715 1977 777 2015 lib.
797 1991 925 2016 xxxvr.
954 1977 1131 2027 Philippus
1151 1988 1229 2015 tum
1244 2006 1254 2024 ‚

206 2039 239 2066 te
265 2029 400 2079 quiem,
429 2038 540 2063 totam
561 2027 685 2063 molem
698 2027 887 2074 sustinebat
909 2028 999 2065 belli.
1031 2031 1198 2066 CierAN.

259 2091 294 2128 3,
323 2079 465 2127 Imperio
487 2076 662 2125 clarum.]
695 2079 835 2125 Imperio
859 2079 959 2114 Latio
982 2079 1053 2115 Sixi
1078 2079 1212 2116 codex.

256 2144 291 2177 ς.
322 2131 442 2166 Gentis
463 2127 565 2164 habet
588 2126 715 2175 ritus.]
745 2127 830 2174 Usus
848 2130 959 2174 gentis
979 2128 1082 2164 habet
1104 2128 1206 2164 Basil.

257 2181 292 2218 8.
321 2178 563 2228 penetraret]
595 2179 800 2226 Penezraslet
830 2177 970 2215 Medic.
998 2179 1036 2215 δε
1066 2178 1104 2214 in
1122 2178 1260 2227 hospitis

204 2231 276 2270 ΜΓ.
300 2230 525 2268 Bersmanni.

257 2295 293 2330 9.
321 2282 432 2326 Graia
455 2279 532 2331 quis
552 2278 721 2328 Italicis.]
753 2278 855 2316 Italis
876 2280 981 2328 prim.
1000 2279 1111 2317 Palat.
1125 2279 1257 2317 Urbin.

205 2334 313 2382 prim.
332 2327 467 2370 Erfurt.
490 2330 667 2368 Arondel.
688 2331 725 2367 δε
748 2330 1109 2379 aliiquatuor.forte,
1134 2329 1258 2368 italiis.

207 2383 406 2432 quomodo
431 2393 524 2419 unus
547 2393 649 2419 meus
670 2392 714 2417 ex
734 2382 877 2418 vetusto
900 2380 1107 2428 descriptus.
1135 2380 1181 2417 fic
1201 2381 1256 2418 su-

208 2435 360 2480 perioris
387 2434 468 2471 libri
495 2431 548 2473 irs.
585 2442 640 2477 17.
673 2431 803 2468 Littore
833 2433 872 2469 in
894 2431 996 2469 Italia
1017 2431 1078 2470 sex
1099 2431 1258 2470 codices.

207 2483 269 2523 lib.
293 2497 338 2523 11.
367 2483 454 2521 Fast.
476 2494 560 2528 441.
587 2494 632 2520 ex
653 2480 738 2518 ΜΠ.

614 2532 740 2569 Italiae
759 2543 900 2571 matres.

210 2585 318 2632 prim.
337 2584 449 2622 Palat.
469 2583 584 2621 zliaco.
612 2583 742 2632 virgil.
765 2597 792 2621 1.
815 2597 899 2632 592.

568 2647 660 2670 nunc
670 2636 777 2679 fama
801 2635 947 2671 minores

266 2683 410 2720 Italiam
430 2683 546 2731 dixisse
562 2685 622 2730 suo
644 2685 684 2721 de
705 2685 841 2722 nomine
855 2695 1004 2733 gentem.

211 2735 366 2774 Tbuan.
390 2741 516 2770 tamen
545 2735 582 2770 &
614 2737 720 2783 prim.
755 2736 901 2773 Bonon.
928 2735 1097 2785 Austmiis
1124 2736 1163 2773 in
1184 2737 1263 2776 oris.

211 2786 363 2824 Hfims.

267 2847 323 2873 11.
354 2840 435 2871 Non
462 2833 631 2883 insciua]
662 2841 743 2872 Non
772 2836 897 2884 nescius
919 2837 1026 2874 Leid.
1047 2851 1114 2874 non
1134 2838 1258 2877 imme-

213 2899 289 2926 mor
311 2886 477 2935 quinque
499 2884 589 2920 libri.

264 2948 324 2986 13.
354 2934 496 2980 Robur]
527 2933 643 2970 Bubus
661 2946 706 2971 ex
730 2935 952 2972 melioribus.
979 2936 1124 2975 Hiatus.

267 2988 324 3026 16.
356 2984 562 3033 Laborem]
594 2984 753 3021 Calorem
782 2984 950 3022 Leidens.

265 3038 324 3076 18.
352 3035 584 3084 Promiffaque
615 3049 699 3072 vera
721 3034 912 3084 fuerunt]
952 3041 1053 3074 Fuere
1082 3037 1262 3077 Arondel.

211 3098 302 3140 puto
316 3087 448 3135 ’fuiss‘-
479 3086 624 3122 Hizms.

264 3152 324 3177 20.
355 3136 505 3186 Mycilus
527 3135 621 3171 allius
649 3135 714 3171 diis
743 3135 986 3184 acceptiffimas
1006 3139 1117 3189 aevi]
1149 3141 1262 3178 Hunc

214 3189 404 3237 Myscelum
438 3195 573 3224 vocant
596 3187 729 3223 Graeci
757 3187 946 3232 auctores,
977 3190 1014 3226 ὅ(
1035 3191 1261 3229 nominatim

210 3240 340 3277 Strato
353 3239 466 3275 lib.v1.
481 3239 518 3275 &
530 3250 620 3274 vm.
632 3237 747 3274 dietus
759 3237 805 3274 fic
817 3238 865 3274 ob
879 3250 1023 3277 crurum
1038 3242 1253 3287 exilitatem,

2212 1583 2351 1642 Nam

1312 1721 1350 1758 in
1372 1719 1520 1768 Adagio
1539 1730 1549 1758 2
1579 1726 1721 1760 Donum
1744 1722 1969 1772 quodcunque
1990 1721 2053 1759 dat
2064 1720 2211 1772 aliquis,
2233 1721 2363 1770 proba-

1312 1781 1358 1809 to.
1412 1772 1632 1810 Geminatur
1666 1774 1692 1809 ll
1722 1775 1829 1811 metri
1855 1775 1978 1821 gratia.
2016 1774 2189 1822 Micyllus
2208 1773 2297 1822 quid
2317 1773 2373 1825 fit¹

1313 1834 1384 1871 ego
1406 1822 1541 1860 nescio.
1571 1824 1779 1862 GLAREAN.
1805 1824 1974 1873 Myscelus
1994 1823 2222 1861 scribendum
2242 1831 2360 1871 puto,

1312 1885 1378 1921 pro
1413 1885 1483 1918 eo,
1511 1874 1613 1922 quod
1644 1876 1758 1924 vulgo
1778 1903 1788 1920 ,
1825 1875 1884 1912 sed
1918 1874 2005 1912 falso
2039 1874 2188 1922 Micylus
2216 1874 2360 1921 legitur.

1312 1923 1451 1961 Tracta
1478 1933 1601 1962 autem
1624 1927 1671 1963 est
1695 1926 1814 1965 fabula
1834 1938 1879 1963 ex
1903 1925 2086 1967 Historia,
2114 1925 2215 1971 cujus
2235 1924 2364 1962 Strabo

1311 1975 1404 2012 libro
1425 1987 1478 2012 vr.
1499 1977 1536 2013 ὅ(
1555 1988 1644 2014 vui.
1672 1976 1798 2014 Suidas
1822 1978 1858 2013 in
1880 1987 1976 2011 voce
2000 1974 2165 2022 Myscelos
2186 1975 2223 2010 ὅ(
2245 1973 2366 2012 Com-

1314 2034 1501 2062 mentator
1519 2026 1770 2074 Aristophanis
1787 2028 1823 2063 in
1845 2025 2012 2062 Nubibus
2035 2026 2298 2062 meminerunt.
2313 2025 2365 2064 est

1314 2084 1437 2112 autem
1469 2075 1559 2112 talis.
1618 2077 1715 2113 Cum
1751 2076 1888 2113 Achivi
1918 2076 2066 2112 monitu
2096 2075 2233 2113 oraculi
2261 2075 2366 2114 colo-

1314 2127 1413 2162 niam
1439 2125 1631 2163 deducs'curi
1659 2125 1795 2171 essent,
1823 2126 2007 2175 Myscelus
2028 2125 2202 2175 quidam,
2230 2127 2293 2175 qui
2317 2126 2366 2165 de

1314 2175 1401 2212 loco
1426 2175 1640 2223 Apollinem
1664 2177 1889 2220 consuleret,
1920 2175 2041 2214 miffus
2059 2176 2118 2214 est.
2167 2177 2199 2214 ls
2216 2176 2370 2225 respon:

1314 2226 1392 2262 sum
1425 2228 1590 2275 accepit,
1629 2237 1668 2265 ut
1701 2229 1748 2265 ibi
1777 2227 1952 2265 conderet
1983 2228 2135 2272 urbem,
2162 2228 2224 2266 ubi
2246 2228 2366 2267 imbre

1315 2274 1359 2322 ἐξ
1381 2276 1535 2320 ἀιθρὶκς,
1564 2279 1637 2315 hoc
1666 2278 1714 2315 est
1733 2279 1842 2316 coelo
1866 2279 1993 2315 sereno
2010 2306 2018 2321 ‚
2054 2278 2216 2326 irrigatus
2234 2277 2366 2318 fuiffet.

1315 2326 1433 2374 Quod
1462 2328 1615 2376 quidem
1643 2329 1724 2373 ille,
1752 2328 2130 2377 tametfiimpoffibile
2154 2329 2368 2378 factujucli-

1315 2387 1435 2422 caret,
1475 2377 1577 2416 classe
1600 2388 1726 2417 tamen
1758 2389 1968 2428 comparata
1989 2381 2026 2417 in
2051 2379 2192 2417 Italiam
2214 2381 2367 2428 naviga-

1315 2430 1380 2465 vit.
1433 2429 1608 2468 Ceterum
1624 2459 1635 2475 ,
1665 2443 1749 2468 cum
1773 2431 1835 2468 diu
1867 2431 1969 2468 variis
1990 2431 2157 2479 periculis
2176 2431 2213 2468 δε
2233 2430 2369 2468 labori-

1314 2479 1379 2516 bus
1406 2489 1623 2525 vexaretur,
1658 2493 1780 2531 neque
1808 2481 2024 2520 condendae
2045 2482 2139 2518 urbis
2162 2480 2289 2519 locum
2310 2482 2369 2520 in-

1315 2531 1481 2576 veniret,
1509 2532 1642 2570 accidit
1659 2560 1669 2577 ,
1696 2542 1737 2571 ut
1764 2545 1809 2571 ex
1834 2544 2002 2570 maerore
2027 2533 2122 2570 forte
2142 2532 2305 2581 quodam
2326 2533 2365 2570 in

1314 2583 1459 2629 gremio
1480 2583 1615 2630 pellicis
1635 2585 1876 2622 recumberet.
1905 2592 2016 2632 atque
2038 2583 2096 2620 illa
2110 2611 2120 2627 ,
2141 2591 2182 2620 ut
2204 2591 2279 2620 erat
2297 2593 2364 2630 pro

1315 2633 1398 2669 viro
1418 2632 1568 2671 sollicita
1581 2661 1590 2676 ,
1619 2633 1824 2684 lachrymas
1844 2636 1881 2671 in
1903 2642 2017 2682 caput
2033 2633 2277 2671 recumbentis
2299 2632 2364 2669 de—

1315 2681 1482 2731 liquaret.
1537 2685 1605 2721 His
1632 2685 1742 2732 igitur
1765 2686 1943 2723 excitatus
1966 2685 2026 2721 ille
2054 2685 2091 2720 &
2121 2682 2270 2719 oraculo
2302 2682 2366 2721 ad-

1316 2735 1481 2771 monitus
1512 2735 1603 2780 (erat
1630 2736 1731 2772 enim
1759 2736 1878 2784 pellici
1912 2735 2042 2778 Αἰθρίει
2063 2733 2219 2779 nomen>
2244 2734 2369 2782 coepit

1315 2784 1450 2821 eodem
1482 2785 1570 2822 loco
1600 2785 1727 2822 urbem
1763 2787 1944 2828 condere,
1979 2795 2136 2831 eamque
2156 2783 2366 2823 Crotonem

1314 2835 1523 2883 appellavit.
1577 2835 1705 2873 Strabo
1729 2846 1851 2873 autem
1877 2837 1986 2871 etiam
2007 2833 2093 2870 illud
2111 2833 2233 2877 addit,
2261 2835 2366 2884 quod

1317 2897 1401 2922 cum
1423 2886 1622 2933 Myscelus,
1641 2898 1686 2922 ex
1707 2886 1856 2922 oraculo
1877 2886 2085 2922 Crotonem
2108 2884 2268 2922 condere
2280 2886 2365 2923 mis-

1315 2935 1393 2978 sus,
1415 2935 1661 2984 Sybaritarum
1683 2945 1813 2972 terram
1831 2935 2057 2982 conspicatus
2068 2932 2176 2978 effet,
2203 2947 2363 2984 eamque

1319 2986 1439 3022 multo
1469 2987 1684 3023 fertiliorem
1719 2998 1760 3023 ac
1782 2987 1975 3023 meliorem
1994 2983 2207 3033 judicasset,
2236 2986 2362 3024 denuo

1318 3036 1508 3073 oraculum
1521 3038 1811 3084 interrogaverit,
1829 3049 1917 3073 num
1932 3037 2099 3073 Crotone
2112 3034 2238 3073 omissa
2251 3036 2363 3085 Syba-

1318 3086 1386 3122 rim
1410 3086 1615 3124 aedificaret
1629 3115 1638 3130 ,
1661 3097 1770 3136 atque
1789 3088 1837 3125 ibi
1858 3096 1936 3125 tum
1951 3086 2158 3136 responsum
2172 3086 2223 3124 illi
2234 3086 2362 3127 datum

1317 3137 1355 3173 in
1375 3138 1473 3175 hunc
1494 3138 1673 3175 modum:

1369 3190 1566 3224 Μύσκελλε
1585 3189 1795 3234 βραχύνωτε
1817 3191 1929 3233 πάρες
1949 3190 2045 3226 σέθεν
2064 3188 2163 3224 ἄλλο
2182 3190 2362 3235 ματεύων,’
2424 3184 2439 3203 ”

1362 3242 1578 3285 Κλάσματοι
1598 3240 1764 3286 θκρεύεις,
1793 3241 1878 3285 &pean
1896 3241 1926 3277 δ’
1948 3241 1984 3286 δ’,
2015 3238 2107 3276 τιδῶ
2129 3254 2184 3282 τις
2206 3240 2362 3278 enimse.»

210 3301 306 3342 quae
332 3289 485 3328 habebat
514 3289 666 3329 murinis
696 3287 848 3337 fiinilia,
877 3297 917 3329 ut
947 3291 995 3328 ait
1014 3291 1065 3344 D2
1085 3292 1255 3347 Erasmus
1309 3293 1418 3345 Quos
1448 3291 1568 3346 versus
1597 3291 1766 3346 Erasmus
1797 3293 1955 3343 explicat
1983 3292 2020 3344 in
2041 3290 2263 3341 proverbio,
2287 3296 2361 3326 Do-

2247 3353 2356 3388 mom,
