2483 3616
306 173 1547 243 METAMORPHOSEON
1621 175 1763 232 Lrss.
1815 177 1951 236 VIII.

345 301 419 356 Et
443 294 631 353 frustra
655 289 957 365 exspectant
982 290 1254 364 promissas
1278 290 1470 345 horrea
1494 288 1696 345 messes.

344 373 663 426 Sternuntur
686 364 893 437 gravidi
920 365 1084 437 longo
1110 382 1234 419 eum
1258 363 1475 435 palmite
1498 362 1675 417 foetus
1691 402 1708 426 ,

198 463 299 516 295
337 444 616 512 Baccaque
640 455 766 493 cum
792 437 949 492 ramis
974 438 1182 509 semper
1207 436 1508 491 frondentis
1536 436 1721 490 olivae.
1774 490 1779 492 ,

335 514 510 569 Saevit
540 512 595 566 δε
619 512 675 566 in
697 510 931 584 pecudes
955 534 969 572 ;
1011 528 1122 564 non
1147 509 1237 564 has
1262 507 1502 580 pastorve
1529 507 1777 576 canesve‚

336 588 464 641 Non
488 598 726 640 armenta
749 598 926 638 truces
950 583 1161 655 poffunt
1190 581 1484 636 defendere
1513 581 1666 635 tauri.

336 657 645 730 Diffugiunt
666 658 876 730 populi:
917 674 1017 710 nec
1042 657 1093 711 se
1110 696 1124 720 ‚
1165 654 1261 710 nifi
1286 652 1562 709 moenibus
1585 653 1757 716 urbiS,

337 731 459 787 Esse
487 745 674 804 putant
700 745 868 785 tutos:
910 729 1086 783 donec
1120 729 1455 799 Meleagr05‚
1493 726 1549 780 δε
1576 727 1683 781 una

192 824 293 873 300
332 805 496 860 Lecta
527 823 708 858 manus
730 803 987 874 juvenum
1012 808 1197 856 coiere
1222 801 1475 873 cupidine
1499 799 1681 854 laudis,

329 877 679 950 Tyndaridae
706 875 932 947 gemini,
971 874 1227 946 spectatus
1256 874 1509 928 caestibus
1533 874 1692 941 alter,

333 953 491 1007 Alter
516 968 690 1023 equo;
732 950 1041 1022 primaeque
1068 949 1190 1003 ratis
1216 948 1436 1002 molitor
1462 946 1641 1009 lason,

2102 193 2196 269 5⁷3

2114 1016 2189 1072 Et

10 1206 12 1216 ,
89 1187 174 1226 291.
190 1180 309 1212 ‘Nunc
331 1170 516 1220 maturas]
548 1170 583 1208 Si
609 1178 773 1214 matura,
799 1169 885 1207 leve
904 1167 1085 1206 damnum

10 1242 12 1263 t
51 1236 134 1267 erat.
183 1225 228 1264 In
248 1225 413 1273 quinque
436 1223 593 1270 antiquis
624 1228 699 1257 Non
734 1218 913 1257 Arondel.
933 1221 969 1256 ὃς
995 1230 1088 1256 unus

8 1317 10 1319 ,
48 1277 206 1317 Voffian.
259 1281 330 1313 Nec
359 1275 473 1323 probe
496 1286 504 1311 :
533 1271 688 1309 nondum
716 1281 874 1309 matura.
899 1270 1004 1308 Silius
1026 1270 1089 1307 lib.

46 1341 106 1369 XV.

92 1409 290 1441 Immatura
301 1401 391 1452 seges
409 1398 527 1450 rapido
537 1397 733 1448 succiditur
751 1399 836 1448 ense.

45 1472 93 1512 Et
111 1471 206 1521 apud
235 1470 438 1519 Apuleium
472 1469 565 1506 Met.
591 1480 646 1505 ix.
702 1474 732 1502 Is
766 1465 879 1502 vicini
899 1464 1012 1502 tenuis
1036 1464 1091 1502 in-

52 1523 206 1572 cursabat
231 1522 422 1571 pauperiem
445 1549 454 1565 ,
494 1529 592 1568 pecus
625 1517 857 1560 trucidando,
892 1516 992 1553 boves
1017 1515 1093 1553 abi-

47 1574 149 1623 gendo
172 1601 182 1617 ,
209 1575 321 1621 fruges
350 1571 466 1607 adhuc
492 1571 704 1606 immaturas
729 1568 917 1605 obterendo.
950 1568 1093 1604 Hfims.

46 1624 94 1663 Et
113 1624 341 1661 Francofurt.
356 1622 488 1666 habet,
509 1633 567 1658 nec
586 1630 730 1657 matura
742 1647 752 1663 ‚
774 1620 809 1656 ὃ(
833 1629 970 1657 metunt
982 1619 1093 1656 etiam

49 1685 116 1724 pro
142 1675 240 1711 varia
270 1671 445 1710 lectione.

12 1753 13 1763 ,
95 1736 180 1771 291.
210 1723 353 1773 Metit.]
409 1722 451 1760 In
480 1721 653 1759 Leidenfi
681 1720 811 1759 codice
841 1720 889 1758 est
909 1748 920 1765 ,
941 1720 1092 1768 premit,

12 1802 13 1819 2
49 1776 150 1826 quod
178 1774 221 1813 ab
251 1773 406 1812 indocto
439 1773 584 1811 librario
612 1772 821 1822 profectum
843 1768 914 1808 effe
933 1772 1090 1808 minime

11 1836 14 1874 ς
49 1825 168 1868 eredo.
195 1825 256 1863 sed
276 1825 320 1862 τὸ
346 1823 447 1861 metit
466 1821 619 1873 gloffarn
650 1821 744 1866 effe,
782 1834 853 1871 qua
880 1822 1092 1860 reconditae

12 1890 14 1921 g
53 1876 321 1926 significationis
362 1874 513 1912 verbum
554 1874 684 1923 aliquis
715 1873 899 1921 explicuit.
942 1883 1093 1922 premere

12 1926 14 1972 Ι
48 1929 144 1965 enim
164 1929 200 1965 in
220 1927 276 1964 Re
290 1926 433 1964 Rustica
453 1927 642 1974 proprium
666 1924 840 1968 verbum,
868 1935 935 1974 pro
957 1923 1094 1962 abscin-

12 1992 13 2013 ι
52 1977 160 2024 dere,
185 1986 386 2026 amputare.
413 1975 542 2024 Virgil.
567 1987 596 2014 1.
616 1976 854 2025 Georg.157.

371 2045 416 2077 Et
434 2040 527 2078 ruris
545 2040 638 2091 opaci

99 2093 198 2130 Falce
210 2101 340 2141 premes
353 2091 506 2129 umbras.

49 2151 184 2191 Horat.
208 2166 238 2191 1.
263 2153 340 2190 Od.
361 2165 418 2200 31.

12 2245 14 2251 ,
101 2222 271 2253 Premant
291 2215 423 2252 Calena
438 2215 528 2264 falce
547 2216 650 2258 vites.

12 2272 14 2332 f
51 2278 124 2322 Inf.
141 2280 204 2318 lib.
220 2270 404 2327 xime-29.

13 2339 15 2345 '
102 2337 222 2381 Falce,
251 2349 320 2386 qua
339 2335 437 2371 modo
459 2335 632 2373 luxuriem
648 2336 788 2387 premit.

13 2446 15 2453 Α
53 2403 158 2443 'Nunc
186 2413 330 2441 matura
360 2413 450 2439 vero
480 2403 637 2447 retinui,
674 2404 760 2453 quia
789 2403 910 2452 major
933 2402 1094 2451 &prae-

13 2486 15 2509 1
55 2452 186 2491 sentior
208 2454 316 2491 dolor
331 2481 340 2497 ‚
369 2453 392 2490 fi
409 2453 485 2499 jam
508 2461 674 2498 matura,
701 2464 797 2502 quae
809 2452 1040 2501 tempestates
1054 2454 1093 2488 δε

14 2522 15 2549 1
55 2504 273 2542 calamitates
303 2502 449 2542 evafifl‘e
480 2504 651 2541 videntur
672 2531 683 2548 ‚
711 2504 896 2541 frumenta
926 2508 1035 2540 vallet
1056 2505 1093 2538 ὃς

13 2582 15 2609 3
57 2564 168 2593 metat
198 2567 292 2604 aper.
322 2557 360 2592 ὃ(
387 2556 436 2592 ita
466 2555 569 2603 longi
590 2554 693 2592 labor
712 2554 831 2592 irritus
851 2553 936 2590 anni
959 2560 1095 2599 pereat.

14 2653 15 2659 ἵ
57 2615 234 2654 praeterea
253 2606 304 2642 bis
323 2607 421 2643 idem
442 2605 599 2647 diceret;
628 2616 716 2643 nam
739 2603 842 2642 versu
861 2602 1096 2652 praecedenti

14 2667 15 2691 ς
55 2657 126 2705 agit
148 2657 193 2694 de
215 2657 452 2694 crescentibus
472 2658 508 2694 &
528 2656 647 2693 adhuc
677 2656 895 2693 immaturis.
923 2665 1022 2690 nunc
1050 2653 1096 2690 de

14 2747 15 2750 ,
59 2705 229 2755 segetibus
250 2710 400 2745 maturis
423 2708 459 2744 ὃ(
481 2708 559 2756 jam
583 2706 695 2754 spicas
724 2704 847 2753 plenas
872 2703 1098 2742 ostendenti-

14 2768 15 2777 *
60 2755 144 2800 bus:
171 2767 210 2796 ut
232 2760 305 2795 fere
323 2771 479 2801 cererem,
498 2757 534 2795 id
548 2757 594 2794 est
614 2768 748 2805 panem
758 2756 885 2794 ferant.
915 2767 998 2791 nam
1022 2756 1095 2791 hoc

14 2802 15 2826 ³
59 2808 184 2846 volum
203 2808 261 2846 illa
301 2813 346 2845 Et
367 2822 509 2845 cererem
528 2807 680 2857 inspicis
698 2805 880 2856 intercipit.
909 2805 1095 2854 intercipit,

61 2856 250 2907 eleganter,
260 2871 354 2910 quae
363 2859 496 2897 scilicet
507 2859 704 2896 debebatur
715 2869 834 2901 areae,
846 2868 878 2894 ἐκ
895 2858 1046 2900 horreo,
1058 2858 1096 2894 ὃς

63 2908 177 2964 pistori
192 2911 277 2959 ,qui
298 2912 336 2948 in
355 2911 509 2948 farinam
534 2910 715 2958 redigeret
729 2938 738 2952 ‚
762 2910 817 2948 sus
838 2908 900 2946 fibi
926 2907 1097 2945 vindicat.

12 2962 16 2992 l
64 2960 110 2995 ilc
130 2960 252 2999 Florus
277 2973 332 2998 11.
359 2973 393 2997 2.
431 2960 651 3010 interceptam
682 2960 874 3010 tempestate
911 2959 1098 2995 victoriam

8 2996 16 3043 l
63 3007 166 3055 dicit,
192 3012 376 3061 quaejam
397 3019 577 3058 reportata
598 3011 747 3062 quidem
766 3021 840 3048 erat
862 3039 872 3056 ‚
899 3010 957 3047 sed
979 3010 1096 3058 cujus,

11 3049 17 3112 1
65 3060 193 3107 praeda
211 3063 300 3100 mari
326 3060 447 3099 hausta
461 3090 470 3104 ,
498 3063 703 3111 triumphus
723 3063 914 3111 naufragio
933 3062 1098 3111 perierat.

13 3138 16 3162 ÷
64 3109 102 3147 &
128 3122 202 3160 cap.
223 3127 257 3159 4.
286 3112 462 3160 Intercepit
480 3112 623 3160 Jupiter
642 3123 777 3150 votum.
806 3113 934 3151 Euam.

11 3166 17 3183 ⁴
111 3172 194 3208 295.
223 3162 461 3212 Frondenn‘s]
493 3161 978 3212 FlorentisjunianNeapol.
997 3163 1101 3211 quod

12 3218 17 3251 3
65 3212 257 3257 repetitum
281 3226 325 3250 ex
345 3215 404 3252 lib.
423 3227 493 3251 vir.
518 3225 601 3259 702.
626 3219 757 3263 Semper
774 3213 933 3264 florentis
958 3220 1102 3262 Hymet-

13 3275 16 3321 ᾗ
66 3259 118 3348 Ze
144 3259 194 3315 sle
230 3263 268 3301 ὃ(
308 3265 455 3305 Lucret.
490 3276 523 3317 ιἔ
554 3276 637 3313 125.
675 3266 805 3315 semper
836 3263 997 3315 florentis
1033 3271 1105 3317 ῌρή

119 3323 164 3350 ri.
231 3333 236 3337 -

1195 1167 1281 1216 296.
1308 1165 1503 1215 Canesve]
1542 1164 1644 1202 Editi
1675 1162 1763 1202 olim
1796 1165 1834 1203 &
1866 1163 2012 1212 scripti,
2042 1163 2192 1212 canisve.

1145 1231 1213 1255 non
1249 1218 1329 1254 huic
1359 1227 1468 1255 etiam
1501 1217 1646 1263 Junian.
1680 1216 1783 1264 quod
1814 1216 1943 1253 Heins.
1975 1226 2042 1264 pro
2073 1214 2115 1251 ab
2138 1215 2193 1252 his

1146 1269 1310 1318 capiebat
1333 1270 1370 1306 ὃ(
1394 1268 1570 1309 defendere
1590 1278 1654 1314 pro
1676 1278 1809 1305 arcere.

1198 1319 1282 1367 298.
1312 1326 1382 1356 Nec
1392 1322 1459 1367 sese
1479 1318 1516 1354 in
1537 1316 1750 1365 moenibus.]
1796 1319 1838 1355 In
1858 1328 1935 1355 uno
1955 1326 2045 1354 meo
2065 1343 2076 1361 ‚
2114 1328 2193 1353 uno

1147 1370 1277 1408 Maffei
1307 1371 1344 1408 ὅτ
1375 1369 1527 1407 Caelest.
1566 1374 1636 1405 Nec
1660 1368 1697 1416 se
1719 1366 1784 1414 nisi
1804 1367 1999 1412 moenibus,
2034 1378 2107 1407 <9¹6-
2156 1367 2194 1404 Si

1146 1423 1268 1471 priore
1291 1420 1409 1458 modo
1432 1420 1596 1469 legatur,
1632 1419 1699 1456 erit
1726 1417 1916 1463 ὑπερβολῇ.
1968 1419 2192 1455 Cromnos.

1149 1479 1220 1510 Nec
1230 1472 1300 1521 sese
1319 1470 1492 1509 moenibus
1503 1471 1619 1509 Oxon
1645 1470 1858 1519 &quinque
1871 1469 1941 1506 alii.
1972 1473 2042 1505 Nec
2059 1467 2195 1517 magnis

1148 1524 1322 1561 moenibus
1343 1522 1496 1570 Neapol
1521 1533 1587 1570 pro
1609 1533 1687 1569 quo
1711 1519 1882 1558 Heinsius
1906 1518 2088 1564 malebat,
2114 1531 2194 1556 ma-

1144 1588 1233 1624 gnae
1250 1588 1285 1611 m
1314 1573 1419 1610 urbis.
1446 1572 1553 1619 necse
1574 1571 1640 1620 sub
1660 1571 1835 1608 moenibus
1855 1569 1948 1607 urbis
1968 1569 2157 1607 Bafileens.

1204 1638 1288 1674 299.
1313 1630 1429 1661 Donec
1448 1622 1675 1672 Meleagros]
1705 1623 1864 1672 Aliquot
1883 1621 2194 1669 libriscripti,Me-

1150 1675 1269 1726 leager.
1297 1676 1466 1713 (ἶιοιτΑΝ.
1519 1673 1706 1723 Meleagros
1724 1685 1768 1711 ex
1790 1672 2014 1710 melioribus.
2031 1682 2197 1720 quomo-

1151 1727 1200 1765 do
1223 1728 1333 1765 etiam
1355 1728 1448 1764 infra
1469 1725 1527 1769 fis.
1548 1725 1630 1774 385.
1654 1726 1691 1762 ὃ(
1714 1724 1771 1767 ᾖς.
1795 1736 1875 1772 515.
1905 1723 2117 1759 Hfimsrus.

1205 1790 1289 1827 300.
1317 1782 1363 1814 Et
1395 1790 1467 1814 una
1497 1782 1630 1813 Manus
1653 1775 1831 1824 juvenum
1867 1772 1998 1810 caluere
2038 1771 2195 1822 cupidine

1149 1828 1305 1879 laudis.]
1337 1829 1380 1865 In
1397 1827 1539 1865 duobus
1560 1825 1888 1863 Vatican.Briantii
1902 1832 2083 1871 ,utroque
2098 1824 2198 1860 Maf-

1149 1881 1223 1924 fei,
1253 1892 1329 1918 uno
1351 1891 1439 1916 meo
1476 1879 1512 1915 &
1554 1877 1747 1915 Dominic.
1787 1877 1902 1913 Co'z'ere
1931 1874 2087 1923 cupidine
2117 1873 2197 1910 lau-

1149 1931 1211 1968 dis.
1265 1930 1382 1978 Quod
1401 1930 1448 1968 est
1469 1929 1548 1967 satis
1574 1927 1769 1966 venustum
1798 1938 1841 1964 ac
1876 1925 2054 1974 lepidum.
2084 1926 2199 1963 Crof.

1149 1985 1263 2019 Co'z'ere
1285 1982 1446 2019 Florent.
1474 1980 1508 2017 S.
1539 1980 1683 2021 Marci,
1722 1977 1932 2025 Cantabrig·
1962 1976 2092 2013 Oxon.
2110 1975 2199 2013 Ber-

1148 2045 1296 2082 negger.
1318 2033 1424 2081 prim.
1443 2031 1605 2074 Moreti,
1636 2029 1779 2066 Arond.
1804 2028 1940 2075 aliique
1971 2026 2199 2076 quampluri-

1149 2085 1213 2121 mi.
1240 2083 1348 2122 rec‘ce.
1376 2085 1449 2120 hoc
1468 2083 1515 2119 est
1536 2090 1761 2119 convenere.
1813 2076 1972 2126 Epistola
2003 2076 2122 2114 Didus
2139 2077 2198 2119 Ῡς,

1157 2146 1241 2184 123.
1269 2147 1363 2184 quae
1382 2134 1455 2172 illic
1476 2144 1560 2170 vera
1579 2132 1748 2179 scriptura
1761 2157 1772 2174 ,

1206 2194 1311 2235 Mille
1321 2193 1430 2242 procis
1447 2189 1563 2239 placui
1574 2217 1583 2233 ,
1612 2191 1671 2238 qui
1690 2204 1743 2228 me
1766 2189 1867 2225 coiere
1884 2196 2058 2231 querentes
2074 2213 2087 2231 ,

1256 2245 1374 2294 Nescio
1391 2255 1491 2292 quem
1513 2239 1682 2278 thalamis
1700 2239 1911 2291 praeposuisse
1923 2238 2010 2286 suis.

1151 2306 1214 2346 ubi
1232 2305 1318 2342 vide
1340 2316 1435 2353 quae
1458 2313 1643 2340 notamus.
1671 2304 1875 2341 HExNSIUS.

1205 2378 1290 2415 301.
1318 2365 1539 2413 Tyndaridae
1557 2366 1687 2413 gemini
1704 2362 1910 2413 praestantes
1927 2389 1938 2404 ,
1963 2360 2122 2408 caestibus
2143 2360 2198 2398 al·

1150 2426 1202 2452 ter
1218 2445 1226 2459 ‚
1256 2416 1362 2453 Alter
1380 2417 1501 2465 equa]
1538 2416 1598 2452 De
1623 2416 1771 2452 Castore
1802 2414 1838 2449 &
1852 2412 2002 2450 Polluce
2019 2412 2068 2451 fic
2087 2414 2198 2452 etiam

1154 2468 1330 2503 Horatius
1351 2479 1394 2501 11.
1417 2467 1488 2502 Sat.
1511 2478 1539 2502 1.
1561 2467 1618 2502 26.

1203 2517 1322 2562 Castor
1338 2515 1465 2562 gaudet
1487 2515 1580 2564 equis
1595 2543 1605 2559 ,
1633 2529 1696 2552 ovo
1709 2523 1898 2565 prognatus
1918 2513 2032 2552 eodem

1203 2573 1344 2614 Pugnis.

1152 2617 1211 2656 Sic
1232 2618 1377 2654 Helena
1399 2617 1496 2666 apud
1518 2617 1733 2655 Homerum
1755 2629 1824 2654 111.
1842 2616 1943 2654 Iliad.
1966 2627 2054 2665 237.

1202 2680 1355 2725 Kampe
1387 2680 1410 2715 b'
1444 2681 1646 2727 ἱππόδαμον
1668 2708 1679 2725 ,
1726 2679 1788 2714 καὶ
1821 2677 1897 2725 πῦξ
1920 2677 2053 2724 ἀγαθὸν
2081 2681 2202 2726 Πολυὴ

1328 2730 1456 2767 Σεύκεοι
1476 2759 1486 2776 ,

1203 2781 1503 2828 Αἱτσκεισιγνήτω
1517 2810 1527 2827 ,
1557 2784 1608 2819 τῶ
1628 2794 1682 2828 μοι
1705 2781 1770 2827 μία
1792 2780 1942 2826 γείνατο
1963 2781 2090 2827 μῆτκρ.

1151 2858 1198 2890 Et
1219 2853 1392 2901 Castorem
1421 2852 1570 2897 (videre
1597 2864 1674 2890 non
1708 2849 1852 2901 poffum
1875 2852 1888 2898 )
1914 2850 2092 2900 pugnandi
2110 2850 2199 2898 peri-

1152 2916 1229 2941 tum
1244 2933 1253 2948 ,
1273 2917 1315 2944 <9⁶
1333 2905 1492 2954 pugilatu
1511 2903 1687 2949 strenuum
1707 2903 1878 2940 Pollucem
1893 2930 1903 2947 ,
1927 2914 2104 2950 germanos
2116 2903 2198 2946 fra-

1153 2967 1219 2992 tres
1234 2983 1244 2999 ‚
1272 2970 1354 3005 quos
1374 2955 1462 2993 mihi
1484 2968 1556 2992 una
1582 2956 1700 3004 genuit
1730 2964 1856 2991 mater.
1925 2954 1971 2989 Et
1993 2951 2198 2998 Propertius

1155 3019 1218 3043 111.
1238 3020 1307 3053 x-rr.
1332 3020 1386 3054 17.

1205 3071 1333 3121 Qalis
1352 3083 1396 3111 (φ’
1419 3077 1567 3108 Eurotae
1590 3069 1713 3107 Pollux
1734 3079 1777 3108 <5¹
1799 3067 1916 3114 Castor
1938 3063 2071 3106 arenis,

1258 3125 1324 3160 Hic
1340 3126 1452 3159 metor
1470 3123 1590 3171 pugnis
1605 3150 1615 3166 ‚
1640 3121 1698 3157 ille
1713 3123 1854 3165 futurus
1871 3117 1976 3166 equis·

1159 3190 1296 3228 Seneca
1318 3190 1356 3226 in
1380 3189 1516 3225 Medea
1541 3188 1597 3230 Jl's.
1616 3186 1675 3223 88.

1211 3250 1316 3285 Cedet
1336 3249 1471 3297 Castore
1492 3262 1570 3287 cum
1584 3248 1646 3298 suo
1668 3246 1794 3285 Pollux
1817 3240 1976 3292 caestibus
1996 3239 2119 3291 aptior.

1159 3314 1260 3364 §101²
1267 3324 1380 3351 Arius.

1995 3369 2076 3408 301.
2103 3362 2209 3396 Prae-
