2483 3616
239 162 341 219 952
745 126 1294 200 P.'oV1D11

1366 122 1894 201 NASONrs

388 262 491 301 210
530 245 629 303 Me
655 258 857 302 tremor
882 241 1081 300 invafit.
1120 242 1446 322 stabam-fine
1472 246 1720 317 sanguine
1747 250 2002 306 moestus:

539 320 1005 388 Mandentemque
1034 313 1253 377 videns,
1291 314 1712 390 ejec‘tantemque
1738 337 1983 378 cruentas

541 393 653 448 Ore
679 392 867 463 dapeS,
907 389 962 442 &
985 387 1147 441 frusta
1173 404 1325 441 mero
1353 388 1644 458 glomerata
1666 409 2004 459 vomentem,

540 465 695 519 Talia
719 461 984 533 fingebam
1013 460 1206 514 misero
1230 458 1361 512 mihi
1386 459 1490 512 fata
1514 462 1699 530 parari.

537 537 749 606 Perque
775 535 889 588 dies
916 533 1111 586 multos
1135 532 1370 593 latitans,
1409 548 1738 604 omnemque
1763 539 2068 593 tremiscens

402 627 500 680 215
539 609 630 663 Ad
662 606 963 679 strepitum,
1001 617 1342 676 mortemque
1368 603 1588 668 timente,
1624 606 1958 680 cupidusque
1985 611 2197 676 moriri,

544 680 758 736 Glande
783 680 980 734 famem
1006 678 1231 750 pellem,
1271 676 1325 729 &
1353 676 1522 731 mixta
1548 677 1830 732 frondibus
1855 679 2051 745 herba,

545 755 728 817 SoluS,
766 753 947 823 inopS‚
986 750 1203 821 exspes:
1245 748 1356 803 leto
1382 766 1696 823 poenaeque
1721 751 1961 816 relifius,

539 825 709 882 Haud
735 825 923 896 procul
944 822 1160 894 adspexi
1187 822 1352 893 longo
1377 822 1495 894 post
1518 837 1764 895 ternpore
1793 826 1969 880 navim
1995 844 2008 878 :

543 899 816 970 Oravique
842 898 1022 967 fugam
1051 894 1227 966 gestu,
1262 895 1328 948 ad
1354 895 1586 967 litusque
1609 897 1823 950 cucurri
1850 917 1862 951 ε

399 992 504 1027 220
542 973 613 1027 Et
642 971 787 1025 movi
814 989 825 1024 :
867 969 1202 1040 Graiumque
1227 969 1348 1021 ratis
1372 967 1611 1039 Trojana
1635 970 1854 1040 recepit.

542 1044 638 1099 Tu
662 1060 882 1116 quoque
910 1041 1083 1115 pande
1108 1053 1256 1104 tu03‚
1296 1041 1558 1095 comitum
1583 1041 1903 1113 gratiffime‚
1940 1042 2113 1110 casus,

535 1117 608 1173 Et
635 1116 814 1179 ducis,
853 1115 907 1169 &
933 1114 1145 1178 turbae,
1181 1131 1317 1185 quae
1344 1127 1524 1169 tecum
1550 1115 1752 1169 credita
1779 1128 1950 1187 ponto
1974 1117 2063 1173 est.

624 1188 828 1244 AEolon
857 1189 944 1243 ille
969 1187 1134 1242 refert
1156 1186 1342 1242 Tusco
1366 1204 1588 1259 regnare
1614 1188 1921 1260 profundo;

251 1416 328 1443 ram
351 1415 451 1443 nunc
470 1403 623 1453 legitur,
650 1411 694 1442 ce·
715 1401 752 1439 in
768 1401 836 1450 sese
848 1399 1042 1438 nimietatis
1053 1399 1147 1448 senio
1158 1401 1295 1450 faceffe-

250 1467 302 1492 ret
323 1455 446 1494 lucius.
475 1455 520 1492 de
541 1466 618 1504 quo
635 1455 715 1503 jam
738 1452 814 1490 dixi
835 1454 927 1489 Met.
950 1466 985 1490 x.
1004 1452 1060 1495 sss.
1086 1464 1164 1500 194.
1184 1453 1296 1501 perefh

250 1507 359 1555 igitur
382 1508 529 1556 pestere,
558 1504 755 1554 quomodo
775 1503 873 1541 idem
896 1503 1031 1544 eodem
1050 1502 1165 1547 libro,
1193 1502 1296 1551 adesa

250 1558 384 1605 viscera
413 1557 514 1594 dixit.
551 1555 704 1603 Perlongi
725 1555 881 1603 temporis
898 1554 1090 1591 cruciatum
1108 1554 1160 1591 ita
1181 1556 1295 1590 carni-

249 1607 311 1644 bus
350 1618 454 1657 atque
484 1605 556 1655 ipfis
588 1605 775 1655 visceribus
801 1603 907 1653 adesis
934 1605 1073 1641 omnino
1102 1604 1299 1654 consumpta

251 1657 408 1695 membra
441 1659 648 1701 nudarunt,
687 1666 726 1693 ut
757 1656 820 1704 offa
849 1665 992 1691 tantum
1020 1655 1174 1692 viduata
1187 1655 1299 1705 pulpis

242 1708 400 1756 funestae
409 1708 522 1745 arbori
535 1708 774 1744 adhaererent.
786 1706 833 1743 fic
847 1706 942 1743 &ibi
955 1706 1197 1743 scribendum.
1211 1719 1296 1744 cum

250 1760 365 1807 vulgo
386 1760 552 1807 legatur,
581 1758 930 1805 homineconsumpto.
958 1757 1094 1803 Peresus
1107 1756 1186 1793 tabe
1203 1757 1298 1795 libro

252 1822 306 1848 IX.
328 1809 670 1858 Qoaclpeslilentiae
683 1808 821 1845 lethalis
831 1807 1000 1853 pervicaci
1017 1806 1248 1857 tubepoffeffus
1258 1821 1298 1845 ac

245 1864 380 1910 peresus
391 1860 593 1909 absumerer.
621 1860 674 1897 Ita
687 1861 786 1897 enim
799 1858 969 1901 ma10‚ad
984 1860 1197 1906 exemplum
1214 1860 1299 1898 Ma-

253 1913 400 1949 roniani
430 1910 549 1948 versus
579 1910 688 1958 paulo
719 1919 803 1947 ante
834 1908 1032 1958 produffi,
1061 1921 1172 1957 quam
1194 1911 1299 1959 quod

251 1973 353 1999 nunc
383 1962 662 2004 circumfertur,
696 1960 870 2009 pervicaci
901 1959 1005 1997 rabie.
1043 1961 1130 1997 Non
1153 1961 1296 2009 poffum

252 2020 378 2049 tamen
402 2012 619 2049 diffimulare
650 2012 686 2048 in
711 2011 958 2058 Neapolitano
977 2012 1178 2048 veterrimo
1201 2012 1296 2061 legi,

250 2062 312 2100 hic
334 2062 513 2110 lociapud
526 2062 728 2104 Nasonem,
749 2059 994 2109 oblifisqueossa
1006 2061 1176 2099 medullis.
1195 2064 1297 2110 quod

253 2124 383 2150 verum
414 2114 559 2161 opinor.
587 2111 635 2149 fic
656 2111 778 2160 obltsae
797 2113 917 2158 fauces
940 2111 1036 2160 apud
1057 2112 1235 2150 Tacitum
1259 2115 1298 2150 &

249 2163 370 2212 gulam
392 2163 508 2211 digitis
528 2162 673 2199 oblidere
693 2162 789 2210 apud
812 2162 1036 2199 Ciceronem
1060 2174 1127 2212 pro
1149 2161 1298 2203 Scauro.

253 2214 469 2252 Prudentius
491 2213 758 2263 psychomach.

304 2271 527 2315 Ferratosque
546 2274 633 2302 toros
652 2263 752 2312 oblifh
771 2263 885 2301 robore
907 2262 1046 2302 mulcet.

253 2316 293 2354 δί
314 2327 428 2353 mox:

305 2369 478 2413 Infamem
498 2375 670 2404 mercatus
687 2379 810 2415 agrum
825 2366 866 2403 de
876 2366 1048 2414 sanguine
1066 2366 1173 2405 amici

305 2417 474 2455 Numinis
492 2417 591 2466 oblifh
615 2417 766 2455 luiturus
778 2418 901 2466 jugera
923 2416 1015 2456 collo.

255 2468 309 2506 &a

623 2518 722 2567 obliso
741 2528 882 2567 gutture
897 2517 1037 2567 frangit

306 2571 523 2619 Exsanguem
537 2568 730 2619 ficcamque
745 2570 878 2618 gulam.

255 2620 464 2658 Marcianus
486 2621 634 2669 Capella
655 2621 716 2658 lib.
737 2633 779 2658 11.
809 2627 850 2657 In
869 2630 947 2657 ortu
967 2621 1126 2660 Hercules
1141 2620 1300 2670 gemina-

255 2680 313 2706 tae
337 2671 441 2706 noezis
461 2670 654 2720 obsequium
669 2699 679 2715 ,
699 2672 933 2721 serpentesque
953 2671 1043 2708 idem
1057 2682 1193 2722 parvus
1216 2672 1301 2710 obli-

254 2722 337 2758 dens
364 2720 440 2756 vim
465 2721 617 2757 numinis
641 2722 855 2770 approbavit.
882 2723 973 2760 Plin.
992 2723 1051 2761 lib.
1075 2737 1127 2761 VI.
1162 2736 1219 2772 ep.
1239 2736 1299 2762 20.

255 2770 357 2807 Cinis
376 2774 516 2818 rursum
534 2771 666 2807 multus
686 2783 728 2811 cy
744 2773 886 2820 gravis,
914 2772 1004 2810 hunc
1026 2774 1215 2812 identidem
1237 2775 1299 2810 ab·

246 2821 431 2869 stergentes
461 2820 526 2867 (ita
547 2820 653 2868 leg0‚
681 2833 756 2858 non
781 2823 997 2869 assurgentes)
1019 2826 1297 2869 excutiebamus‚

254 2871 358 2921 operti
378 2870 509 2920 alioqui
532 2882 574 2909 <9¹
589 2869 837 2918 oblisipomlere
856 2873 1000 2919 effemus.
1032 2876 1178 2923 Apulej.
1200 2876 1297 2914 Met.

254 2935 309 2960 vx,
354 2922 514 2969 Jamque
550 2921 704 2968 protinus
739 2920 847 2969 oblifis
874 2922 1039 2966 faucibus
1067 2924 1299 2971 interstingere

255 2986 331 3010 eam
352 2972 520 3020 debuiffet.
550 2971 647 3007 idern
661 2970 793 3008 Florid.
809 2984 834 3007 1.
863 2972 1221 3022 {Quippeillisgressum
1235 2988 1298 3010 ex-

249 3023 365 3073 pedire
390 3021 661 3071 nequeuntibus,
691 3021 805 3070 necesse
827 3021 872 3067 sit
895 3022 988 3069 rklege
1004 3022 1067 3069 fit)
1087 3024 1251 3060 ultionem
1274 3037 1296 3060 a

254 3075 361 3111 ruina
381 3074 477 3109 molis
489 3073 574 3120 suae
591 3082 698 3120 petere
712 3101 720 3114 ‚
749 3086 788 3107 ac
808 3083 987 3108 retentores
1001 3074 1079 3120 suos
1100 3085 1168 3110 toto
1189 3084 1296 3121 corpo-

255 3139 290 3161 re
310 3125 462 3161 oblidere.
493 3123 698 3159 Columella
727 3123 786 3159 lib.
806 3135 876 3160 vir.
897 3134 973 3172 cap.
997 3134 1030 3171 3.
1061 3125 1220 3161 Humilia
1232 3126 1298 3169 fiz-

254 3189 323 3211 cere
348 3176 486 3221 stabula
505 3174 541 3210 in
567 3174 814 3221 longitudinem
830 3174 941 3222 potius
965 3176 1124 3211 convenit
1145 3185 1295 3224 exporre-

254 3229 308 3260 l‘la
337 3239 442 3273 quam
471 3225 508 3260 in
538 3224 763 3260 latitudinem
780 3252 789 3267 ,
826 3235 864 3260 ut
880 3224 990 3272 simul
1011 3237 1054 3264 φ’
1072 3226 1190 3273 hyeme
1213 3226 1298 3262 cali·

254 3276 300 3313 (la
318 3276 415 3325 sint,
444 3289 502 3314 nec
529 3275 704 3324 angustiae
725 3277 839 3324 foetus
858 3275 1024 3314 oblidant.
1043 3276 1219 3325 sublidere
1235 3278 1300 3326 haff

2240 1296 2245 1301 ·
2262 1263 2392 1321 AEo-

1350 1399 1413 1438 bes
1431 1399 1527 1449 apud
1544 1399 1784 1441 Prudentium
1805 1400 2026 1452 Apotheofi.
2053 1402 2091 1440 in
2103 1402 2289 1441 nonnullis
2299 1403 2392 1444 haud

1352 1451 1460 1490 dubie
1482 1450 1665 1502 collistsque
1680 1453 1852 1502 scriptum
1873 1454 2005 1492 fuerat.
2031 1454 2119 1492 hinc
2142 1467 2286 1505 cumque
2308 1453 2391 1504 ipsis,

1352 1503 1391 1540 &
1413 1516 1557 1553 cumque
1576 1503 1633 1553 esis
1653 1505 1899 1553 promanavit.
1927 1505 2074 1542 Hans.
2111 1504 2256 1554 Collisae
2273 1512 2394 1544 tamen

1351 1553 1433 1591 illae
1462 1554 1645 1592 medullae
1677 1566 1797 1605 aeque
1826 1566 1954 1604 parum
1977 1555 2011 1593 se
2033 1555 2125 1593 mihi
2144 1556 2321 1604 probant,
2345 1563 2396 1595 at-

1353 1616 1426 1653 que
1453 1605 1535 1652 esae.
1562 1605 1705 1642 oblidere
1724 1614 1871 1655 guttur,
1900 1605 2016 1651 colla,
2042 1606 2222 1655 serpentes
2246 1606 2284 1643 &
2303 1606 2395 1645 fimi-

1354 1655 1400 1692 lia
1424 1655 1522 1693 recte
1533 1654 1689 1694 dicimus
1703 1684 1713 1700 ,
1740 1656 1801 1694 sed
1813 1656 1902 1706 quid
1913 1657 1993 1695 sunt
2004 1656 2126 1705 oblisae
2137 1656 2335 1695 medullae?
2351 1669 2394 1696 an

1353 1705 1470 1743 flacio
1503 1703 1577 1743 osse
1605 1705 1776 1755 preffae?
1817 1709 1913 1746 forte
1941 1707 2123 1756 scripserat
2145 1735 2156 1754 ,
2194 1704 2396 1757 contustsque

1355 1757 1418 1805 ossa
1448 1756 1608 1794 medullis
1633 1767 1672 1796 ut
1701 1757 1744 1795 fit
1772 1758 1872 1808 quafi
1899 1759 2115 1808 hypallage,
2154 1770 2220 1807 pro
2244 1756 2396 1797 contufis

1355 1807 1486 1845 offibus
1506 1808 1543 1845 ὃς
1568 1809 1686 1847 fractis
1699 1837 1710 1854 ,
1738 1809 1915 1848 medullas
1929 1809 2157 1848 condebatin
2172 1810 2319 1852 alvum3
2339 1807 2396 1848 sed

1356 1870 1427 1896 nec
1447 1859 1514 1896 alia
1533 1859 1645 1897 leffio
1667 1860 1856 1909 displicet,
1884 1873 2028 1911 cumque
2040 1858 2113 1910 ipsis
2135 1859 2198 1908 offa
2218 1857 2374 1897 medullis
2381 1873 2394 1904 3

1356 1921 1453 1959 quae
1483 1910 1574 1947 mihi
1603 1913 1845 1949 voracitatem
1867 1912 1906 1949 δί
1930 1912 2105 1961 Cyclopis
2125 1912 2393 1948 immanitatem

1355 1961 1518 1998 indicare
1539 1962 1684 2010 egregie
1702 1961 1847 2000 videtur
1862 1990 1872 2006 ‚
1900 1973 2013 2011 quem
2029 1989 2039 2006 ‚
2059 1969 2099 1998 ut
2119 1961 2270 1999 leonem
2287 1989 2297 2006 ,
2324 1972 2398 1999 non

1354 2011 1593 2049 morabantur
1620 2011 1703 2049 offa.
1732 2012 1835 2062 quod
1863 2011 1889 2049 fi
1915 2024 1993 2050 non
2014 2011 2226 2049 admittatur
2251 2011 2397 2050 creden-

1355 2061 1444 2099 dum
1466 2062 1514 2098 est
1528 2089 1539 2106 ,
1565 2063 1674 2099 latere
1687 2062 1787 2100 ulcus
1815 2062 1934 2100 adhuc
1957 2063 2074 2110 majus
2089 2090 2098 2105 ‚
2120 2063 2158 2100 &
2179 2062 2266 2101 ideo
2288 2062 2398 2101 tutiu's

1354 2113 1480 2160 putavi
1498 2112 1682 2161 vulgatam
1707 2112 1916 2162 scripturam
1937 2114 2104 2151 retinere.
2129 2112 2258 2150 ΒυκΜ.

1406 2174 1491 2201 210.
1521 2169 1582 2199 Me
1603 2163 1910 2213 tremorinvafit.]
1943 2165 2077 2201 Cicero
2090 2162 2398 2212 xvx.Epist.Fam.

1358 2225 1415 2252 12.
1444 2212 1561 2251 Mirus
1571 2216 1676 2260 furor
1686 2213 2006 2263 invafitimprobos.
2036 2213 2236 2252 Sallustius:
2257 2212 2398 2251 Adher-

1355 2263 1468 2301 balem
1482 2292 1493 2310 ,
1519 2278 1700 2314 omnesque
1712 2293 1722 2310 ,
1751 2265 1811 2314 qui
1819 2265 1886 2314 sub
1908 2265 2080 2316 Mycipsae
2096 2264 2232 2314 imperio
2236 2265 2395 2310 fuerant,

1355 2327 1467 2352 metus
1508 2315 1664 2354 invadit.
1714 2316 1803 2353 Alio
1844 2316 1962 2354 modo
1990 2316 2154 2365 loquitur
2183 2316 2311 2353 Livius
2336 2315 2397 2353 lib.

1354 2378 1503 2404 xxxvn.
1530 2367 1591 2404 ubi
1616 2367 1664 2404 est
1685 2379 1693 2405 :
1731 2367 1846 2404 Timor
1867 2365 1992 2414 inceffit
2015 2366 2171 2404 Livium.
2208 2365 2298 2403 Alio
2315 2377 2397 2403 mo-

1355 2416 1405 2454 do
1428 2416 1556 2454 Caesar
1573 2417 1673 2455 lib.r.
1703 2418 1763 2455 De
1782 2416 2013 2455 BelGallico
2037 2431 2046 2455 :
2076 2422 2210 2454 Tantus
2223 2415 2398 2465 subireti-

1355 2480 1430 2504 mor
1456 2481 1592 2505 omnem
1621 2469 1810 2506 exercitum
1837 2468 2040 2518 occupavit,
2068 2478 2106 2505 ut
2135 2480 2203 2506 non
2222 2465 2394 2504 mediocri·

1356 2528 1428 2562 ter,
1457 2531 1529 2558 (φτ.
1558 2520 1727 2556 CxorAN.

1407 2581 1491 2607 211.
1519 2571 1800 2620 Ejeerantemque
1822 2575 2057 2608 cruentasOre
2070 2567 2198 2619 dapes]
2229 2567 2281 2605 Ita
2291 2565 2392 2614 sedp-

1355 2620 1396 2657 ti.
1419 2619 1546 2657 malim
1568 2621 1808 2659 nihilominus
1823 2650 1832 2666 ‚
1860 2623 2153 2671 eruffantemque.
2177 2617 2411 2667 Virgiliusin,

1355 2671 1424 2708 hac
1443 2671 1515 2720 ipsa
1534 2673 1764 2715 narratione,
1791 2672 1850 2709 lib.
1876 2685 1939 2709 nr.
1965 2671 2050 2720 632.

1524 2721 1664 2769 fimiem
1682 2723 1840 2759 erue'z‘ans
1858 2736 1898 2759 ac
1908 2722 2025 2769 frusta
2048 2729 2184 2758 cruento

1407 2779 1472 2809 Per
1481 2772 1647 2821 somnum
1669 2772 1844 2820 commista
1866 2786 1968 2810 mero.
2470 2785 2473 2808 ,¹

1356 2822 1463 2860 Silius
1490 2835 1643 2872 quoque
1673 2823 1765 2861 libro
1798 2835 1858 2861 xv.
1887 2833 1970 2871 434.
1997 2819 2059 2859 ubi
2079 2821 2154 2859 hoc
2177 2819 2391 2872 Polyphemi

1356 2875 1575 2910 convivium
1598 2873 1784 2911 describit:

1409 2925 1476 2970 Ipse
1496 2936 1606 2959 manu
1625 2922 1770 2959 extentd
1789 2921 1932 2958 Laertia
1946 2921 2067 2970 pocula
2080 2921 2186 2971 poscit
2198 2949 2211 2967 ,

1407 2974 1655 3020 Permiscetque
1673 2985 1764 3008 mero
1783 2975 1933 3009 rubiaros
1949 2986 2001 3010 ore
2023 2985 2162 3010 cruores.

1356 3022 1493 3060 Seneca
1516 3023 1679 3071 Thyeste
1694 3051 1703 3067 ,
1733 3035 1819 3068 910.

1408 3074 1490 3109 Vino
1507 3083 1703 3121 gravatum
1717 3073 1868 3120 fulciens
1888 3073 1992 3111 laeva
2011 3082 2108 3124 caput

1405 3127 1564 3161 Eruc‘iat.
2463 3143 2465 3146 ·

1353 3175 1498 3211 Ruffluri
1520 3174 1684 3220 ‚liiblimes
1716 3176 1833 3222 versus
1855 3176 2016 3214 Horatio
2035 3174 2125 3212 Arte
2138 3172 2288 3211 Poetica
2309 3176 2394 3221 4574
2461 3195 2463 3227 ἦ

1354 3225 1538 3273 Juvenalis
1563 3226 1633 3263 Sat.
1658 3239 1710 3263 VI.
1734 3239 1791 3264 10.

1409 3280 1453 3313 Et
1468 3276 1566 3327 saepe
1588 3276 1758 3316 horridior
1774 3277 1937 3328 glandem
1957 3277 2114 3317 metante
2131 3273 2270 3313 marito.
2307 3322 2335 3362 Ρ

2335 3333 2392 3369 tu}
