2483 3616
697 177 758 234 P.
831 175 1251 234 OVIDII
1321 176 1860 235 NASON'I‘S

538 280 726 356 Exigit
754 283 1159 357 Hippomenes:
1198 281 1342 356 paffu
1366 283 1509 337 volat
1533 284 1656 338 alite
1681 284 1854 356 virgo,

543 356 699 428 Quae
723 375 1046 430 quamquam
1073 356 1323 429 Scythica
1345 374 1456 410 non
1485 357 1650 410 secius
1675 358 1752 412 ire
1774 357 1960 430 sagitta

542 431 726 484 A'onio
750 431 853 485 visa
876 429 951 484 est
970 430 1183 501 juveni;
1225 444 1405 484 tamen
1428 429 1514 482 ille
1539 428 1798 483 decorem

396 520 501 572 590
538 501 773 557 Miratur
799 503 992 576 magis:
1035 503 1090 557 &
1115 502 1292 557 cursus
1317 501 1442 555 facit
1466 500 1573 570 ipse
1599 500 1873 558 decorem.

544 579 693 630 Aura
722 576 886 632 refert
915 576 1089 631 oblata
1112 575 1229 629 citis
1257 574 1434 626 talaria
1457 571 1672 642 plantis:

537 648 832 722 Tergaque
851 648 1108 721 jaRantur
1133 647 1306 700 crines
1329 662 1425 716 per
1450 643 1712 707 eburnea,
1749 662 1995 718 quaeque

540 721 839 794 Poplitibus
864 721 1108 775 suberant
1132 717 1276 791 picio
1305 716 1545 788 genualia
1572 715 1766 771 limbo:

543 794 711 867 Inque
737 794 957 865 puellari
986 809 1180 862 corpus
1208 791 1445 845 candore
1472 789 1728 844 ruborem

398 886 460 937 59
469 887 498 936 5
536 867 816 922 Traxerat.
855 865 996 919 haud
1021 866 1200 927 aliter,
1235 881 1396 936 quam
1419 880 1543 917 cum
1571 862 1726 935 super
1749 863 1880 917 atria
1905 863 2082 920 velum

543 939 789 993 Candida
804 955 1143 1011 ,purpureum
1170 937 1428 991 fimulatas
1453 936 1622 990 inficit
1646 936 1879 991 umbraS.

538 1012 688 1066 Dum
714 1024 864 1066 notat
891 1011 1022 1066 haec
1047 1010 1265 1083 hospes;
1307 1010 1526 1064 decursa
1550 1008 1828 1064 noviffima
1853 1023 1996 1066 meta
2023 1009 2124 1066 est:

535 1084 610 1139 Et
636 1086 835 1157 tegitur
860 1084 988 1139 festa
1015 1084 1206 1138 victrix
1233 1085 1474 1137 Atalanta
1500 1085 1717 1137 corona.

541 1159 688 1212 Dant
716 1159 977 1230 gemitum
1002 1157 1155 1221 vicli,
1193 1157 1544 1230 penduntque
1573 1175 1640 1211 ex
1667 1156 1889 1211 foedere
1914 1175 2127 1230 poenaS.

397 1239 502 1288 600
539 1232 666 1286 Non
692 1245 871 1285 tamen
896 1246 1092 1286 eventu
1114 1231 1369 1302 juvenum
1396 1230 1682 1283 deterritus
1710 1230 1906 1285 horum

543 1304 797 1358 Constitit
824 1305 878 1358 in
903 1304 1118 1368 medio;
1161 1305 1420 1376 vultuque
1449 1304 1503 1356 in
1529 1303 1734 1373 virgine
1762 1303 1899 1367 fixo,

541 1377 693 1450 Quid
720 1377 932 1432 facilem
958 1378 1173 1433 titulum
1196 1375 1496 1449 superando
1524 1376 1730 1448 quaeris
1754 1376 1984 1444 inertes;

298 1576 451 1615 Exultat
463 1604 473 1621 ,
492 1576 623 1623 fratris
647 1576 784 1614 credens
803 1576 897 1614 hunc
915 1575 972 1626 effe
992 1589 1144 1614 cruorem
1157 1604 1168 1622 ,

300 1630 422 1666 Credit
442 1639 485 1667 cy·
504 1627 570 1677 ipse
595 1639 701 1665 metu.
757 1629 901 1666 Hnms.

247 1680 499 1728 ‘Invidiamque
529 1690 632 1718 tenet.
667 1681 796 1717 Oxon.
826 1681 864 1717 &
896 1687 1056 1729 quatuor.
1073 1679 1143 1717 alii.
1171 1680 1292 1725 forte,

246 1732 455 1780 invidiaque
473 1742 596 1768 tumet.

300 1781 382 1830 585.
413 1782 630 1831 immund]
663 1788 850 1830 Intercepta
867 1780 970 1819 Bafil.
992 1780 1090 1819 unde
1115 1781 1288 1821 Heinsius

245 1832 425 1877 faciebat,
453 1833 666 1880 impercepta.
694 1842 733 1869 ut
754 1833 814 1869 lib.
837 1845 888 1869 ix.
911 1844 994 1877 710.

299 1884 383 1931 586.
412 1883 592 1919 Audentes
613 1890 705 1919 Deus
726 1883 791 1931 ipfie
807 1883 954 1932 juvat.]
985 1882 1104 1920 Alibi:
1127 1885 1289 1922 Audaces

243 1939 394 1983 Forsque
423 1940 597 1982 Venusque
618 1934 741 1982 juvat.
763 1934 964 1971 Terentius
982 1935 1019 1971 in
1045 1934 1285 1976 Phormione:

248 1990 363 2021 Fortes
383 1991 536 2021 Fortuna
558 1985 722 2034 adjuvat.
752 1985 913 2026 Ennius;
946 1985 1030 2022 citat
1049 1986 1284 2026 Macrobius:

244 2035 403 2073 Fortibus
426 2035 468 2082 est
479 2037 630 2082 fortuna
651 2036 741 2073 viris
760 2036 859 2074 data.
887 2035 1082 2084 Virgilius:

294 2087 475 2123 Audentes
489 2088 641 2133 fortuna
648 2087 772 2135 juvat.

246 2137 491 2175 Claudianus:
631 2139 634 2141 ’

294 2194 375 2224 Fors
389 2190 501 2237 juvat
524 2189 689 2225 audentes
709 2189 808 2238 prisci
822 2189 999 2238 sententia
1022 2189 1130 2227 vatis.
1169 2191 1287 2228 Cxor.

240 2239 405 2277 'Audaces
435 2239 603 2277 Leidens.
631 2241 669 2277 ὅ(
696 2241 804 2278 Palat.
826 2241 993 2278 audacem
1021 2241 1162 2279 Medic.
1181 2254 1287 2280 unuS.

245 2291 318 2328 vid.
344 2290 388 2327 ad
405 2290 466 2327 lib.
491 2304 518 2328 1.
542 2293 623 2328 Art.
648 2291 737 2329 Am.
757 2292 841 2329 608.

298 2341 365 2378 188
409 2347 487 2378 Non
497 2343 635 2391 segnius
657 2343 705 2379 ire
716 2342 890 2392 sagittd]
908 2349 987 2380 Non
1001 2342 1111 2391 secius
1132 2343 1285 2381 Floren—

243 2391 338 2429 tinus
357 2392 392 2429 S.
411 2393 538 2430 Marci.
578 2394 736 2441 Neapol.
765 2395 803 2431 ὃς
832 2394 900 2431 sec.
928 2394 1069 2431 Medic.
1092 2395 1129 2430 in
1149 2395 1258 2432 tertio
1273 2423 1283 2438 ,

237 2444 359 2489 segius.
388 2444 459 2479 hoc
482 2444 553 2487 est,
571 2444 691 2493 secius.
718 2446 916 2494 quomodo
938 2446 1076 2492 primus
1089 2445 1284 2483 Mediccus

244 2493 283 2528 ὃ(
304 2494 484 2538 Spirensis.
510 2507 552 2531 ac
583 2507 648 2541 pro
681 2495 818 2533 diversa
848 2495 1011 2533 lectione
1031 2497 1167 2543 primus
1185 2497 1283 2534 Gro-

243 2544 435 2579 novianus.
464 2544 621 2582 diximus
644 2546 702 2582 lib.
726 2560 768 2583 11.
786 2547 844 2589 ᾡς.
863 2547 948 2595 809.
977 2547 1124 2584 Hsms.
1163 2546 1168 2550 ”

298 2605 380 2639 590.
412 2594 565 2630 Mirator
597 2597 705 2643 magis
733 2598 796 2642 est,
826 2609 870 2636 ey
899 2600 1014 2640 cursus
1030 2598 1120 2644 facit
1139 2597 1203 2647 ipse
1224 2598 1282 2635 de-

243 2643 388 2691 corem]
421 2645 507 2680 Non
530 2645 643 2680 solum
665 2647 741 2692 plus
761 2649 896 2693 gratiae
916 2649 1050 2692 habet,
1078 2649 1137 2686 sed
1160 2651 1197 2686 &
1217 2662 1282 2687 ne-

242 2693 409 2730 ceffitatis
427 2694 473 2729 cst
489 2721 498 2736 ,
528 2705 566 2731 ut
587 2695 717 2743 absque
738 2698 1025 2745 conjunctione,
1055 2711 1119 2744 ω’,
1148 2700 1208 2737 hic
1228 2701 1285 2738 lo-

241 2755 303 2780 cus
326 2744 473 2791 legatur.
515 2744 655 2780 Talaria
672 2773 680 2786 ‚
709 2747 799 2782 alata
822 2748 1068 2786 calceamenta
1088 2762 1283 2788 commen-

240 2803 377 2831 tatores
404 2804 606 2841 exponunt.
660 2796 803 2832 Servius
832 2798 866 2832 in
896 2809 1065 2845 quartum
1093 2802 1280 2838 Aeneidos

239 2857 379 2893 pennas
404 2842 567 2881 extulisse
592 2844 757 2888 videtur,
786 2858 880 2893 quae
909 2857 948 2884 ut
969 2849 1056 2885 huic
1077 2850 1163 2887 loco
1188 2863 1278 2887 con-

239 2905 370 2944 gruant
389 2908 466 2932 non
488 2895 599 2932 video
613 2923 621 2936 ‚
651 2897 812 2932 maxime
832 2906 977 2944 propter
996 2900 1148 2936 verbum
1179 2900 1278 2937 abla-

238 2959 290 2984 ta.
319 2947 528 2983 GLAREAN.
582 2944 740 2983 Fortaffe
774 2947 902 2982 melius
923 2948 1024 2993 quod
1048 2950 1131 2992 alii,

762 3006 880 3032 tamen
901 2997 957 3031 ille
979 2998 1104 3033 decoris

290 3049 446 3085 Mirator
465 3047 573 3096 magis
593 3047 658 3094 est;
690 3051 803 3095 cursus
814 3047 905 3091 jacit
929 3048 991 3095 ipse
1014 3048 1176 3085 decorem.

239 3111 331 3149 DAN
370 3114 579 3150 mesus,
632 3112 729 3149 Facit
761 3110 826 3159 ipse
855 3110 1010 3146 decoram
1038 3111 1145 3148 multi
1175 3119 1278 3149 vete-

236 3174 301 3199 res.
332 3165 541 3201 Hfiixsms.

291 3227 371 3260 501.
403 3222 506 3251 Aura
538 3215 641 3260 refert
669 3213 791 3249 ablata
826 3212 901 3249 citis
932 3211 1062 3249 talaria
1097 3213 1277 3263 plantis.]

238 3262 365 3299 Oblata
394 3267 499 3311 prim.
531 3265 639 3302 Palat.
668 3266 916 3313 pr1m.V·.itic.
948 3263 1018 3302 sec,
1051 3272 1132 3300 tert.
1161 3274 1278 3312 quart.

233 3312 371 3353 Medic.
393 3316 600 3365 Caritabrig.
630 3315 772 3355 Arond.
802 3315 980 3365 Bernegg.
1009 3315 1139 3355 Urbin.
1166 3316 1276 3367 prim.

2151 1502 2154 1504 ,
2170 1451 2396 1512 Mecum

1354 1575 1446 1625 Reg.
1470 1583 1625 1625 uterque
1644 1574 1851 1624 Hamburg.
1874 1577 1982 1625 prim.
1995 1576 2130 1615 Erfurt.
2150 1577 2241 1626 Spir.
2262 1580 2396 1630 aliique

1351 1627 1508 1672 plurimi.
1539 1628 1643 1665 bene.
1670 1627 1833 1665 tunicam
1858 1627 2009 1665 talarem
2030 1629 2209 1677 intelligit.
2254 1631 2395 1680 Apule-

1343 1678 1404 1726 jus
1426 1679 1609 1727 eleganter
1629 1679 1674 1716 de
1687 1678 1809 1716 Statua
1822 1678 1964 1716 Dianae
1983 1679 2044 1717 lib.
2064 1692 2110 1717 11.
2140 1680 2243 1718 Miles
2254 1680 2394 1730 fignum

1340 1731 1487 1777 perseble
1504 1730 1720 1766 luculentum
1747 1729 1834 1776 veste
1850 1728 2012 1779 reflatum
2026 1758 2035 1773 ,
2061 1737 2221 1779 procursu
2243 1734 2394 1781 vegetius

1344 1779 1600 1817 introeuntibus
1618 1780 1771 1817 obvium.
1802 1781 1946 1818 Hfims.
1974 1781 2058 1818 Val.
2080 1781 2174 1819 Flac.
2188 1794 2253 1819 111.
2273 1786 2358 1833 605.

1395 1836 1516 1868 Strata
1535 1832 1593 1868 vel
1611 1831 1732 1868 oblatis
1749 1832 1869 1869 ductor
1892 1831 1989 1868 videt
2007 1845 2154 1882 aequora
2175 1833 2307 1873 ventis.

1347 1881 1425 1919 Ubi
1443 1883 1543 1931 plura
1562 1882 1739 1921 dicemus.

1398 1945 1480 1981 592.
1509 1939 1690 1982 Tergaque.
1714 1934 1730 1983 ]

1343 1983 1515 2035 collaque3
1546 1996 1673 2033 parum
1695 1985 1826 2022 refert:
1856 1984 1903 2021 sic
1918 1985 1979 2023 lib.
2002 1998 2066 2022 111.
2086 1985 2166 2022 Art.
2188 1986 2388 2035 236.dixit,

1335 2037 1434 2084 fusos
1455 2045 1515 2084 per
1537 2035 1621 2071 colla
1648 2035 1806 2084 capillos,
1834 2036 1896 2072 ubi
1918 2036 2048 2073 eadem
2075 2037 2237 2074 varietas.

1395 2088 1477 2134 596.
1505 2086 1662 2123 Similem
1683 2087 1746 2122 dat
1768 2097 1810 2125 ω’
1826 2084 1938 2132 inficit
1959 2086 2163 2135 umbram]
2193 2087 2385 2128 simuledit

1342 2136 1511 2184 &inficit
1530 2137 1747 2186 Bernegger.
1786 2138 1824 2174 δε
1853 2145 2012 2185 quatuor
2040 2137 2110 2174 alii.
2145 2136 2251 2184 fimul
2275 2140 2390 2178 adda-t

1341 2188 1522 2226 Arondel.
1541 2187 1651 2237 simul
1671 2188 1752 2224 edat
1774 2188 1881 2235 prim.
1903 2188 1940 2224 ὃς
1972 2188 2060 2225 alius
2082 2187 2220 2225 Medic.
2233 2188 2386 2237 fimilem

1342 2238 1451 2274 datur
1480 2252 1572 2278 unus
1602 2239 1749 2276 Bonon.
1771 2237 1881 2285 fimul
1911 2249 1954 2276 ω’
1982 2237 2045 2274 dat
2079 2248 2122 2277 Ψ
2143 2237 2254 2286 inficit
2276 2243 2384 2290 prim.

1343 2290 1486 2327 Moreti
1508 2292 1544 2327 ὃ(
1568 2290 1706 2337 septem
1726 2289 1798 2326 alii.
1825 2287 1995 2329 fimilatas
2012 2288 2124 2335 inficit
2137 2289 2280 2328 umbras
2298 2292 2384 2332 Flo-

1342 2342 1504 2378 rentinus
1529 2341 1696 2378 S.Marci
1719 2340 1892 2376 omnium
1911 2341 2086 2388 optimus.
2113 2341 2216 2389 quod
2241 2341 2387 2391 sequor.

1338 2403 1410 2428 nec
1430 2392 1566 2429 abludit
1594 2390 1787 2440 Spirensis,
1814 2391 1852 2428 in
1883 2402 1960 2440 quo
1980 2418 1991 2435 ,
2026 2390 2148 2438 fimilis
2172 2391 2235 2428 dat
2262 2392 2386 2439 inficit.

1340 2442 1553 2479 Heinsms.

1394 2505 1473 2541 599.
1502 2494 1732 2543 penduntque
1754 2506 1795 2530 ex
1806 2492 1943 2540 foedere
1957 2501 2092 2541 poenas.
2111 2490 2127 2542 ]
2168 2492 2220 2530 Ita
2239 2493 2382 2535 locutus

1342 2543 1385 2580 C.
1413 2546 1537 2592 Nepos
1559 2545 1723 2582 Hannib.
1745 2556 1813 2582 vix.
1842 2556 1882 2580 ut
1894 2543 2142 2593 effetpecunia‚
2157 2557 2244 2594 quae
2255 2551 2380 2584 Roma-

1341 2597 1394 2631 nis
1416 2609 1458 2632 ex
1477 2595 1604 2637 foedere
1618 2595 1836 2644 penderetur.

1391 2648 1475 2684 600.
1496 2647 1665 2691 Juvenis.
1683 2647 1698 2696 ]
1727 2647 1918 2691 Juvenum
1936 2644 2120 2682 deterritus
2142 2643 2266 2683 horum
2288 2649 2381 2687 mul-

1338 2697 1385 2740 ti,
1420 2709 1495 2734 non
1510 2698 1664 2745 juvenis.
1690 2698 1902 2734 Heinsius.
1929 2695 2314 2737 perterritusMenard.
2339 2701 2378 2738 &

1338 2755 1408 2784 tres
1431 2748 1502 2784 alii.

1389 2800 1474 2834 602.
1502 2795 1692 2845 Facilem]
1746 2796 1916 2845 fragilem
1944 2807 2036 2833 unus
2059 2796 2187 2835 Heins.
2210 2799 2376 2838 vincendo

1336 2849 1472 2898 quaeris
1493 2847 1660 2885 Menard.

1386 2903 1472 2946 603.
1501 2905 1641 2934 Mecum
1661 2898 1795 2942 confer,
1822 2895 1915 2946 ait.]
1945 2896 2154 2946 Niljuvant
2170 2898 2249 2936 libri
2272 2910 2373 2939 vete-

1333 2961 1399 2986 res.
1428 2949 1601 2985 Putabam
1623 2948 1864 2985 nihilominus
1885 2976 1895 2992 ,
1932 2954 1976 2984 Te
2006 2948 2120 2994 mihi,
2149 2951 2280 2996 confer,
2305 2951 2370 2989 ait.

1337 2999 1549 3036 Hzmsms.
1576 3000 1662 3036 Stat.
1684 3010 1754 3035 vn.
1771 2999 1895 3036 Theb.
1920 3010 2005 3048 734.

1386 3062 1421 3097 Si
1441 3061 1505 3098 tibi
1524 3061 1666 3098 collatus
1687 3061 1828 3098 Divtim
1840 3061 1948 3111 sator.

1387 3115 1472 3160 (ἕως.
1502 3112 1704 3157 Achaestius
1725 3113 1791 3149 illi.
1815 3114 1827 3160 ἶ
1867 3114 1956 3150 Non
1978 3111 2170 3151 mendosus
2188 3111 2305 3149 codex
2322 3112 2369 3151 fic

1333 3162 1443 3200 habet
1458 3191 1467 3206 ‚
1481 3163 1685 3210 Onclmestus
1704 3175 1747 3201 <9⁴
1767 3163 1835 3200 illi.
1864 3164 2094 3202 Onchoestus
2112 3163 2209 3199 enim
2228 3163 2370 3211 Neptu-

1335 3215 1370 3250 ni
1393 3213 1484 3250 filius
1504 3215 1593 3256 fuit,
1623 3223 1662 3250 ut
1681 3216 1717 3250 in
1751 3214 1907 3263 septimo
1928 3212 2140 3251 Thebaidos
2172 3224 2367 3251 commen-

1334 3266 1427 3301 tario
1447 3264 1586 3313 legitur.
1625 3267 1793 3311 quamvis
1823 3265 2025 3306 Hefiodus,
2052 3262 2139 3299 teste
2159 3262 2368 3311 Stephano,

1335 3315 1593 3354 Onchocstum
1623 3314 1772 3354 Boeoto
1812 3315 1978 3364 Neptuni
2007 3312 2084 3352 filio
2113 3323 2240 3359 natum
2264 3314 2371 3402 [gadit-

2295 3374 2341 3402 eri
2358 3392 2369 3403 .

1789 1933 1920 1971 Codex
1948 1933 2124 1972 Menardi
2155 1934 2282 1973 &tres
2309 1936 2389 1984 alii,

2481 1818 2483 1842 l

2481 1844 2483 1856 ι
