2483 3616
345 140 1574 209 METAMORPHOSEON
1646 148 1767 203 Lm.

1842 150 1976 209 Vm.
2122 169 2222 220 555

377 263 467 317 Te
490 276 605 315 mea
633 257 881 328 congesta
908 256 1012 311 est?
1051 274 1173 313 nam
1198 276 1309 332 quo
1333 258 1538 312 deserta
1562 272 1795 317 revertar
1817 264 1834 315 ?

370 334 428 388 In
450 330 704 404 patriam?
744 331 980 402 superata
1006 329 1162 401 jacet.
1202 332 1294 386 sed
1319 331 1460 401 finge
1487 349 1726 386 manere:

231 427 324 476 115
361 403 679 460 Proditione
704 406 825 456 mea
849 402 1017 456 clausa
1044 402 1117 457 est
1146 404 1290 458 mihi.
1326 405 1486 474 patris
1518 403 1584 458 ad
1610 406 1735 458 ora?

370 477 523 547 Quae
549 474 647 528 tibi
671 474 884 528 donavi.
925 475 1065 529 cives
1091 475 1259 530 odere
1283 488 1609 530 merentem:

367 547 606 603 Finitimi
631 548 935 619 exemplum
962 560 1223 601 metuunt.
1265 546 1621 603 obstruximus
1650 548 1837 604 orbem

365 621 690 683 Terrarum,
728 621 878 674 nobis
904 635 961 672 ut
987 619 1153 673 Crete
1179 620 1282 674 sola
1308 633 1528 691 pateret.

363 692 489 748 Hac
516 709 734 763 quoque
759 692 796 746 fi
819 692 1067 762 prohibes
1084 730 1098 753 ,
1139 692 1175 745 fi
1201 711 1322 755 nos,
1360 693 1593 762 ingrate,
1626 695 1905 767 relinquiS,

221 786 320 821 120
355 767 482 822 Non
508 766 755 836 genetrix
782 763 997 835 Europa
1022 764 1147 829 tibi,
1185 765 1276 821 sed
1308 765 1569 839 inhospita
1593 767 1787 839 SyrtiS,

452 978 666 1029 Exponimur
683 975 778 1022 orhe;

129 1036 310 1070 Terrarum
333 1030 426 1067 nobis
449 1041 487 1066 ut
507 1036 608 1067 Crete
618 1029 693 1078 fila
709 1037 854 1079 pateret.

77 1082 234 1123 Modum
255 1081 432 1130 loquendi
455 1080 688 1126 desumptum
729 1081 773 1116 ab
804 1076 1022 1123 infantibus,
1049 1079 1113 1128 qui

79 1132 348 1183 exponebantur
370 1160 379 1175 ,
408 1132 497 1168 olim
513 1131 702 1168 credebam
719 1158 729 1174 ,
754 1141 797 1167 ac
816 1129 968 1177 proinde
989 1129 1115 1177 legen-

79 1183 385 1232 dum,exponimur
403 1180 491 1224 orbe,
504 1180 701 1229 quomodo
720 1179 871 1228 puellam
890 1177 1116 1228 expofititiam

79 1235 248 1273 habemus
272 1234 308 1270 in
332 1233 471 1270 Plauto.
502 1231 584 1274 vel,
612 1231 814 1278 exponimur
833 1229 927 1274 orbi,
951 1242 1115 1279 quomo-

81 1285 129 1324 do
156 1283 250 1334 apud
281 1284 473 1320 Lucanum
502 1281 565 1318 lib.
592 1292 628 1317 v.
654 1293 734 1317 102..
769 1279 953 1329 expofitum
988 1281 1117 1318 cunetis

81 1334 229 1387 nullique
249 1343 412 1383 negatum
447 1338 610 1376 Numen,
639 1332 678 1369 ὃς
710 1331 807 1380 apud
828 1332 1003 1370 Nostrum
1036 1345 1117 1370 111.

79 1386 183 1425 Pont.
208 1398 238 1423 1.
258 1396 316 1432 49.

127 1436 286 1486 Exposuit
306 1443 431 1472 memet
445 1432 577 1483 populis
590 1434 736 1479 fortuna
759 1432 965 1470 videndum.

77 1486 125 1527 Et
141 1487 235 1536 apud
255 1486 407 1524 Statium
431 1485 554 1521 Theb.
576 1484 706 1521 v.622.

128 1537 198 1587 Ipsa
215 1551 266 1585 ego
288 1547 319 1574 te
347 1538 358 1582 (
371 1535 456 1586 quid
475 1535 567 1572 enim
590 1534 744 1571 dubitem
764 1534 936 1572 moritura
947 1535 1087 1584 fateri)

130 1588 272 1637 Exposui
287 1587 389 1635 satis.

80 1638 129 1678 Et
151 1638 243 1687 apud
276 1639 425 1675 Florum
452 1637 548 1674 libro
575 1649 655 1675 111.
691 1649 768 1686 cap.
788 1649 833 1674 11.
870 1637 997 1673 Eodem
1029 1637 1113 1674 duce

81 1690 201 1726 duetus
210 1689 371 1726 exercitus
392 1687 544 1736 undique
554 1688 638 1735 hosti
656 1688 846 1737 exponitur.
874 1688 932 1725 Sic
950 1686 1114 1737 expositus

73 1739 199 1789 ftlibus
217 1739 327 1784 locus,
363 1737 507 1787 exposita
536 1739 653 1774 ventis
683 1739 809 1781 navis,
838 1739 876 1776 δί
899 1739 998 1775 mille
1018 1740 1113 1776 talia.

79 1790 279 1828 Adeundus
305 1792 343 1828 in
369 1795 541 1838 Exponere
561 1789 706 1826 Nonius
731 1789 940 1826 Marcellus.
968 1789 1054 1826 hinc
1075 1790 1113 1826 δε

77 1849 232 1890 exponere
251 1853 373 1877 nomen
400 1838 617 1887 virginitatis
639 1840 677 1876 in
704 1839 875 1876 Arnobio
890 1867 899 1883 ,
928 1840 1114 1887 virginita-

79 1898 152 1929 tem
183 1891 401 1939 prostituere.
428 1898 586 1937 exponere
615 1890 652 1926 ὃ(
684 1889 858 1926 includere
876 1890 970 1927 inter
991 1890 1024 1926 se
1045 1903 1114 1938 op-

79 1950 265 1989 ponuntur
280 1941 373 1989 apud
393 1940 667 1978 Tertullianum
686 1940 732 1977 de
749 1940 876 1978 Pallio:
895 1950 971 1988 toga
991 1940 1114 1977 hume-

80 2005 159 2029 rum
181 1991 236 2027 vel
256 1992 387 2040 exponit
401 2018 412 2036 ,
432 1989 650 2028 velincludit
665 1992 726 2034 ‚&
745 2001 821 2038 toga
847 1992 1026 2040 exponitur
1045 2004 1112 2039 pro

2 2070 3 2073 ,
81 2041 236 2078 exsuitur
256 2041 351 2089 apud
371 2041 541 2079 eundern.
595 2040 668 2079 Sed
694 2041 792 2079 aliud
811 2042 859 2078 est
879 2041 998 2090 exponi
1016 2042 1113 2087 orbi,

81 2090 181 2127 aliud
210 2090 282 2126 orbe
304 2091 428 2138 exponi.
465 2092 543 2129 imo
563 2091 703 2140 prorsus
723 2091 804 2129 sunt
821 2093 1011 2130 contraria.
1039 2097 1112 2129 Ex-

77 2140 161 2188 pom'
179 2139 272 2183 orbe,
299 2148 338 2177 ut
356 2141 470 2189 exponi
488 2141 596 2180 domo.
622 2143 697 2180 hoc
718 2143 767 2180 est
787 2142 932 2180 excludi
953 2150 1037 2181 toto
1052 2155 1113 2180 or-

84 2190 130 2227 be
151 2190 188 2227 &
207 2198 392 2236 tamquam
415 2193 524 2228 arceri
540 2204 581 2229 ac
599 2192 734 2241 repelli.
787 2193 942 2231 Addunt
953 2194 1115 2241 plerum-

81 2250 156 2289 que
176 2239 216 2275 de
246 2240 304 2276 vel
332 2252 372 2275 ex
398 2241 714 2288 praepositionem.
739 2250 781 2281 ut
800 2244 838 2281 in
860 2244 922 2281 illo
945 2245 1114 2284 Maronis

79 2302 117 2328 x.
135 2301 194 2338 23.
222 2290 326 2326 Socios
345 2289 384 2325 de
399 2289 554 2336 puppibus
571 2292 653 2329 altis
672 2293 836 2331 Pontibus
845 2295 990 2343 exponit.
1019 2296 1115 2333 Cae-

81 2341 135 2379 sar
152 2340 244 2378 libro
265 2352 319 2378 1v.
332 2339 421 2376 Belli
440 2340 590 2378 Gallici:
617 2356 658 2379 ex
675 2344 823 2381 navibus
841 2359 919 2382 cum
938 2347 1036 2395 eſjent
1054 2360 1115 2383 ex-

0 2385 1 2415 1
75 2389 173 2441 pofiti
191 2389 329 2428 milites.
380 2389 439 2427 Sic
465 2391 505 2427 &
523 2391 772 2431 Nasonianum
799 2395 888 2433 istud
910 2397 1110 2443 hocloco,

79 2442 280 2488 exponimur
300 2440 375 2477 orbe
389 2469 399 2486 ,
424 2440 646 2479 tantundum
666 2443 734 2488 est,
770 2455 811 2480 ac
832 2445 857 2481 fi
878 2445 1018 2485 dixiffet
1031 2476 1042 2493 ,
1068 2463 1111 2486 ex

80 2491 157 2529 orbe
174 2491 332 2541 universo
351 2491 562 2541 exponimur.
580 2500 690 2541 atque
717 2494 767 2531 ita
789 2494 989 2535 Florentini
1009 2499 1112 2537 codi-

80 2543 130 2580 cis
149 2542 317 2592 scriptura
337 2543 469 2580 illibata
491 2541 644 2581 restabit.
669 2543 813 2581 Hfims.
868 2546 975 2582 Licet
998 2546 1114 2594 poffet

79 2591 223 2631 Heinfii
243 2593 454 2631 emendatio
475 2593 582 2629 alicui
599 2593 738 2641 placere
753 2622 762 2637 ‚
775 2593 879 2632 nobis
900 2604 1023 2634 tamen
1037 2606 1112 2636 tam

81 2643 231 2681 moleste
259 2641 426 2692 scrIpfiffe
451 2644 606 2680 Poe'tam
632 2644 848 2682 facillimum
864 2673 874 2687 ,
902 2647 1056 2685 minime
1073 2648 1114 2687 fit

79 2694 285 2732 verosimile
296 2722 307 2739 ,
324 2705 445 2741 neque
462 2692 617 2742 phrasim
636 2695 734 2733 illam
753 2695 954 2745 exponimur
963 2698 1052 2742 orbe,
1064 2711 1111 2737 eo

80 2742 178 2782 sensu
193 2773 203 2789 ,
230 2757 306 2794 quo
326 2743 498 2782 Heinsius
521 2745 695 2792 exponit,
721 2746 797 2783 ullo
817 2747 956 2785 idoneo
983 2750 1112 2787 aueto-

78 2794 125 2831 ris
144 2795 314 2844 exemplo
332 2795 460 2833 adstrui
483 2793 582 2843 posse
601 2796 780 2834 credimus
794 2823 804 2839 ,
832 2809 915 2835 cum
937 2811 1031 2847 quae
1050 2800 1116 2838 ad-'

81 2842 223 2883 duxerit
242 2847 295 2883 vir
312 2845 532 2884 acutiffimus
546 2874 556 2889 ‚
584 2847 657 2884 alio
677 2847 848 2895 spectent.
876 2848 919 2885 de
942 2861 1017 2896 quo
1039 2852 1114 2898 egi-

81 2904 162 2932 mus
192 2895 253 2933 lib.
280 2908 311 2933 1.
334 2899 411 2934 Art.
430 2896 516 2941 408.
544 2898 580 2934 &
600 2897 646 2934 ad
675 2896 856 2945 Quinetil.
876 2911 919 2935 11.
941 2911 972 2946 5.
1000 2911 1112 2948 quare

79 2954 147 2982 nos
166 2945 222 2982 vel
245 2946 350 2983 unius
375 2947 522 2984 Codicis
550 2948 714 2985 Medicei
731 2947 949 2992 lectionem,
968 2949 1113 2999 occlusi-

84 2994 289 3040 musorbem‚
302 2996 482 3034 malumus
503 2996 625 3046 sequi:
653 3008 691 3036 ut
710 2997 751 3036 fit
764 2999 1051 3047 oppofitiointer
1061 3014 1113 3037 oe-

85 3042 209 3098 cludere
228 3047 263 3082 &
276 3057 402 3095 patere.
433 3046 471 3082 &
488 3055 671 3094 praeterea
692 3049 878 3088 manifesta
896 3049 936 3088 fit
953 3051 1112 3089 imitatio

82 3090 296 3141 virgiliana,
318 3109 361 3134 ex
383 3096 443 3133 lib.
466 3107 495 3132 1.
515 3097 671 3136 Aeneid.
696 3111 778 3147 334.

135 3146 283 3181 Cunc'lus
310 3146 347 3182 ob
368 3145 512 3183 Italiam
532 3156 706 3185 terrarum
729 3150 904 3187 clauditur
924 3149 1023 3188 orbis.

85 3201 158 3256 Vel
174 3214 256 3241 cum
274 3206 345 3244 aliis
358 3208 454 3246 libris
466 3207 573 3244 MSS.
589 3208 709 3256 legere
721 3237 731 3251 ‚
754 3210 979 3254 obstruximus
988 3211 1113 3249 orbem.

85 3259 135 3290 ita
155 3252 268 3293 Cicer.
287 3268 355 3310 iii.
372 3258 417 3310 ad
437 3260 517 3298 Att.
539 3269 596 3308 15.
622 3257 682 3309 Sin
700 3259 817 3310 omnia
825 3258 899 3307 fine
923 3260 1108 3312 obstruotas

2017 844 2212 898 Arme³

1172 978 1210 1017 id
1236 980 1344 1029 ipsum
1368 981 1428 1027 szc
1453 991 1493 1019 ut
1514 980 1677 1030 sciamus.
1703 987 1743 1018 ut
1763 980 1827 1018 inf.
1852 979 1931 1018 186.

1390 1050 1396 1051 .
1426 1038 1545 1069 Terras
1569 1031 1646 1067 licet
1662 1058 1672 1075 ,
1699 1031 1837 1081 inquit,
1858 1044 1901 1072 &⁶
1922 1031 2037 1069 undas

1274 1081 1447 1129 obstruat.

1172 1132 1354 1178 Quamvis
1379 1134 1426 1170 ibi
1444 1133 1601 1170 diversus
1626 1133 1784 1180 paullum
1806 1132 1845 1170 sit
1864 1133 2000 1171 sensus:
2029 1134 2089 1171 hic
2109 1134 2209 1173 enim

1172 1183 1365 1229 exprobrat
1394 1183 1509 1232 Scylla
1542 1185 1665 1220 Minoi
1699 1185 1851 1226 omnia,
1880 1196 1973 1232 quae
1993 1186 2029 1220 in
2056 1187 2210 1232 gratiam

1172 1232 1248 1280 ejus
1270 1233 1424 1278 fecerat,
1459 1235 1588 1283 quihus
1620 1236 1789 1271 omnium
1821 1234 1949 1271 odium
1981 1236 2019 1271 &
2051 1235 2212 1273 exsecra-

1172 1283 1315 1320 tionem
1339 1286 1466 1321 merita
1489 1282 1597 1327 esset,
1620 1293 1659 1321 ut
1678 1285 1743 1320 soli
1766 1284 1883 1321 modo
1898 1285 2019 1321 Minoi
2037 1285 2208 1333 placeret.

1173 1334 1211 1369 δε
1243 1334 1464 1377 contendit,
1492 1342 1531 1370 ut
1560 1333 1733 1382 rejectam
1766 1335 1804 1371 ὃς
1832 1335 2011 1372 exclusam
2038 1336 2082 1372 ab
2110 1336 2212 1380 aliis,

1174 1384 1213 1420 ὃς
1233 1385 1289 1420 cui
1308 1385 1424 1421 nullus
1443 1384 1559 1422 aditus
1579 1384 1624 1421 ad
1642 1385 1821 1432 reliquum
1843 1386 1969 1421 orbem
1984 1394 2134 1433 pateret,
2155 1397 2210 1423 re-

1174 1435 1310 1481 ciperet
1340 1447 1453 1483 regno
1481 1435 1557 1472 suo.
1585 1434 1718 1472 deinde
1729 1435 1857 1472 melius
1876 1435 2049 1483 procedet
2065 1436 2209 1473 senten-

1171 1485 1220 1522 tia
1235 1513 1245 1529 ‚
1276 1484 1301 1522 fi
1317 1485 1481 1534 sequenti
1503 1486 1603 1523 versu
1625 1485 1787 1534 legamus
1809 1513 1817 1528 ‚

1220 1542 1297 1572 Hac
1318 1550 1447 1586 quoque
1461 1535 1494 1584 fi
1508 1535 1661 1585 prohibes
1676 1564 1685 1581 ‚
1706 1534 1741 1585 fi
1758 1549 1816 1572 nos
1830 1535 2207 1588 ,ingrate,relinquis,

1220 1592 1300 1622 Non
1316 1598 1473 1635 genetrix
1498 1592 1644 1635 Europa.

1170 1636 1270 1674 Solet
1292 1639 1390 1675 enin]
1408 1639 1538 1674 Noster
1558 1637 1644 1675 illud
1666 1635 1699 1686 fi
1718 1646 1879 1686 repetere
1893 1646 1952 1680 ,ut
1973 1637 2032 1674 lib.
2056 1637 2208 1685 11.298.

1169 1689 1207 1725 &
1230 1688 1323 1725 alibi.
1344 1689 1417 1725 vid.
1437 1688 1481 1725 ad
1499 1701 1563 1725 111.
1585 1689 1718 1725 Amor.
1742 1701 1795 1724 ix.
1814 1700 1839 1725 1.
1870 1689 2001 1724 ssunm.

1224 1750 1303 1786 119.
1336 1747 1433 1775 Hanc
1460 1753 1589 1789 quoque
1611 1737 1644 1785 si
1669 1738 1821 1787 prohibes
1842 1765 1851 1780 ,
1880 1749 1922 1777 (φ
1950 1751 2029 1781 nos,
2051 1737 2208 1785 ingrate,

1170 1788 1380 1839 relinquis]
1425 1796 1498 1825 Hac
1518 1788 1670 1838 prohibes
1700 1801 1745 1825 ex
1771 1788 1894 1825 iisdem
1912 1817 1922 1832 ‚
1943 1788 1988 1825 de
2010 1799 2086 1835 quo
2111 1788 2210 1825 Artis

1170 1841 1386 1877 Amatoria-e
1414 1840 1473 1876 lib.
1508 1852 1562 1876 11.
1598 1839 1654 1880 ybs.
1684 1849 1767 1886 335.
1796 1838 1964 1881 Deinde,
1991 1836 2042 1885 fic
2058 1837 2211 1885 prohibes

1169 1889 1262 1927 bene
1283 1899 1364 1928 tert.
1389 1890 1582 1927 Mediceus
1619 1890 1654 1925 δε
1684 1888 1758 1926 duo
1787 1888 1857 1924 alii.
1875 1889 1925 1937 ch
1956 1901 2014 1923 nos
2035 1887 2213 1937 relinquis.

1169 1941 1278 1978 etiarn
1301 1954 1345 1979 ex
1356 1941 1526 1978 Palatinis
1551 1951 1654 1977 unus,
1683 1940 1769 1976 alius
1785 1936 1835 1986 ,fi
1856 1938 2034 1987 relinquis.
2066 1939 2211 1975 Heius.

1223 2004 1304 2029 120.
1333 1998 1414 2028 Non
1433 1992 1589 2039 genetrix
1619 1994 1749 2038 Europa
1773 1988 1844 2024 'tibi
1871 1988 1933 2034 est,
1955 1988 2016 2035 sed
2043 1988 2212 2036 inhospita

1172 2043 1307 2091 Syrtis,
1343 2042 1537 2079 Armeniae
1566 2041 1675 2087 Tigres
1692 2068 1699 2082 ,
1727 2039 1921 2087 Ausz'roque
1950 2038 2085 2085 agitata
2112 2040 2208 2074 Cha-

1172 2092 1300 2141 rybdis.
1321 2092 1336 2142 ]
1371 2093 1473 2130 Nihil
1492 2093 1546 2129 his
1578 2091 1714 2127 saevius
1752 2100 1860 2137 atque
1883 2090 2115 2125 inhumanius
2137 2087 2208 2125 effe

1170 2143 1357 2191 fignificat.
1395 2144 1484 2180 Hoc
1504 2143 1616 2180 etiam
1635 2141 1769 2178 indicat
1788 2138 1947 2176 Ariadne
1968 2138 2063 2186 apud
2083 2139 2210 2176 Catul-

1168 2192 1245 2231 lum
1263 2222 1273 2238 ‚
1294 2195 1347 2232 his
1367 2194 1506 2231 verbis:
2129 2238 2132 2239 ⁷

1222 2247 1325 2294 Qae
1344 2244 1475 2293 Syrtis,
1497 2257 1584 2294 quae
1606 2241 1719 2292 Scylla
1739 2253 1850 2277 vorax
1865 2267 1875 2285 ‚
1904 2251 1990 2289 quae
2001 2237 2098 2286 vasta
2110 2237 2207 2275 Cha-

1347 2294 1463 2343 rybdis
1477 2305 1491 2332 ?

1170 2346 1399 2396 Hujusmodi
1426 2347 1493 2384 alia
1527 2345 1658 2394 collegi
1683 2344 1743 2382 lib.
1764 2342 1964 2390 superiore:
1991 2352 2085 2389 quae
2105 2340 2207 2378 nullo

1164 2399 1319 2447 negotio
1340 2396 1493 2447 quisque
1513 2406 1647 2445 poterit
1665 2394 1840 2431 invenire.
1869 2392 1983 2428 Cior.

1222 2460 1302 2487 120.
1332 2447 1506 2497 Inhospita
1540 2445 1688 2494 Syrtis]
1737 2443 1914 2480 Sallustius
1943 2443 2002 2479 De
2020 2441 2123 2478 Bello
2142 2441 2207 2488 Ju-

1166 2499 1341 2547 gurthino
1362 2508 1439 2546 cap.
1461 2497 1519 2543 78.
1539 2497 1625 2532 duas
1647 2497 1766 2543 Syrtes
1788 2495 1891 2540 ponit
1913 2519 1923 2534 ,
1952 2493 2133 2540 majorem
2166 2493 2205 2529 &

1167 2550 1380 2591 minorem;
1410 2556 1519 2597 atque
1549 2548 1597 2583 ait
1623 2544 1643 2582 a
1674 2545 1790 2582 tractu
1818 2543 2038 2580 nominatas.
2088 2541 2206 2590 Quod

1168 2611 1226 2637 eas
1241 2599 1442 2637 describens
1462 2598 1572 2635 docet
1589 2597 1643 2633 his
1667 2596 1802 2631 verbis:
1826 2600 1920 2630 Nam
1942 2594 2006 2629 duo
2017 2590 2208 2646 suntfinus

1159 2658 1260 2700 prope
1276 2649 1316 2687 in
1335 2659 1490 2686 extrema
1505 2647 1652 2692 Africa,
1685 2646 1829 2693 impares
1851 2642 2207 2690 magnitudine‚part

1169 2711 1300 2737 natura
1313 2717 1323 2736 :
1341 2713 1486 2750 quorum
1499 2698 1659 2747 proxima
1670 2706 1779 2731 terrae
1792 2694 1948 2743 praealta
1953 2694 2040 2741 sunt
2052 2721 2059 2734 ‚
2082 2703 2203 2734 cetera,

1169 2761 1210 2788 ut
1222 2753 1298 2798 fors
1315 2750 1401 2788 tulit
1416 2779 1425 2793 ,
1441 2749 1533 2786 alias
1552 2748 1723 2793 alcasunt
1738 2775 1747 2789 ‚
1766 2745 1857 2782 alias
1878 2745 1913 2781 in
1927 2743 2118 2793 tempestate
2137 2753 2205 2777 va-

1170 2801 1260 2849 dosa.
1318 2808 1412 2837 Nam
1427 2829 1437 2845 ‚
1460 2799 1519 2837 ubi
1538 2813 1633 2835 mare
1653 2810 1818 2846 magnum
1837 2794 1913 2843 effe,
1934 2807 1976 2834 cy·
1988 2794 2123 2846 saevire
2136 2803 2204 2825 coe·

1161 2852 1217 2899 pit
1235 2852 1372 2895 ventis,
1392 2851 1518 2888 limum
1548 2861 1759 2896 arenamque
1783 2858 1825 2885 (φ
1844 2849 1935 2893 saxa
1966 2846 2116 2903 ingentia
2129 2838 2202 2886 flu-

1169 2903 1243 2936 Cius
1261 2901 1431 2937 trahunt.-
1451 2902 1503 2936 ita
1514 2900 1624 2946 facies
1642 2899 1785 2934 lotorum
1799 2910 1872 2930 cum
1885 2889 2111 2945 venus-fimeta
2123 2900 2201 2922 mu·

1169 2960 1269 2986 tatur
1290 2949 1447 2999 :Syrtes
1476 2949 1519 2986 ab
1549 2951 1665 2985 tractu
1693 2948 1901 2983 nominatae.
1933 2944 1992 2977 Or
2023 2940 2030 2972 ἶ
2062 2938 2199 2973 llb·11-

1168 3001 1260 3038 Am.
1279 3013 1365 3039 xvt.
1386 3013 1445 3038 21.
1467 3001 1557 3037 item
1579 3001 1665 3036 duas
1684 2999 1801 3034 facere
1824 2994 1986 3044 videtur,
2006 2998 2046 3023 ac
2066 2997 2128 3032 pes
2141 2997 2199 3027 0⁶18

1170 3052 1376 3088 maximum
1396 3051 1572 3098 quodque
1593 3039 1792 3096 periculum
1813 3043 2005 3090 fignificat:

1219 3107 1311 3138 Cum
1329 3101 1483 3137 Domina
1506 3099 1645 3146 Libycas
1663 3093 1770 3144 austm
1786 3097 1995 3141 perrumpere
2016 3090 2140 3132 Syrtes,

1167 3161 1216 3198 Et
1236 3162 1406 3199 Lucanus
1427 3162 1462 3197 in
1482 3162 1600 3207 primo
1623 3157 1705 3202 498.
1790 3202 1796 3208 ·

1273 3237 1365 3243 —
1390 3239 1418 3243 .-
1474 3209 1586 3256 qualis
1603 3208 1682 3242 ciem
1703 3202 1859 3239 turbidus
1877 3197 2001 3245 Auster

1220 3257 1375 3307 Reppulit
1392 3257 1418 3295 a
1440 3257 1573 3306 Libycis
1592 3254 1796 3339 irssnensum
1819 3248 1972 3297 syrtibus
1991 3260 2124 3299 aequor.
2140 3300 2177 3339 D

1675 3311 1721 3338 aa
1735 3311 1754 3336 a
1784 3310 1802 3348 3
2183 3310 2204 3337 e

2348 3290 2355 3314 i
