2483 3616
330 173 1580 250 ME‘TAMoRP‘HosEoN
1655 179 1795 239 Lm.
1871 182 1929 244 rr.

2114 207 2201 244 111

362 283 649 341 Deflevere
675 282 858 336 comis.
899 282 1093 354 quaerit
1117 280 1345 336 Boeotia
1370 280 1606 344 Dircen,

218 378 319 432 240
352 359 529 427 Argos
555 356 932 427 Amymonen,
967 353 1186 428 Ephyre
1214 354 1486 409 Pirenidas
1511 353 1695 409 undas,

356 429 472 483 Nec
498 428 680 482 sortita
709 429 831 482 loco
857 427 1105 482 distantes
1131 427 1351 481 flumina
1373 428 1509 500 ripas

354 499 503 555 Tuta
527 514 770 555 manent:
809 501 999 555 mediis
1023 500 1222 554 Tana'i's
1247 501 1471 555 fumavit
1496 501 1553 555 in
1577 500 1762 566 undiS,

348 574 664 646 Peneosque
691 575 881 638 senex,
918 573 1426 647 Teuthranteusque
1448 573 1674 637 Ca'ieu3‚

359 645 432 702 Et
457 648 598 701 celer
623 647 880 712 Ismenos,
919 665 1042 701 eum
1067 646 1343 702 Phocaico
1371 645 1734 720 Erymantho,

215 739 318 791 245
358 720 690 793 Arsurusque
715 721 911 775 iterum
935 719 1181 775 Xanthus
1199 760 1214 784 ,
1251 719 1524 794 flavusque
1549 719 1879 793 LycormaS,

360 793 581 867 Quique
610 795 902 848 recurvatis
927 793 1064 847 ludit
1093 792 1421 847 Maeandros
1445 794 1502 847 in
1526 792 1713 855 undis;

354 865 795 940 Mygdoniusque
820 866 1020 928 MelaS,
1060 865 1114 918 ὃς
1140 866 1436 920 Taenarius
1461 864 1707 920 Eurotas,

366 941 511 995 Arsit
536 940 592 993 δε
615 938 912 1012 Euphrates
938 937 1289 1010 BabyloniUS,
1326 938 1445 992 arfit
1468 938 1721 994 Orontes,

74 1172 164 1211 pum
187 1167 430 1205 exoneratur,
454 1156 796 1208 praeterlabiturque
816 1156 1036 1208 Psophidem
1050 1166 1111 1194 ur-

76 1212 160 1249 bem
175 1241 185 1256 ,
212 1213 231 1249 a
254 1211 431 1260 Psophide
462 1210 682 1259 Erymanthi
712 1217 849 1257 nepote
864 1238 874 1254 ,
906 1216 946 1246 ut
967 1207 1110 1257 quibus-

77 1261 162 1299 dam
185 1263 313 1311 placet.
368 1262 493 1307 (Nam
524 1260 583 1297 alii
614 1259 634 1297 a
662 1259 839 1308 Psophide
873 1260 1015 1297 Ericiae
1038 1258 1111 1296 filia

76 1313 218 1350 malunt
239 1311 507 1359 nominatam.)
538 1312 624 1359 Qua
636 1309 681 1348 de
699 1309 815 1347 caussa
827 1310 907 1348 sunt
921 1339 932 1355 ,
958 1310 1022 1359 qui
1034 1309 1109 1346 hoc

76 1362 163 1400 loco
191 1374 258 1411 pro
290 1361 453 1398 Phocaico
475 1388 486 1405 ‚
523 1360 704 1411 Pfhphaico
724 1361 923 1410 legendum
944 1367 1074 1409 putant
1096 1389 1108 1405 ,

75 1412 178 1462 quod
201 1412 328 1449 Phocis
349 1421 450 1449 extra
472 1412 765 1461 Peloponnesum
790 1411 831 1449 fit
845 1441 854 1456 ‚
882 1411 1029 1460 Psophis
1044 1420 1109 1447 au-

73 1472 150 1500 tem
173 1462 406 1512 Erymantho
428 1462 549 1500 vicina
564 1491 574 1507 ,
603 1463 642 1500 ὅ(
663 1462 763 1512 quasi
775 1470 942 1512 cognata.
981 1464 1109 1510 Quam

75 1512 277 1551 leetionem
300 1515 338 1551 &
358 1513 431 1562 ipse
452 1514 645 1561 probarem
663 1542 673 1558 ‚
700 1513 726 1550 si
749 1513 886 1551 eodem
900 1512 1016 1551 modo
1030 1513 1111 1561 Pfh-

69 1562 215 1614 phaicus
229 1592 238 1609 ‚
267 1572 307 1601 ut
329 1564 513 1601 Phocaicus
535 1564 726 1602 diceretur.
780 1565 883 1614 Quid
904 1564 1011 1613 igitur
1024 1561 1039 1600 ?
1052 1575 1109 1600 re-

72 1613 316 1663 linquendum
346 1615 447 1652 hunc
467 1615 594 1652 locum
626 1618 761 1664 poetae
787 1615 929 1665 judicio
952 1614 1107 1658 censeo,

74 1666 138 1715 qui
165 1665 313 1702 fortaffis
343 1665 411 1702 alia
442 1666 584 1703 ratione
600 1693 609 1709 ‚
647 1664 761 1715 quam
783 1677 877 1715 quae
900 1664 918 1702 a
939 1665 1026 1702 loco
1049 1665 1110 1703 vel

75 1723 186 1764 gente
216 1715 367 1753 sumitur
391 1745 400 1761 ,
441 1717 714 1765 Erymanthum
748 1717 974 1754 Phocaicum
1008 1715 1111 1754 dixit.

75 1767 176 1804 Nam
200 1766 329 1815 absque
352 1778 398 1804 eo
430 1765 477 1804 fic
492 1794 514 1812 ,-
541 1767 651 1804 etiam
685 1767 893 1816 Parrhafio,
930 1778 997 1816 pro
1019 1766 1111 1803 Pho-

73 1817 162 1854 mico
176 1845 186 1861 ,
213 1817 284 1866 legi
304 1825 472 1866 poterat,
498 1829 620 1867 neque
640 1817 765 1862 versU,
778 1830 899 1867 neque
920 1817 992 1867 ipsa
1014 1829 1111 1855 voce

77 1876 324 1916 repugnante:
363 1868 443 1905 Aut
473 1869 586 1906 etiam
619 1867 767 1917 Phegeo,
805 1869 954 1918 quando
979 1868 1111 1906 eadem

74 1919 182 1963 urbs,
219 1930 313 1968 quae
346 1918 476 1956 Phocis
510 1919 634 1968 postea
658 1948 667 1964 ‚
706 1920 848 1969 Phegea
879 1928 985 1957 antea
1017 1919 1113 1958 dieta

75 1969 168 2014 fuit,
195 1968 214 2007 a
237 1970 384 2018 Phegeo
405 1970 591 2008 Phoronei
611 1971 719 2007 fratre
735 1999 745 2015 ‚
771 1979 812 2008 ut
834 1971 1034 2019 Stephanus
1049 1982 1119 2008 aua>

77 2027 136 2058 tor
158 2020 206 2057 est
220 2048 229 2064 ,
257 2022 295 2058 ὃς
317 2021 565 2069 Erymanthus
588 2021 724 2058 eodem
757 2023 913 2059 nomine
935 2033 1020 2058 cum
1045 2021 1112 2059 flu-

79 2070 155 2108 vio.
180 2070 279 2108 Vide
301 2070 480 2108 Arcadica
503 2070 648 2109 Pausan.
676 2073 897 2110 Mrcrit'us.
944 2073 1115 2111 Eriman-

80 2120 162 2157 thus
183 2121 368 2158 Arcadiae.
386 2133 493 2159 mons
507 2150 518 2167 ‚
545 2134 589 2158 ex
611 2135 687 2171 quo
711 2123 841 2161 fluvius
863 2123 1024 2172 ejusdem
1044 2135 1115 2161 no-

83 2170 190 2224 minis
211 2170 248 2209 in
270 2172 454 2220 Alpheum
480 2181 700 2210 exoneratur
714 2201 723 2217 ‚
753 2174 975 2211 Aru-‘toribus
999 2174 1109 2212 Strab.

83 2217 256 2257 hbvxn.
288 2223 326 2259 δε
355 2223 445 2260 Plin.
469 2235 521 2261 tv.
534 2223 567 2259 6.
598 2224 762 2261 Reorus.
826 2224 959 2261 Phocis
990 2233 1115 2263 autem

88 2276 188 2306 extra
207 2270 498 2319 Peloponnesum
531 2274 632 2323 regio
656 2273 728 2320 est,
756 2283 979 2323 quapropter
1008 2276 1046 2314 id
1066 2276 1116 2313 E-

85 2319 214 2368 pitheti
232 2320 359 2357 locum
388 2324 447 2360 hic
475 2336 551 2361 non
574 2325 706 2369 habet,
734 2334 826 2374 puto
847 2327 971 2374 itaque
991 2326 1116 2377 legen-

86 2370 176 2408 dum
192 2398 203 2414 ,
230 2371 439 2407 Erimantho
462 2374 660 2421 Pfhphaico:
699 2376 845 2424 Psophis
877 2377 976 2413 enim
989 2377 1115 2415 iisdem

87 2420 295 2457 auetoribus
317 2421 501 2458 Arcadiae
517 2423 597 2459 urbs
618 2425 687 2468 est,
713 2426 809 2474 apud
830 2438 940 2475 quam
964 2427 1117 2465 nascitur

88 2469 312 2508 Erimanthis
326 2499 335 2515 ‚
364 2484 382 2508 a
417 2483 488 2520 qua
520 2472 720 2522 Pfhphaicus
741 2503 751 2519 ‚
788 2485 828 2512 ut
850 2488 870 2512 a
893 2476 1011 2513 Phocis
1025 2478 1119 2514 Pho--

87 2521 207 2558 caicus.
237 2521 491 2559 GLAREANos.
518 2522 669 2560 Palmer.
691 2525 737 2560 ad
758 2525 903 2562 Pausan.
929 2526 1015 2563 Arc.
1037 2539 1116 2575 pag.

88 2583 173 2620 419.
199 2571 310 2620 legit,
338 2586 415 2609 cum
438 2571 603 2628 Pfhplyaeo
615 2575 843 2622 Erymantho.
867 2575 929 2623 qui
942 2578 1117 2613 tamenin

89 2633 135 2660 eo
156 2622 310 2667 fallitur,
347 2623 449 2672 quod
481 2634 637 2670 primam
660 2625 697 2660 in
722 2624 840 2661 Phocis
871 2625 1024 2672 produci
1055 2638 1133 2663 new¹

87 2680 172 2721 get,
200 2684 284 2710 cum
307 2674 432 2722 passim
453 2673 502 2710 ita
534 2672 670 2711 soleant
689 2674 826 2712 Poetae
848 2676 887 2711 &
910 2673 1043 2712 Noiier
1061 2676 1120 2713 lib.

96 2735 235 2773 ¹·1313·
270 2723 462 2772 producat.
490 2722 576 2761 vide
597 2736 712 2772 porro
734 2736 829 2775 quae
850 2732 1022 2763 notamus
1043 2726 1126 2764 infr.

91 2774 179 2811 vers.
200 2775 286 2822 679.

139 2824 454 2875 2'45.Arfilrusqtte
474 2824 600 2862 iterum
621 2825 796 2863 Xanthus.
811 2826 827 2876 ]
842 2826 941 2863 Bene
964 2827 1090 2864 iterum
1104 2844 1115 2864 .-

92 2874 237 2911 cumbis
249 2875 376 2912 arserit.
389 2876 550 2924 primum
564 2887 649 2913 cum
672 2878 708 2913 in
727 2889 813 2914 eum
836 2876 1023 2914 Vulcanus
1036 2890 1115 2915 ma-

94 2934 200 2971 gnam
222 2925 311 2973 ignis
333 2926 409 2962 vim
430 2925 576 2974 injecit:
616 2926 748 2964 deinde
770 2937 856 2964 cum
878 2927 1116 2966 Phaethontis

94 2973 142 3010 est
161 2983 327 3012 exortum
346 2976 571 3013 incendium.
598 2978 816 3015 Cromnos.

143 3035 225 3072 245.
261 3025 454 3076 flavusque
485 3028 715 3077 Lycormas.]
771 3029 908 3066 Seneca
939 3029 976 3066 in
999 3029 1114 3067 Here.

98 3072 244 3110 Oetaeo
259 3076 426 3119 „Flavus
448 3077 564 3126 rapido
578 3080 678 3124 fonte
700 3085 893 3127 Lycormas.
922 3079 1040 3117 IDEM.

145 3124 227 3165 246.
252 3127 386 3176 Qique
417 3129 609 3166 recurvatis
642 3128 732 3166 ludit
777 3129 970 3166 Maeander
993 3131 1030 3168 in
1053 3144 1126 3168 un*

96 3172 187 3221 eliz]
217 3173 259 3210 In
281 3177 454 3215 ambobus
476 3179 566 3215 meis
580 3207 590 3222 ,
620 3181 845 3216 Maeandrus.
885 3180 946 3217 De
967 3193 1043 3230 quo
1067 3181 1120 3218 di-

95 3234 223 3311 j{emus
243 3224 280 3260 in
310 3237 378 3265 nx.
405 3228 520 3268 IDEM.
560 3230 768 3268 Maeandros
797 3231 857 3270 sex
877 3231 1005 3281 scripti.
1031 3231 1119 3271 Vid.

130 3285 164 3323 p,⁵
190 3286 244 3313 ix.
264 3287 322 3324 55.

2030 1024 2216 1085 Ther<

1216 1164 1301 1203 2'47.
1330 1154 1541 1206 Mygdimius
1554 1153 1698 1206 Melea]
1712 1156 1922 1206 Mygdonia
1932 1157 2113 1208 Phrygiae
2127 1159 2211 1194 ma-ss·

1160 1205 1253 1255 joris
1286 1219 1365 1255 pars
1397 1208 1467 1245 fuit
1490 1235 1501 1252 ,
1538 1207 1559 1245 a
1592 1208 1790 1256 Mygdone
1820 1209 1985 1257 quodam
2018 1208 2209 1259 appellata.

1167 1257 1250 1293 Fuit
1273 1259 1312 1295 &
1334 1257 1586 1296 Macedoniae
1597 1270 1675 1308 pars
1689 1288 1700 1304 ‚
1727 1269 1768 1296 ut
1791 1259 1992 1307 Stephanus
2015 1262 2053 1298 &
2075 1259 2211 1298 Plinius

1166 1309 1384 1347 meminere.
1412 1309 1531 1347 Melas
1553 1318 1678 1347 autem
1703 1310 1907 1347 multorum
1929 1310 2127 1348 fluviorum
2141 1321 2213 1347 no-=

1166 1370 1254 1396 men
1277 1359 1337 1397 est.
1392 1361 1492 1397 Nam
1517 1361 1555 1398 ἃ
1576 1360 1755 1399 Boeotiae
1768 1360 1897 1398 fluvius
1918 1361 2036 1398 Melas
2059 1361 2206 1405 dicitur,

1165 1410 1268 1458 cujus
1291 1422 1384 1460 aqua
1409 1419 1496 1460 pota
1520 1412 1638 1460 nigras
1659 1423 1750 1449 oves
1772 1411 1903 1448 efficit:
1934 1412 1972 1447 ὃς
1998 1412 2210 1454 Thraciae,

1166 1458 1185 1497 a
1210 1472 1287 1509 quo
1310 1461 1404 1499 finus
1426 1462 1544 1500 Melas
1566 1474 1708 1500 nomen
1731 1463 1872 1511 accepit
1886 1475 1894 1499 :
1908 1463 1946 1499 ὅς
1960 1462 2110 1500 Ciliciae
2124 1461 2212 1511 ‚qui

1167 1512 1364 1560 antiquitus
1396 1513 1546 1550 Ciliciae
1580 1513 1659 1551 finis
1693 1514 1762 1550 fuit
1776 1542 1786 1558 ,
1824 1520 1863 1550 ut
1896 1512 2030 1550 Plinius
2052 1513 2112 1551 ait.
2163 1512 2213 1550 Et

1166 1562 1301 1607 Ponti,
1329 1564 1405 1612 ejus
1428 1563 1599 1601 videlicet
1632 1564 1814 1612 regionis,
1850 1575 1945 1612 quae
1968 1562 2213 1612 Themiscyra

1165 1612 1240 1649 alio
1264 1614 1421 1651 nomine
1436 1614 1529 1653 dieta
1542 1615 1622 1652 fuit.
1673 1614 1743 1652 Sed
1756 1614 1801 1651 de
1815 1614 1948 1651 Cilicio
1971 1613 2034 1651 hic
2056 1612 2212 1662 intelligi

1163 1670 1267 1711 puto.
1306 1665 1406 1702 Nam
1419 1665 1447 1702 is
1469 1664 1645 1703 finitimus
1660 1666 1875 1714 Phrygibus,
1888 1676 2094 1714 eorumque
2106 1664 2212 1702 loco-

1164 1725 1262 1758 rum,
1276 1726 1370 1763 quae
1381 1716 1471 1753 olim
1486 1716 1774 1765 cumPhrygibus
1781 1716 1909 1765 junna
1922 1714 2040 1760 fuere,
2052 1723 2092 1751 ut
2115 1712 2213 1763 apud.

1167 1764 1385 1803 Strabonem
1418 1775 1519 1815 patet
1540 1768 1599 1804 lib.
1625 1779 1676 1813 14.
1702 1768 1882 1804 Mrcut.
1905 1766 1999 1803 Puto
2015 1765 2135 1810 Meles,
2150 1765 2215 1814 qui

1167 1815 1365 1863 Smyrnam
1397 1817 1575 1865 praefluit,
1614 1817 1713 1855 unde
1745 1819 1937 1855 Homerus
1966 1818 2215 1862 Μελησιγενῆς

1167 1865 1188 1902 d
1203 1866 1293 1903 iaus
1308 1895 1318 1911 ,
1339 1868 1441 1916 quod
1464 1880 1579 1917 prope
1593 1868 1774 1906 Meletem
1794 1867 2007 1918 progenitus
2020 1864 2130 1911 esset,
2157 1874 2215 1903 tea

1169 1916 1274 1954 stibus
1296 1918 1767 1957 Herodoto&Plutarcho.
1826 1918 1898 1956 Sed
1930 1919 1968 1955 ὃς
1990 1917 2212 1959 Meam-slave

1168 1969 1330 2012 χάριτας
1362 1969 1484 2006 Musas
1514 1970 1678 2007 Homeri
1718 1969 1804 2007 inde
1835 1968 2026 2017 Meleager
2066 1969 2104 2005 in
2137 1967 2213 2016 epi-=

1168 2026 1374 2066 grammate
1396 2020 1557 2057 deduxit.
1585 2021 1633 2057 Et
1646 2020 1809 2057 Meleteas
1821 2020 1962 2056 chartas
1983 2031 2050 2067 pro
2062 2019 2214 2056 Home«⁴

1168 2069 1249 2106 ricis
1270 2069 1403 2119 scriptis
1426 2069 1594 2108 Tibullus
1611 2083 1667 2109 1v.
1695 2084 1727 2111 1.
1751 2084 1835 2109 zoo.
1858 2069 1948 2119 Poffe
1971 2069 2134 2107 Meleteas
2156 2081 2215 2105 nec

1171 2120 1314 2156 mallem
1326 2122 1464 2158 mittere
1477 2121 1628 2158 chartas.
1658 2132 1886 2171 quamquam
1918 2119 2066 2157 Meletis
2094 2119 2212 2156 filium

1172 2171 1311 2208 faciunt
1350 2171 1423 2208 five
1446 2172 1605 2210 fluminis
1644 2172 1861 2221 Smyrnaei,
1899 2169 1972 2208 five
2009 2170 2094 2207 civis
2134 2169 2213 2206 CO..

1172 2221 1353 2270 lophonii.
1384 2223 1610 2272 Praecipuum
1633 2224 1725 2260 inter
1736 2221 1898 2272 Asiatica
1903 2221 2057 2271 flumina
2069 2233 2215 2275 amuem

1172 2272 1336 2309 meletam
1361 2282 1472 2311 vocat
1494 2274 1638 2311 Solinus
1660 2285 1737 2322 cap.
1765 2286 1825 2310 xx..
1851 2273 1911 2310 ubi
1934 2272 2042 2308 etiam
2066 2269 2214 2307 codices

1171 2323 1301 2360 vetusti
1323 2325 1529 2362 constanter
1551 2324 1664 2361 Melas
1684 2337 1751 2373 pro
1775 2324 1890 2360 Meles.
1937 2328 2090 2370 Smyrna*
2108 2333 2211 2356 amne

1175 2374 1298 2410 Alelete
1313 2376 1466 2424 gaudens
1480 2392 1490 2412 .-
1518 2375 1608 2413 Plin.
1620 2375 1678 2412 lib.
1692 2387 1726 2412 V.
1739 2386 1770 2412 c.
1782 2387 1841 2423 29.
1855 2373 1984 2411 Statius
1997 2370 2213 2410 Genethlia«

1174 2434 1220 2460 co
1243 2425 1409 2464 Lucani:
1923 2443 1926 2448 ¹

1227 2481 1331 2512 Nunc
1353 2476 1455 2513 tollat
1477 2475 1595 2526 refluos
1615 2476 1653 2512 in
1674 2475 1765 2522 astra
1780 2478 1898 2523 fontes

1226 2527 1332 2561 Graio
1354 2525 1499 2562 nobilior
1520 2526 1645 2562 Ascleta?
1665 2526 1791 2563 Baetis.

1174 2573 1280 2609 idem
1305 2574 1429 2611 denuo
1452 2576 1646 2623 Lacrymis
1667 2575 1830 2613 Etrusci:

1228 2630 1378 2673 Smyrna
1400 2625 1464 2662 tibi
1480 2625 1606 2674 gentile
1618 2625 1735 2675 solum
1748 2654 1759 2670 ,
1780 2626 1943 2677 potusque
1963 2628 2112 2664 verendo

1231 2682 1337 2712 Fonte
1350 2675 1470 2721 Meles,
1481 2676 1667 2726 Hermique
1679 2677 1815 2714 vadum
1828 2705 1839 2722 ,
1851 2677 1943 2728 quod
1953 2678 2083 2727 Lydius
2094 2679 2209 2715 intrate

1231 2725 1399 2762 Bacchus.

1180 2776 1257 2813 Ubi
1279 2777 1387 2813 etiam
1412 2776 1573 2815 Melasin
1585 2777 1769 2826 nonnullis
1788 2777 1922 2827 scriptis
1945 2778 2229 2827 exemplaribus

1174 2827 1222 2864 est
1244 2827 1420 2864 invenire.
1456 2829 1538 2865 Fuit
1560 2830 1598 2865 &
1621 2829 1842 2878 Smyrnaeus
1855 2829 1948 2866 Bion
1961 2829 2117 2867 bucolici
2130 2841 2205 2866 car-

1173 2878 1281 2914 minis
1313 2880 1424 2926 poeta
1452 2879 1684 2916 suavlffimus.
1721 2879 1822 2917 unde
1852 2879 2027 2917 Moschus
2058 2880 2096 2916 in
2130 2879 2205 2926 ejus

1171 2927 1337 2977 epicedio
1363 2929 1543 2967 Meletem
1567 2932 1738 2975 ποτκμῶν
1759 2931 1999 2976 λιγυρῶς-,κτον
2020 2929 2126 2966 dixit:

1195 2982 1228 3013 T
1231 2982 1311 3014 οὔτε)
1322 2991 1397 3023 τοι,
1425 2976 1449 3014 ὦ
1469 2983 1639 3025 ποταμῶν
1651 2980 2060 3026 myope-caveae&st
2076 2979 2223 3035 &hyces

1193 3031 1323 3072 Τοῖς-ο,
1338 3032 1457 3072 Μέλη,
1473 3032 1542 3067 νέον
1551 3032 1675 3076 ἄλγος.
1692 3031 1863 3068 &vaae-co
1879 3033 1969 3074 πρεξν
1985 3025 2202 3071 τειϋμηρος.

1176 3080 1285 3117 Certe
1308 3088 1431 3118 extant
1453 3081 1659 3119 etiamnum
1682 3090 1822 3120 veteres
1841 3081 2009 3122 nummi,
2037 3079 2098 3126 qui
2123 3079 2228 3116 Ho=³

1176 3142 1321 3168 merum
1344 3131 1499 3169 reddunt
1519 3133 1564 3169 ab
1585 3144 1658 3170 una
1679 3142 1779 3181 parte
1792 3162 1803 3177 ,
1825 3134 1869 3169 ab
1890 3132 1997 3167 altera
2021 3128 2220 3166 Meletem·

1176 3180 1329 3218 fluvium
1362 3182 1440 3229 lyra
1469 3183 1684 3220 instrueium
1708 3211 1719 3227 ,
1756 3195 1839 3219 cum
1875 3182 1944 3217 hac
1972 3179 2227 3228 inscriptiones

1175 3234 1648 3271 AMACTPIANQN.
1685 3234 1902 3267 MEAHC.
1952 3229 2065 3279 Cujus
2088 3237 2212 3267 notae.

1174 3293 1292 3320 unum
1313 3289 1544 3333 perveterem
1565 3282 1629 3322 fibi
1664 3281 1783 3321 visum
1816 3286 1948 3318 monet
1987 3280 2084 3330 apud
2115 3279 2220 3334 Pul-s

2105 3341 2228 3369 viam*-
