2483 3616
358 129 1604 194 *METAMORPHOSEON
1675 135 1818 193 Lm.

1890 142 1949 199 X
1966 141 2004 200 1.
2127 161 2223 215 753

237 269 340 321 2105
378 251 573 312 Liber3
613 261 666 313 at
693 247 923 302 indoluit
942 284 957 309 ‚
995 247 1144 320 quod
1172 263 1280 301 non
1310 247 1529 301 meliora
1554 247 1781 318 petisset.

384 323 583 378 Laetus
611 320 749 383 abit3
792 321 1098 393 gaudetque
1123 321 1261 374 malo
1288 318 1674 393 Berecynthius
1700 321 1882 376 heros:

374 395 783 466 vpollicitam-que
809 394 970 448 fidem
995 393 1265 463 tangendo
1293 391 1487 462 fingula
1512 406 1696 447 tentat.

377 465 598 539 Vixque
624 465 716 520 fibi
740 467 994 529 credenS,
1028 483 1139 520 non
1164 466 1262 519 alta
1290 464 1485 518 fronde
1511 467 1776 521 virentem

380 538 503 592 llice
538 539 769 593 detraxit
796 540 1025 610 virgam:
1066 539 1213 609 virga
1240 554 1396 591 aurea
1426 536 1556 591 faeta
1586 539 1674 591 est.

231 629 336 666 ΜΟ
374 610 547 665 Tollit
572 612 738 665 humo
763 612 970 666 saxum:
1010 612 1190 665 saxum
1214 627 1434 682 quoque
1458 610 1638 681 palluit
1663 628 1808 667 aur0.

381 682 628 755 Contigit
658 684 713 738 δε
741 684 977 755 glebam:
1018 682 1270 737 contactu
1303 680 1454 752 gleba
1477 683 1688 753 potenti

382 755 549 810 Massa
575 758 648 812 fit.
684 772 890 811 arentes
911 757 1124 810 Cereris
1149 754 1411 825 decerpsit
1435 754 1633 809 aristas:

381 830 562 883 Aurea
586 829 759 884 meffis
785 842 911 883 erat.
948 829 1194 882 demtum
1221 839 1368 880 tenet
1393 826 1580 880 arbore
1608 844 1857 900 pomum:

373 900 703 974 Hesperidas
730 900 944 957 donasse
967 915 1135 972 puteS.
1175 899 1211 953 s1
1236 899 1468 972 postibus
1493 900 1607 955 altis

86 1118 153 1165 553.
183 1113 229 1153 ad
248 1113 365 1152 Attic.
400 1112 575 1161 Assentior
604 1111 692 1158 tibi,
720 1121 761 1149 ut
798 1124 858 1148 nec
888 1109 1132 1160 ducesfimus‚

93 1179 153 1204 nec
173 1179 296 1214 agmen
321 1177 488 1213 cogamus.
519 1165 665 1201 Dicitur
683 1165 720 1200 &
742 1162 1023 1199 clandere.ldem
1038 1163 1133 1199 Cur—

92 1217 162 1255 tius
181 1217 241 1254 lib.
262 1228 325 1253 111.
354 1222 486 1251 Horum
507 1228 628 1263 agmen
650 1213 875 1250 claudebatur
893 1214 1038 1261 triginta
1052 1212 1134 1249 mil-

82 1266 181 1304 -libus
198 1266 357 1316 peditum
383 1293 392 1309 ,
438 1278 520 1314 quos
545 1266 622 1313 equi
650 1267 733 1312 regis
767 1275 864 1300 cccc.
889 1264 1135 1313 sequebantur.

92 1317 194 1355 ldem
226 1329 279 1354 1v.
319 1315 526 1366 Massagetae
564 1314 693 1352 duobus
724 1313 880 1351 millibus
913 1327 1037 1363 agmen
1063 1315 1135 1362 ejus

92 1367 313 1406 claudebant,
340 1367 560 1404 Cmranus.

143 1419 203 1467 98.
235 1419 396 1467 Laetus.]
426 1414 837 1465 LentusArgentinenfis
852 1443 862 1459 ‚
882 1415 983 1465 quod
999 1427 1132 1454 verum

85 1479 197 1519 puto.
225 1469 396 1518 Calpurn.
419 1468 546 1517 Eclog.
568 1480 639 1505 vu.

144 1526 273 1558 Lentus
290 1519 334 1557 ab
360 1519 441 1557 urbe
464 1519 563 1556 venis
584 1517 765 1567 Corydon,
793 1515 954 1566 vicesima
975 1527 1061 1554 certe

143 1577 225 1610 Nox
247 1571 341 1616 ruit,
371 1581 410 1608 ut
431 1570 559 1614 nostrae
579 1571 718 1619 cupiunt
744 1579 775 1605 te
793 1581 923 1604 cernere
933 1567 1060 1617 filvae.

93 1620 148 1661 lta
168 1623 366 1671 lego;non
382 1635 468 1664 ,nox
483 1621 559 1668 fuit
573 1649 583 1666 ‚
613 1629 652 1659 ut
672 1632 770 1657 nune
792 1620 1055 1657 circumfertur.
1069 1631 1137 1668 pro

92 1673 294 1710 undecimus
325 1684 418 1711 unus
450 1684 553 1709 meus
583 1673 620 1709 &
641 1670 829 1709 Gronovii
851 1682 944 1709 unus
970 1670 1132 1716 habent,

86 1724 257 1763 undenus.
287 1725 418 1761 Amor.
443 1737 466 1760 1.
495 1723 549 1760 El.
576 1735 605 1760 1.

142 1777 250 1824 Musa
272 1785 331 1825 per
357 1773 507 1811 undenos
533 1771 766 1810 emodulanda
793 1771 915 1809 modos.
944 1771 1090 1808 Heius.

94 1842 220 1874 Laetus
249 1839 390 1875 retineo
413 1850 421 1874 :
462 1849 546 1873 nam
576 1834 755 1884 gaudebat
784 1836 822 1872 ὃς
841 1834 931 1873 festo
948 1834 1139 1884 genialiter

83 1895 200 1932 erto,
233 1890 271 1926 &
292 1889 415 1926 Sileno
436 1888 606 1924 invento,

147 1952 228 1977 100.
257 1940 346 1975 Huic
366 1945 460 1976 Deus
477 1937 611 1988 optanti
637 1935 823 1986 gratum]
880 1936 1017 1975 Melius
1036 1935 1140 1988 quod

93 1989 136 2027 in
157 1990 344 2026 Palatino:

148 2039 240 2075 Huic
262 2045 356 2075 Deus
375 2039 515 2088 optandi
532 2048 676 2087 gratum
689 2066 700 2082 ,
721 2038 784 2086 sed
802 2037 929 2075 inutile
939 2038 1028 2085 jecit

152 2089 314 2126 Muneris
332 2089 530 2126 arbitrium.
584 2090 688 2127 DAN.
709 2090 911 2126 Hfirusius

103 2140 259 2188 optandi
280 2151 364 2176 cum
386 2139 518 2187 scriptis
533 2140 756 2178 melioribus.
786 2141 945 2177 muneris
957 2138 1143 2177 videlicet.

104 2202 172 2239 pro
200 2191 306 2226 altore
339 2190 495 2227 Urbinas
517 2217 528 2234 ‚
555 2189 687 2227 alitore.
720 2191 866 2228 Heius.
919 2189 1074 2239 optandi
1105 2190 1143 2226 &

100 2240 320 2278 Laetantius
354 2241 393 2278 in
432 2250 650 2288 argumento
673 2269 684 2285 ‚
719 2244 756 2279 &
790 2241 930 2291 Hygin.
954 2241 1038 2278 Fab.
1064 2252 1145 2289 191.

104 2291 300 2340 deoptandi.
324 2302 415 2328 mox
443 2292 553 2328 etiam
569 2319 580 2335 ,
612 2291 739 2328 adnuit
758 2293 892 2341 optanti
914 2293 1085 2330 Gronov.
1107 2292 1145 2328 ὃ(

103 2350 265 2392 quatuor
293 2341 363 2379 alii.

163 2405 242 2441 105.
270 2390 521 2441 Etindoluit.]
562 2391 666 2440 Lege
680 2419 691 2436 ‚
728 2401 768 2428 at
790 2391 940 2429 indoluit
960 2403 1046 2429 curn
1068 2403 1147 2429 uno

110 2443 244 2481 Reoio.

162 2473 243 2532 1006.
265 2493 469 2541 Gaudetque
486 2493 577 2530 malo
600 2491 841 2541 Berecynthius
863 2490 987 2540 heroa]
1011 2491 1051 2527 ln
1072 2502 1148 2528 uno

113 2556 204 2583 meo
232 2545 270 2582 δὲ
291 2544 441 2581 Caelest.
471 2544 677 2591 Gattdetque
709 2543 825 2587 datis,
863 2542 897 2579 id
921 2543 991 2585 est,
1020 2553 1151 2578 mune-

110 2597 216 2634 ribus.
246 2595 287 2632 In
312 2595 518 2632 Statiilibro
543 2594 591 2632 est
611 2595 771 2642 superior
792 2592 914 2630 leffio.
944 2592 1070 2629 Midae
1089 2604 1152 2628 au-

111 2653 187 2684 tem
207 2645 325 2684 fabula
347 2645 445 2683 unde
474 2645 725 2688 emanaverit,
759 2645 868 2680 refert
890 2643 1027 2691 Tyrius
1049 2643 1152 2679 Max.

115 2695 209 2735 Diss.
238 2708 322 2733 xxx.
359 2699 578 2733 moranus.
622 2701 717 2731 Dato
743 2693 950 2742 Cantabrig.
985 2695 1021 2730 ἃ
1044 2694 1151 2742 prim„

111 2746 207 2796 Reg.
227 2747 322 2783 datis
341 2746 430 2784 alter
451 2746 655 2794 Harnburg.
679 2753 717 2783 ut
736 2744 798 2782 lib.
817 2757 907 2781 vm.
930 2744 1010 2793 363.

167 2809 319 2857 Myrrha
340 2809 432 2845 datis
456 2808 607 2846 nimium
624 2808 763 2856 gaudet.
816 2807 964 2844 Histris.

119 2867 188 2905 Sed
209 2869 256 2907 ibi
276 2867 361 2905 data
381 2869 492 2915 oscula
511 2869 772 2917 intelliguntur.
783 2879 913 2905 verum
928 2868 1077 2917 quidem
1092 2867 1156 2911 est,

117 2919 204 2955 data
241 2919 450 2966 simpliciter
475 2931 542 2968 pro
572 2920 782 2956 muneribus
808 2920 924 2967 poni,
951 2927 991 2956 ut
1016 2919 1077 2956 lib.
1104 2930 1155 2955 vr.

121 2970 204 3015 464.
232 2970 307 3006 vid.
337 2970 504 3007 Rittersh.
530 2969 576 3007 ad
598 2971 738 3007 Gunth.
760 2970 887 3018 Ligur.
908 2981 959 3006 vr.
990 2980 1072 3017 334.
1094 2969 1157 3006 ubi

111 3021 230 3056 etiam
250 3020 399 3068 gaudere
421 3020 526 3057 datis.
553 3020 689 3057 sedhic
712 3021 801 3057 nihil
828 3029 956 3057 muto:
999 3031 1086 3057 nam
1108 3021 1156 3056 ita

117 3068 176 3106 lib.
199 3083 262 3107 111.
285 3082 369 3118 29²·
386 3076 493 3106 Laeta
515 3071 626 3114 malo,
666 3070 882 3118 nimiumque
896 3080 1024 3118 potens.
1051 3070 1162 3107 Clau-

120 3118 216 3158 dian.
242 3132 306 3157 11¹.
328 3122 365 3158 in
388 3119 511 3158 Rufin.
537 3131 621 3168 355.
659 3120 857 3156 Luxuriata
888 3121 993 3159 malo.
1014 3121 1162 3169 gaudet-

119 3182 183 3218 que
199 3168 265 3218 fibi
288 3171 426 3208 Medic.
447 3182 551 3208 unus.
580 3170 708 3208 ssunm.

175 3221 254 3256 106.
281 3221 519 3269 Berecynthius
539 3220 670 3269 heron]
701 3219 821 3256 Midas
846 3220 1021 3269 Phrygius
1038 3220 1078 3264 ,a
1092 3221 1160 3257 Be-

1962 971 2230 1029 Admovit

1188 1107 1211 1145 ὲ
1232 1107 1475 1159 Berecynthia
1494 1110 1562 1148 dea
1577 1139 1586 1154 ,
1610 1111 1694 1149 hoc?
1707 1110 1755 1148 est
1769 1140 1778 1155 ‚
1808 1111 1946 1159 Magna
1965 1112 2112 1156 Matre,
2131 1110 2235 1159 cujus

1190 1159 1284 1197 filius
1318 1161 1417 1198 idem
1450 1161 1553 1199 fuisse
1581 1161 1601 1199 a
1631 1163 1844 1212 quibusdam
1873 1162 2033 1211 fingitur.
2069 1170 2110 1200 ut
2137 1161 2234 1199 infra

1193 1211 1415 1249 Lastantius.
1448 1213 1626 1250 Micru..

1248 1273 1329 1307 107.
1357 1261 1573 1311 Pollicitique
1596 1262 1717 1311 fidem.
1742 1262 1758 1313 ]
1798 1262 2031 1312 Pollicitisque
2065 1268 2238 1310 excerpta

1190 1311 1306 1357 Jureti
1335 1314 1372 1349 &
1405 1325 1496 1350 unus
1527 1315 1666 1351 Medic.
1697 1315 1821 1351 tertius
1845 1341 1855 1358 ‚
1885 1313 2114 1363 Pollicitoque.
2141 1323 2237 1349 unus

1190 1362 1291 1399 Basil.
1316 1364 1353 1399 ἃ
1374 1375 1466 1401 unus
1489 1364 1642 1411 Argent.
1663 1365 1898 1414 Pollicitaque.
1936 1364 2039 1412 Lege
2060 1391 2070 1408 ‚
2099 1362 2238 1399 Pollici-

1190 1423 1344 1463 tamque.
1371 1415 1569 1462 quomodo
1600 1415 1835 1463 postmodum
1869 1415 1906 1451 in
1926 1414 2040 1452 altero
2064 1412 2241 1460 Twisdez

1186 1466 1258 1502 nio
1279 1473 1466 1502 exaratum
1491 1465 1643 1504 offendi.
1670 1466 1730 1504 lib.
1749 1477 1811 1503 111⁴
1841 1464 1929 1502 Fast.
1951 1465 2034 1514 366,

1242 1527 1440 1565 pollicitam
1459 1529 1561 1566 distis
1580 1529 1722 1580 Jupiter
1746 1529 1835 1566 adde
1847 1528 1970 1577 fidem,

1194 1591 1253 1630 Sic
1273 1593 1310 1629 &
1326 1594 1429 1642 pana
1443 1591 1531 1640 fides
1551 1594 1660 1642 paulo
1681 1593 1771 1642 post.
1799 1593 1947 1631 Herus.

1248 1656 1329 1694 108.
1362 1662 1442 1693 Non
1462 1656 1538 1693 alta
1552 1657 1679 1704 fronde
1696 1657 1870 1694 virentem
1892 1655 1971 1693 llice
1994 1653 2148 1692 detraxit
2161 1654 2242 1691 vir·-

1187 1707 1312 1756 gam.]
1341 1707 1462 1744 Aliter
1482 1708 1645 1757 loquitur
1663 1707 1797 1745 Cicero
1823 1718 1889 1755 pro
1911 1707 2069 1744 Caecina
2091 1716 2243 1753 cap.2r.

1193 1758 1268 1806 Qi
1281 1766 1536 1806 praetereuntes
1566 1771 1707 1795 ramum
1736 1757 1966 1805 defringerent
1994 1755 2134 1793 arboris.
2172 1755 2244 1792 At-

1193 1820 1266 1857 que
1285 1809 1321 1845 in
1343 1809 1396 1847 his
1407 1808 1537 1846 Ovidii
1559 1810 1675 1846 verbis
1693 1808 1786 1845 ordo
1805 1808 1872 1844 est:
1904 1808 2072 1844 Detraxit
2100 1806 2244 1853 virgam

1196 1861 1377 1896 virentem
1400 1858 1532 1896 fronde
1547 1886 1557 1902 ,
1586 1859 1667 1897 ilice
1687 1870 1764 1896 non
1784 1858 1866 1895 alta.
1912 1857 1987 1894 Alii
2007 1857 2079 1895 alio
2102 1856 2246 1899 modo.

1196 1909 1256 1947 sed
1279 1908 1386 1947 male.
1428 1911 1644 1948 Crortmus.
1696 1909 1854 1958 Decerpit
1891 1916 2061 1957 quatuor.
2088 1905 2246 1956 deterpsse

1197 1958 1438 2009 tres.-depreffit
1459 1961 1632 1999 Politiani
1659 1961 1697 1997 &
1717 1960 1792 1997 duo
1818 1959 1992 1996 Medicei.

1253 2012 1333 2048 108.
1365 2011 1532 2060 Fronde]
1571 2018 1695 2048 Fronte
1723 2018 1893 2060 quatuor.
1920 2008 2006 2047 vide
2035 2015 2161 2046 notata
2182 2006 2247 2046 lib.

1196 2075 1235 2100 x.
1256 2061 1312 2105 JC‘s.
1333 2074 1394 2109 91.
1424 2063 1569 2100 Hfims.

1256 2123 1336 2150 110.
1366 2119 1497 2150 Saxum
1512 2126 1643 2164 quoque
1659 2110 1804 2162 palluit.
1818 2109 1835 2160 ]
1851 2115 2050 2159 Saxumque
2070 2106 2249 2157 impalluit

1198 2163 1349 2201 Palatin.

1257 2227 1336 2252 111.
1365 2214 1519 2263 Contigit
1542 2211 1772 2263 &glebamff
1826 2212 1942 2252 Puto,
1972 2219 2012 2246 ut
2030 2207 2178 2257 glebam.
2207 2207 2248 2246 δε

1201 2276 1292 2303 mox
1309 2294 1317 2308 ,
1347 2271 1469 2302 Aurea
1489 2264 1593 2313 tneffis
1611 2275 1710 2302 erant
1728 2292 1736 2306 ‚
1762 2273 1897 2310 nempe
1920 2259 2065 2307 aristae,
2082 2271 2147 2308 pro
2159 2269 2248 2297 erat.

1203 2317 1350 2354 Hiems,
1379 2317 1529 2365 Corripit
1553 2314 1723 2353 Leidens.

1261 2380 1342 2404 112.
1370 2366 1542 2416 Cereris.]
1598 2371 1752 2401 Cererem
1782 2362 1916 2411 Sprotii
1943 2361 2045 2399 liber.
2064 2359 2130 2413 „sed
2158 2368 2247 2397 tunc

1205 2417 1378 2454 Heinfius
1411 2417 1559 2453 volebat
1587 2416 1658 2463 legi
1682 2443 1692 2460 ,
1720 2414 1849 2451 arentis
1876 2419 2031 2451 Cererem
2056 2411 2090 2448 d.
2112 2410 2249 2457 aristae.

1206 2479 1301 2515 ego,
1330 2466 1444 2502 arenti
1477 2466 1610 2511 aristae.
1647 2466 1697 2502 ita
1716 2465 1777 2503 lib.
1800 2475 1993 2512 v111.292.
2023 2468 2180 2499 Cererem
2208 2461 2248 2498 in

1198 2517 1301 2566 spicis
1331 2516 1515 2565 intercipit.
1552 2517 1614 2554 ubi
1649 2521 1749 2553 Ceres
1781 2515 1861 2552 sunt
1898 2514 2012 2562 spicae
2036 2512 2095 2550 vel
2114 2523 2252 2560 grana,

1205 2567 1304 2604 unde
1334 2567 1434 2614 panis
1469 2566 1686 2610 conficitur,
1721 2567 1758 2603 δε
1778 2578 1815 2602 v.
1834 2565 1922 2601 Fast.
1951 2576 2033 2613 322.
2069 2562 2252 2600 Grandine

1208 2617 1297 2664 laesa
1321 2622 1429 2654 Ceres.
1458 2618 1495 2655 ὃς
1517 2630 1543 2654 1.
1567 2620 1643 2654 Art.
1666 2629 1744 2661 40¹·
1773 2615 1938 2653 credenda
1950 2620 2049 2652 Ceres
2060 2611 2253 2659 fallacibus

1208 2668 1319 2705 arvis.
1340 2669 1377 2705 ὃ(
1399 2668 1479 2705 alibi
1504 2668 1643 2715 passim.
1666 2668 1796 2705 Eum.

1263 2731 1342 2763 114.
1371 2718 1569 2767 Hesperidas
1589 2719 1720 2766 donaffe
1737 2716 1872 2767 putes.]
1896 2714 2254 2764 QuatuorI-Iesperi-

1209 2769 1272 2806 des
1294 2778 1560 2806 memorantur.
1600 2770 1731 2807 Earum
1755 2769 1909 2805 nomina
1928 2767 2022 2815 apud
2046 2765 2254 2813 Apollodo-

1204 2832 1292 2857 *rum
1307 2848 1317 2863 ‚
1347 2820 1503 2864 Αἴγλη,
1535 2819 1695 2864 Ε’ρυθὶκ,
1725 2813 2056 2863 Ε’ςίιι,Α’ρεθιύπι.
2098 2815 2253 2863 Hygino

1210 2870 1426 2907 Fabularurn
1449 2871 1557 2908 initio
1577 2880 1646 2908 tres
1661 2898 1671 2913 ,
1699 2869 1843 2918 Aegle,
1873 2867 2071 2915 Hesperie,
2108 2866 2252 2900 Aenea.

1210 2921 1270 2958 sed
1291 2920 1489 2969 legendum
1523 2921 1570 2958 est
1593 2920 1754 2968 Erythia.
1793 2919 1936 2956 Servius
1959 2916 2002 2953 ad
2024 2916 2082 2951 lib.
2104 2925 2154 2949 1v.
2174 2913 2254 2949 Ae-

1212 2971 1309 3009 neid.
1337 2983 1372 3008 v.
1402 2973 1487 3018 480.
1523 2984 1568 3009 ex
1599 2971 1766 3009 Hesiodo
1795 2981 1864 3006 tres
1896 2967 2024 3004 itidem
2054 2961 2212 3017 recenset
2238 2988 2252 3005 ‚

1215 3020 1358 3070 Aeglen
1378 3049 1392 3066 ‚
1440 3022 1657 3060 Arethusam
1682 3050 1690 3064 ‚
1735 3017 1983 3066 Hesperusam.
2040 3013 2252 3059 Fulgentius

1216 3072 1426 3110 Planciades
1473 3073 1518 3109 de
1571 3071 1811 3109 Continentia
1833 3066 2030 3113 Virgiliana
2059 3070 2218 3111 quatuor
2239 3089 2253 3106 ‚

1220 3124 1360 3172 Eglm,
1390 3123 1551 3171 Hesper,
1581 3121 1796 3163 Medusam,
1825 3115 2024 3154 Eretusam.
2080 3111 2149 3149 Sed
2172 3111 2257 3150 scri-

1220 3173 1382 3210 bendum
1411 3184 1455 3208 ex
1487 3172 1641 3212 Servio,
1675 3168 1801 3215 Aegle,
1831 3163 2036 3213 Hesperusa,
2067 3162 2259 3208 Arethusa.

1221 3222 1333 3269 Apud
1357 3219 1577 3257 Scholiasten
1602 3220 1702 3257 Statii
1724 3216 1846 3253 Theb.
1868 3223 1991 3253 utres
2009 3214 2089 3252 sunt
2103 3213 2261 3261 ,Aegle‚

118 3269 301 3317 recyntho
333 3272 510 3322 Phrygiae
533 3270 684 3322 oppido.
720 3271 889 3310 Remus.
942 3270 1027 3321 Sive
1049 3272 1162 3310 etiam
1218 3269 1420 3318 Arethusa,
1450 3270 1637 3319 Hesperie.
1664 3269 1810 3304 Herus.

1655 3318 1812 3356 Ccccc
1840 3327 1861 3355 ι
2097 3313 2177 3354 116.
2208 3311 2272 3359 Ille
