2483 3616
180 163 316 243 1004
712 169 773 226 P.
849 160 1257 223 OVIDII

1327 164 1862 225 NASONIS

351 266 454 323 820
489 267 788 342 Impavidus
812 261 1123 318 conscendit
1151 277 1320 333 equos
1351 261 1651 330 Gradivus,
1693 267 1748 321 &
1775 264 1884 320 iciu

493 342 751 398 Vei-beris
774 335 1040 406 increpuit
1066 352 1077 388 ε
1119 350 1458 406 pronumque
1484 352 1581 406 per
1605 343 1725 393 aera
1750 339 1916 412 lapsus

497 412 750 470 Constitit
775 411 830 463 in
857 409 1066 462 summo
1093 405 1361 462 nemorosi
1387 407 1524 461 colle
1550 407 1748 463 Palati:

497 486 956 554 Reddentemque
983 480 1076 534 suo
1100 480 1206 551 jam
1236 479 1378 550 regia
1402 478 1516 549 jura
1543 480 1748 551 Quiriti

497 557 728 613 Abstulit
754 554 968 609 Iliaden.
1009 570 1202 624 corpus
1228 553 1452 605 mortale
1478 568 1572 622 per
1598 570 1747 606 auras

355 635 454 701 825
493 631 613 687 Dila
654 630 766 684 sum
796 642 981 682 tenues
1008 643 1018 676 :
1060 643 1160 680 ceu
1189 624 1290 677 lat-51
1318 623 1563 695 plumbea
1589 624 1757 678 funda

499 704 605 759 Mil
631 722 658 756 a
684 702 814 756 solet
839 697 1022 754 medio
1049 700 1191 770 glans
1216 696 1543 751 intabescere
1570 699 1742 752 coe10.

497 777 725 831 Pulchra
752 773 886 828 subit
912 771 1075 825 facies
1092 811 1107 834 ,
1148 772 1201 823 δε
1233 769 1589 841 pulvinaribus
1614 770 1729 823 altis

496 849 758 920 Dignior,
798 845 853 898 &
878 843 1043 916 qualis
1069 842 1294 897 trabeati
1321 841 1494 896 forma
1517 842 1750 915 Quirini.

497 921 712 983 Flebat,
750 931 809 972 ut
838 914 1078 970 amissum
1104 915 1333 986 conjux;
1374 932 1497 968 cum
1525 915 1669 985 regia
1693 916 1843 986 Juno

358 996 457 1060 330
494 994 598 1047 Irin
625 993 692 1046 ad
717 989 1000 1046 Hersiliam
1028 988 1353 1043 descendere
1381 986 1550 1041 limite
1577 1006 1746 1042 curvo

496 1066 724 1140 Imperat
750 1083 761 1119 :
806 1063 862 1117 &
892 1080 1086 1118 vacuae
1112 1063 1199 1118 sua
1225 1060 1293 1117 fic
1319 1059 1565 1115 mandata
1590 1060 1814 1116 referre.

205 1578 251 1616 de
273 1579 370 1617 Viris
404 1578 621 1623 Illustribus‚
648 1587 690 1618 ut
719 1578 923 1618 Historicos
951 1579 1042 1617 alios
1065 1578 1253 1616 omittam-2

204 1631 370 1667 Romulus
384 1659 394 1675 ,
423 1632 564 1680 inquit,
594 1630 675 1667 crim
705 1631 752 1668 ad
773 1637 926 1680 Capreae
938 1629 1105 1680 paludem
1126 1628 1254 1666 exerci-

204 1689 282 1716 tam
302 1681 481 1725 lustraret,
511 1695 684 1730 nusquam
705 1683 907 1731 comparuit.
935 1681 1031 1718 Unde
1044 1708 1054 1725 ,
1084 1680 1175 1717 inter
1191 1689 1254 1728 pa-

204 1740 273 1766 tres
291 1743 333 1770 &¹
348 1732 510 1780 populum
522 1732 690 1780 seditione
710 1743 786 1769 orta
800 1761 809 1776 ,
837 1733 964 1777 Julius
983 1730 1147 1769 Proculus
1162 1759 1172 1774 ,
1195 1730 1256 1767 vir

204 1780 350 1826 nobilis,
381 1784 419 1818 in
449 1789 637 1820 concionem
653 1782 801 1831 proceffit
828 1781 1111 1832 &jurejurando
1126 1781 1256 1829 firma-

203 1831 284 1874 vit,
314 1833 498 1869 Romulum
530 1833 554 1869 lz
578 1835 614 1882 ft
647 1835 685 1870 in
705 1835 783 1871 colle
803 1834 989 1882 Qirinali
1009 1834 1126 1881 visum
1146 1846 1256 1881 augu-

196 1881 299 1928 stiore
319 1884 440 1929 fhrma
472 1884 550 1919 cnm
571 1885 618 1920 ad
641 1885 715 1922 deos
732 1884 865 1929 abiret,
895 1884 1107 1934 eundemque
1125 1884 1255 1932 praeci-

198 1942 301 1980 pere,
330 1943 369 1969 ut
400 1932 423 1969 a}
446 1934 672 1981 seditionibus
699 1935 903 1982 abstinerent
931 1935 1170 1984 virtutemque
1201 1948 1254 1971 co-

202 1981 312 2019 lerent
326 2010 336 2027 ,
357 1984 528 2029 futurum
557 1995 596 2021 ut
626 1987 781 2021 omnium
796 1987 951 2034 gentium
972 1985 1104 2022 domini
1125 1983 1253 2034 exfiste—

201 2042 292 2068 rent.
338 2034 451 2081 Hujus
473 2035 677 2071 austeritati
697 2036 867 2072 creditum
889 2037 949 2083 est.
982 2037 1095 2073 Aedes
1115 2036 1152 2072 in
1172 2035 1253 2072 colle

201 2082 388 2130 Qirinali
412 2085 554 2120 Romulo
577 2085 759 2132 constituta
774 2113 783 2129 ,
811 2086 875 2135 ipse
906 2096 964 2134 pro
984 2092 1054 2122 Deo
1074 2085 1187 2122 cultus
1213 2097 1257 2124 (9¹

202 2133 379 2180 Qirinus
405 2134 447 2181 est
467 2134 667 2185 appellatus.
695 2137 805 2183 Quae
828 2137 981 2184 intelligi
1000 2138 1087 2173 item
1110 2134 1256 2183 poffunt

199 2195 248 2270 <gc
283 2184 502 2223 carminibus
531 2186 597 2224 illis
627 2186 688 2224 lib.
710 2199 758 2224 11.
785 2186 875 2224 Fast.
895 2197 990 2236 quae
1009 2184 1114 2234 supra
1133 2186 1254 2224 citavi.

241 2247 372 2273 ronan.

254 2284 338 2324 818.
366 2289 468 2335 §Quae
479 2285 587 2335 fibi]
617 2289 696 2334 {Quo
706 2286 774 2338 fibi
797 2286 1253 2326 Oxon.&sec.Strozzae.

192 2334 304 2384 sentit
323 2337 398 2376 duo
420 2338 526 2376 Leid.
548 2340 586 2376 &
604 2339 708 2377 Bafil.

252 2386 337 2425 818.
365 2394 465 2425 Data
487 2387 630 2439 figna.]
661 2396 755 2427 Rata
774 2389 875 2440 signa
905 2389 938 2427 S.
963 2389 1107 2434 Marci,
1134 2397 1251 2439 quart.

198 2437 349 2493 Medic..
362 2439 399 2477 &
420 2440 479 2477 sex
501 2441 574 2478 alii.
603 2440 674 2478 Sed
688 2442 766 2490 jam
785 2440 982 2491 praecellit.
1010 2440 1120 2488 paulo
1140 2449 1226 2478 ante
1240 2468 1251 2485 ,

200 2497 328 2524 terruit
352 2489 470 2526 urbem
488 2518 498 2535 ,
532 2502 609 2528 non
632 2491 746 2529 orbem
762 2520 771 2537 ,
796 2492 904 2540 prim.
927 2492 1099 2529 Vatican.
1119 2491 1252 2529 Urbin.

199 2539 360 2586 Neapol.
381 2548 461 2579 tert.
483 2550 601 2590 quart.
620 2543 760 2580 Medic.
779 2544 886 2591 prim.
903 2543 1042 2579 Moret.
1059 2542 1166 2589 prim.
1184 2542 1251 2579 Er-

199 2588 287 2675 ilcurt.
314 2591 353 2627 &
376 2591 578 2630 duodecim
595 2593 665 2630 alii.
694 2592 741 2631 fic
763 2594 808 2632 de
829 2594 925 2641 Jove
945 2592 1110 2631 Horam.
1123 2603 1152 2630 1.
1175 2592 1256 2632 Od.

685 2644 829 2680 rubente

253 2690 415 2726 Dextera
428 2694 547 2738 sacras
562 2694 743 2742 jaculatus
759 2707 853 2733 arces

251 2741 393 2777 Terruit
414 2742 542 2780 urbem.
571 2746 718 2783 Hzms.

251 2789 343 2838 819.
370 2791 494 2839 Pressas
520 2801 649 2830 temone
678 2805 815 2832 cruento
839 2795 1042 2845 Impavidus
1061 2796 1254 2845 conscendit

200 2839 338 2896 equor]
371 2843 509 2888 Prensos
530 2845 660 2890 reponi
680 2845 759 2882 vult
782 2846 947 2883 Diatribe
970 2847 1131 2884 Statiana
1153 2848 1254 2885 Gro-

200 2903 336 2929 novius
366 2903 448 2940 pag.
475 2904 561 2937 401.
588 2904 655 2940 pro
679 2895 812 2942 prenfhs
836 2896 941 2943 jugo,
969 2896 1054 2944 quia
1072 2898 1252 2944 temoju-

199 2954 290 2991 gum
315 2943 504 2986 continet,
528 2942 617 2980 teste
628 2943 809 2981 Varrone.
840 2946 1015 2982 adeantur
1037 2955 1163 2984 notata
1183 2958 1254 2984 no-

207 2994 273 3031 stra
300 2992 457 3031 Remed.
486 2993 638 3031 Amoris
664 2993 718 3037 ybs.
748 3005 833 3043 235.
862 2994 977 3032 IDEM.
1005 2997 1145 3043 Prensos
1176 3004 1255 3033 erat

197 3048 240 3084 i'n
264 3056 340 3081 uno
360 3044 501 3081 Moreti
516 3071 525 3087 ‚
554 3054 685 3081 temone
703 3044 828 3081 calenti
845 3056 937 3082 unus
958 3044 1111 3082 Heinfii.
1138 3046 1250 3094 impa-

200 3094 301 3131 vidos
329 3095 441 3133 etiam
470 3095 592 3132 Vatic.
619 3096 658 3133 ὃς
687 3095 827 3133 Medic.
861 3095 1013 3144 ascendit
1040 3096 1179 3134 Moret.
1206 3097 1246 3133 ὃς

199 3145 370 3183 Gronov.

252 3195 336 3234 821.
365 3195 623 3245 Prmumqua]
663 3203 861 3245 Pronusque
888 3196 1000 3236 Palat.
1030 3197 1068 3235 δι
1099 3197 1238 3246 septem

199 3244 270 3281 alii.
293 3256 490 3297 purumque
517 3248 663 3295 Junian.
683 3249 816 3285 Horat.
836 3260 864 3284 1.
888 3259 945 3296 34.
965 3258 1024 3299 per
1037 3257 1168 3299 purum
1186 3259 1238 3288 to-

200 3306 318 3334 nantes
339 3297 403 3344 egit
421 3312 531 3348 equos.
551 3299 748 3349 pariterque
767 3299 898 3337 Grono
907 3310 939 3338 v.
1207 3302 1211 3304 ’

2208 1431 2367 1489 FAB.

1363 1576 1451 1617 822.
1480 1573 1692 1627 Nemorofi.]
1724 1574 1905 1614 Nemorali
1924 1570 2199 1625 quinquelibri.
2241 1622 2248 1629 .
2319 1621 2326 1628 η

1363 1627 1447 1676 823.
1476 1635 1559 1666 Non
1588 1629 1679 1677 regia
1698 1628 1824 1678 jum]
1855 1628 1950 1676 Regi
1980 1636 2059 1662 non
2089 1623 2370 1661 convenientlaL

1312 1677 1359 1716 de
1392 1678 1515 1717 litibus
1559 1681 1661 1717 enim
1694 1680 1923 1727 privatorum
1954 1674 2154 1726 judicabat.
2191 1675 2364 1730 Remus.

1311 1729 1414 1772 Aut,
1445 1743 1514 1766 non
1534 1731 1652 1779 regia,
1676 1741 1744 1778 pro
1765 1729 1887 1767 civilia
1915 1728 1954 1766 δε
1979 1725 2166 1775 aequalia,
2193 1735 2365 1781 qui-onm-

1310 1780 1369 1817 nia
1392 1780 1458 1818 suo
1482 1781 1630 1819 arbitrio
1650 1780 1914 1824 moderantur,
1938 1777 2000 1816 sed
2022 1778 2058 1814 in
2080 1788 2156 1824 rep.
2173 1777 2211 1813 &
2236 1782 2366 1831 civita.-

1310 1831 1430 1875 tibus,
1462 1832 1607 1881 aequali
1628 1832 1711 1880 jure
1741 1833 1780 1868 &
1812 1830 1942 1869 iisdem
1969 1827 2107 1877 legibus
2139 1826 2340 1868 constitutis
2352 1851 2372 1870 „A

1311 1881 1484 1920 dicuntur
1512 1883 1690 1920 Micrtt.
1720 1882 1831 1919 Liber
1852 1891 1982 1924 meus,
2010 1877 2287 1927 Reddentemque
2298 1876 2364 1923 suo

1312 1942 1395 1969 tunc
1414 1933 1527 1982 regia..
1545 1933 1663 1982 Quod
1685 1933 1831 1970 videtur
1851 1943 1928 1969 non
1941 1927 2239 1977 improbandum.
2268 1928 2365 1964 Cae-

1309 1983 1385 2021 lest.
1412 1983 1522 2029 vero,
1553 1983 1694 2033 Regalia
1718 1985 1817 2032 jura.
1844 1978 2084 2018 Doffloribus
2106 1986 2234 2015 tamen
2260 1976 2364 2025 judi-

1311 2034 1470 2072 candum
1507 2035 1690 2082 relinquo.
1730 2033 1900 2069 CxorAN.
1936 2031 1979 2067 In
2005 2029 2171 2066 Palatino
2201 2028 2362 2072 codice,

1314 2093 1353 2121 ut
1375 2085 1414 2121 &
1435 2085 1600 2132 quodam
1617 2111 1628 2129 ,
1657 2095 1734 2133 quo
1755 2083 1836 2120 usus
1856 2082 1905 2120 est
1926 2080 2131 2125 Ciofanus,
2157 2077 2287 2128 regalia
2307 2079 2366 2128 let

1309 2135 1485 2182 gebatur,

1361 2185 1637 2235 Reddentemque
1653 2183 1715 2234 suo
1737 2184 1865 2234 regalia
1879 2183 1966 2233 jura
1988 2181 2138 2231 ¹§Quiriti

1307 2235 1415 2274 DAN.
1444 2236 1588 2274 HEms.
1616 2236 1710 2282 Jam
1731 2236 1821 2284 regia
1841 2236 1875 2273 S.
1896 2235 2025 2272 Marci.
2047 2232 2361 2280 Juret.prim.Er-'

1306 2287 1392 2324 furt.
1411 2288 1518 2335 prim.
1540 2287 1643 2324 Basil.
1664 2286 1946 2336 quatuordecim
1969 2285 2042 2322 alii.
2069 2296 2161 2320 nunc
2178 2283 2270 2332 regia
2283 2285 2359 2323 Ur-

1307 2336 1381 2374 bin.
1409 2338 1560 2376 Thnan.
1592 2338 1722 2375 Oxon.
1750 2336 1895 2375 Arond.
1925 2337 1963 2373 δε
1993 2335 2125 2383 viginti
2147 2341 2331 2382 praeterea
2345 2347 2364 2375 ε.

1309 2386 1438 2436 regalia
1458 2389 1526 2426 sec.
1546 2389 1658 2427 Palat.
1680 2389 1718 2426 &
1738 2388 1904 2437 quinque
1923 2386 1995 2425 alii.
2016 2388 2096 2436 jam
2116 2384 2207 2434 regia
2227 2385 2358 2433 placet.

1307 2440 1383 2483 Jus
1403 2441 1504 2477 enim
1528 2439 1659 2488 regium
1679 2439 1880 2477 dicebatur.
1906 2451 1946 2475 ne
1973 2438 2064 2487 regia
2086 2436 2195 2486 prim.
2216 2436 2363 2475 Moret..

1308 2490 1454 2528 Hnrns.
1482 2490 1564 2539 Ego
1587 2491 1669 2539 jam
1699 2490 1791 2539 regia
1822 2488 1997 2538 praetuli,
2023 2487 2083 2526 sed
2099 2488 2179 2542 jam
2199 2488 2357 2536 conjun-

1305 2542 1471 2589 gendum
1506 2553 1590 2580 cum
1611 2541 1675 2588 suo
1703 2550 1808 2589 puto.
1835 2541 1920 2589 quia
1949 2538 2028 2588 post
2057 2538 2162 2576 Tatii
2194 2547 2363 2576 mortem.

1307 2592 1472 2640 Quirites
1484 2621 1495 2638 ,
1523 2592 1560 2630 id
1574 2592 1622 2629 est
1634 2591 1778 2635 Sabini,
1798 2592 1835 2629 in
1848 2592 1924 2640 ejus
1938 2590 2156 2639 potestatem
2169 2587 2351 2626 conceffe·

1306 2652 1417 2687 rant„
1434 2645 1473 2681 δε
1506 2643 1555 2680 ita
1568 2643 1648 2691 jam
1671 2641 1722 2679 sui
1744 2650 1845 2680 erant
1859 2670 1869 2687 ,
1897 2649 1938 2679 ut
1956 2649 2041 2679 ante
2061 2639 2177 2679 Tatii.
2205 2638 2365 2685 Qirine,

1256 2702 1259 2703 ’
1307 2694 1420 2731 etiam
1442 2694 1519 2732 duo
1537 2694 1630 2731 libri.
1656 2690 1789 2730 Bunm.

1360 2744 1443 2791 824.
1470 2750 1535 2781 Per
1556 2742 1701 2792 aaran]
1731 2742 1799 2779 sub
1815 2756 1921 2780 auras
1943 2743 2072 2779 Oxon.

1358 2795 1443 2843 825.
1470 2800 1515 2831 Ut
1547 2792 1665 2842 lata.]
1703 2794 1757 2830 sic
1778 2793 1812 2831 S.
1836 2793 1966 2831 Marci.
1993 2803 2050 2827 ceu
2069 2789 2364 2838 Neap01.bene3.

1306 2845 1457 2933 ngzng.
1483 2892 1732 2942 Imabescere.]
1788 2891 2022 2939 Incandescere
2066 2890 2355 2939 Argentinensis.

1309 2945 1383 2982 vid.
1408 2945 1468 2984 lib.
1486 2958 1530 2982 11.
1554 2944 1638 2991 728.
1665 2943 1726 2981 sed
1746 2943 1916 2981 Priscian.
1938 2943 1995 2979 lib.
2018 2953 2072 2979 VI.
2094 2942 2131 2978 in
2154 2941 2215 2978 fin.
2236 2944 2358 2983 &1ib.

1309 3007 1381 3032 vu.
1408 3008 1443 3044 p.
1473 3007 1557 3042 750.
1588 2993 1760 3037 adducit,
1799 3001 1839 3030 ut
1869 2992 1981 3042 vulgo
2008 2991 2151 3040 legitur.
2179 2992 2355 3042 liquefieri:
2417 2993 2422 2999 '

1305 3044 1398 3082 dixit
1419 3047 1568 3082 Lucret.
1589 3057 1643 3082 vr.
1672 3044 1752 3089 178.
1780 3042 1915 3081 Euam.

1352 3095 1434 3133 828.
1464 3095 1609 3143 Dignior
1626 3094 1668 3141 est
1681 3093 1837 3143 walin]
1868 3092 2103 3142 Aliilegunt,
2130 3093 2358 3142 Etpulvinaa

1298 3145 1394 3183 ribus
1411 3147 1494 3182 altis
1516 3146 1660 3193 Dignior
1669 3145 1734 3191 est,
1764 3144 1878 3193 qualis
1900 3143 2051 3181 trabeati
2062 3144 2182 3191 forma
2199 3144 2362 3191 Qirini,

1295 3205 1337 3235 ut
1368 3197 1410 3234 fit
1428 3196 1568 3239 sensus,
1600 3196 1711 3233 talem
1734 3204 1822 3233 tunc
1847 3193 2068 3243 apparuifl'e,
2098 3194 2212 3243 qualis
2232 3195 2356 3243 postea

1294 3249 1371 3296 ejus
1401 3249 1526 3296 imago
1558 3255 1620 3284 aut
1653 3246 1815 3293 effigies,
1859 3257 1944 3283 curn
1965 3245 2111 3288 trabea,
2139 3244 2213 3282 five
2234 3245 2356 3285 trabea

1291 3299 1411 3338 induti
1433 3327 1444 3346 ‚
1485 3299 1588 3348 pingi
1623 3309 1666 3336 ac
1698 3296 1788 3347 fingi
1823 3296 2027 3349 consuevit.
2072 3296 2250 3336 chrit.
2284 3296 2356 3353 pis

2231 3359 2362 3396 gmvr,
