2483 3616
359 143 1568 224 METAMORPHOSEON
1642 166 1973 223 Lus-XM.

2120 166 2215 233 843

363 278 680 333 Tentemus.
707 282 1002 355 capuloque
1029 295 1180 337 tenus
1206 283 1412 338 demifit
1436 283 1490 336 in
1518 298 1690 337 armos

363 349 851 432 Ensemofatiferum
881 373 892 407 :
930 373 1251 428 caecamque
1274 357 1330 410 in
1357 356 1553 409 viscera
1581 353 1779 412 movit,

356 421 708 504 Yersavltque
735 443 950 481 manum
976 446 987 481 :
1028 430 1322 499 vulnusque
1346 428 1401 480 in
1423 428 1640 480 vulnere
1665 425 1810 479 fecit.

358 491 506 547 Ecce
533 510 693 551 ruunt
717 497 856 553 vasto
882 500 1050 553 rabidi
1076 501 1308 554 clamore
1335 498 1653 552 bimembres
1678 517 1689 551 :

215 583 316 634 495
355 564 600 639 Telaque
626 570 679 623 in
703 570 845 625 hunc
871 590 1057 626 omnes
1081 580 1247 627 unum
1276 571 1605 641 mittuntque
1634 570 1937 641 feruntque.

361 637 499 691 Tela
524 642 694 695 retusa
718 644 930 698 cadunt.
971 659 1149 699 manet
1174 640 1506 716 imperfoffus
1528 641 1592 695 ab
1617 642 1793 704 omni,

356 709 520 794 Inque
547 727 850 769 cruentatus
875 716 1118 770 Caeneus
1146 717 1381 770 Elateius
1407 713 1530 768 ἰξὶιι.

354 781 575 839 Fecerat
601 788 857 841 attonitos
881 805 1019 856 nova
1046 806 1142 842 res.
1182 788 1314 841 Heu
1340 787 1574 841 dedecus
1598 784 1805 855 ingens!

355 854 661 929 Monychus
688 860 948 914 exclamat
976 878 986 912 :
1027 861 1251 930 populus
1278 860 1581 930 superamur
1606 858 1669 911 ab
1697 872 1837 918 un0‚

213 943 315 994 500
355 926 574 1002 Vixque
601 932 731 985 viro,
757 948 1079 1004 quamquam
1105 933 1189 986 ille
1214 932 1294 985 vir
1319 932 1393 985 est
1418 950 1429 985 :
1468 949 1564 986 nos
1589 928 1831 999 segnibus
1863 924 2021 989 affis,

321 1029 323 1031 ·
355 1001 524 1074 Quod
549 1002 650 1056 fuit
676 1003 790 1067 ille,
825 1005 1019 1058 sumus.
1044 1003 1175 1074 quid
1202 1004 1438 1057 membra
1464 1002 1710 1057 immania
1735 998 1983 1070 prosunt?

357 1074 507 1146 Quid
533 1074 775 1145 geminae
799 1076 936 1130 vires
962 1077 978 1128 ?
1019 1075 1151 1145 quid
1182 1075 1199 1126 ἓ
1239 1076 1389 1148 quod
1416 1074 1693 1129 fortissima
1719 1088 1900 1126 rerum

358 1146 417 1199 In
443 1147 593 1200 nobis
617 1163 800 1202 natura
825 1148 1024 1219 duplex
1048 1148 1285 1201 animalia
1306 1147 1512 1216 junxit?

355 1218 473 1300 Nec
503 1236 598 1272 nos
624 1232 790 1274 matre
816 1220 961 1284 Dea,
1004 1237 1102 1273 nec
1128 1237 1223 1273 nos
1248 1218 1429 1272 Ixione
1454 1232 1604 1272 natos

212 1305 314 1361 505
357 1289 475 1343 leffe
501 1308 654 1352 reor;
693 1293 785 1364 qui
810 1306 983 1347 tantus
1009 1304 1147 1355 erat,
1177 1291 1401 1362 Junonis
1428 1304 1486 1346 ut
1513 1293 1645 1344 altae

355 1362 518 1434 Spem
545 1379 775 1434 caperet.
800 1383 898 1419 nos
921 1364 1182 1419 semimari
1206 1364 1512 1435 superamur
1540 1363 1603 1417 ab
1629 1361 1792 1416 hoste.

355 1434 516 1497 Saxa,
554 1435 836 1509 trabesque
863 1438 1043 1509 super,
1078 1449 1328 1508 totosque
1353 1436 1608 1490 involvite
1633 1446 1869 1488 montes:

357 1506 729 1588 Vivacemque
755 1510 980 1563 animam
1009 1507 1169 1563 miflis
1195 1508 1377 1563 elidite
1403 1507 1552 1561 silvis,

357 1578 496 1660 Silva
523 1594 728 1651 premat
755 1581 931 1636 fauces
957 1600 969 1635 ;
1012 1582 1066 1634 &
1095 1581 1196 1635 erit
1224 1598 1324 1653 pro
1347 1580 1565 1634 vulnere
1588 1579 1815 1653 pondus.

214 1668 314 1719 510
351 1649 506 1707 Dixit
534 1669 545 1706 :
588 1651 641 1707 δε
667 1653 829 1708 insani
855 1653 1113 1726 dejectam
1135 1652 1332 1710 viribus
1363 1650 1545 1708 Austri

117 1864 201 1921 487.
227 1863 336 1921 Plaga
347 1863 442 1911 facit
457 1864 641 1915 gemitus]
672 1865 780 1904 Dedit
795 1865 943 1916 gemitus
961 1866 1107 1906 Arond.

59 1918 156 1963 satit
169 1916 303 1962 fimttus
324 1915 494 1953 Francos.
516 1917 554 1953 &
570 1925 640 1954 tres
661 1917 733 1955 alii.

120 1964 206 2009 487.
234 1971 274 2000 In
303 1975 428 2014 corpore
449 1966 633 2004 marmoris
651 1966 750 2017 itti]
788 1974 832 2005 Ut
851 1977 977 2018 corpore
998 1955 1107 2017 pluri-

2076 1717 2206 1774 For-

1212 1867 1298 1915 496.
1324 1863 1489 1914 Retufa.]
1519 1863 1654 1912 Recuffiz
1673 1862 1731 1900 vel
1758 1859 1896 1907 retunsa
1916 1855 2211 1906 Gronov.repul-

1153 1918 1198 1968 sa
1219 1918 1292 1957 sex.
1311 1926 1351 1956 ut
1371 1918 1462 1966 supr.
1484 1915 1531 1953 vs.
1557 1927 1636 1961 124.
1664 1913 1788 1960 recussa
1809 1911 1867 1949 sex
1889 1911 1960 1947 alii.

1211 1982 1312 2026 4993
1340 1965 1576 2017 Superamur.]
1621 1971 1820 2011 superemur
1858 1962 2130 2008 ergermann.
2168 1957 2208 1993 &

71 2013 125 2051 mi
148 2020 298 2050 veteres.
319 2015 356 2051 &
377 2015 486 2052 reete.
504 2016 571 2053 nifi
588 2017 691 2066 quod
708 2018 806 2056 malo
829 2030 913 2056 cum
935 2020 1108 2057 Aronde·
1163 2027 1234 2058 tres
1253 2021 1311 2057 ali1
1325 2047 1336 2063 ,
1363 2030 1426 2067 per
1447 2016 1789 2064 interrogationem.
1817 2012 1957 2048 Hms.

72 2063 173 2101 liano
200 2063 238 2099 &
257 2062 392 2110 septem
412 2064 486 2102 aliis
499 2092 510 2108 ,
537 2079 592 2103 ceu
612 2076 760 2117 corpore,
789 2069 865 2107 vid.
880 2082 943 2106 111.
957 2070 1110 2108 Trist.x.

71 2124 132 2169 47.
156 2111 260 2150 versu
281 2114 467 2160 proximo,
485 2114 624 2162 diffiluit
647 2130 712 2167 pro
732 2119 862 2166 diffiliit
881 2131 965 2158 cum
979 2121 1111 2158 melio-

74 2163 182 2201 ribus.
210 2163 356 2200 Hrms.

122 2213 209 2261 489.
236 2212 428 2262 Miranti]
459 2212 649 2253 Minitanti
666 2218 846 2260 Barberin.

121 2275 207 2312 492.
237 2270 278 2299 In
295 2263 425 2310 viscera
445 2265 588 2313 movit.]
617 2268 746 2307 Malim
761 2299 771 2314 ‚
798 2272 837 2308 in
848 2271 1112 2322 visceraquan-

73 2325 186 2364 quam
204 2313 304 2350 aliter
320 2314 450 2361 scripti.
474 2325 564 2351 unus
583 2324 707 2355 tamen
721 2320 842 2358 vatic.
860 2324 1000 2361 &unus
1013 2323 1114 2361 ssafil.

77 2365 206 2402 condit.
225 2372 264 2401 ut
282 2364 305 2400 1.
328 2376 387 2400 xv.
415 2363 474 2400 88.

125 2422 201 2452 Heu
220 2423 395 2463 quantum
408 2414 514 2461 scelus
533 2414 576 2462 est
595 2415 633 2450 in
650 2416 780 2462 viscera
802 2419 932 2465 vifiera
953 2421 1061 2457 condi.

73 2466 189 2554 IpIaulo
217 2473 326 2509 ante,
363 2462 517 2513 dimifit‚
556 2477 632 2502 non
668 2466 800 2515 demtfit
828 2469 1113 2516 praestantiores.

119 2529 219 2554 ems.

123 2579 207 2615 494.
235 2566 358 2615 Rapidi
380 2565 523 2603 clamore
542 2566 781 2617 bimembres.]
813 2569 852 2606 ln
875 2568 996 2606 multis
1011 2596 1021 2610 ‚
1047 2578 1116 2605 tre-

71 2617 156 2668 picti.
178 2617 417 2666 prim.Vatic.
431 2616 541 2665 rapidi
559 2617 600 2653 de
611 2630 711 2653 more.
725 2621 829 2665 prim.
841 2620 1112 2667 Hamburg.ra-

78 2667 152 2705 bidi
174 2668 214 2704 de
231 2680 332 2704 more.
360 2668 461 2715 quod
481 2668 607 2715 placet.
653 2669 766 2705 luem.
794 2675 847 2705 De
867 2683 956 2706 more
976 2669 1112 2718 aliquid

76 2719 197 2756 facere
227 2718 329 2765 saepe
352 2719 532 2761 occurrit,
559 2717 618 2755 sed
639 2718 766 2756 dubito
784 2730 827 2756 an
848 2720 944 2756 redte
964 2720 1004 2754 de
1023 2733 1113 2755 more

79 2768 174 2814 vasto
205 2768 364 2809 dicatur,
403 2779 488 2803 cum
519 2768 708 2815 epitheton
739 2770 826 2807 illud
849 2769 990 2814 vastus,
1016 2770 1112 2806 reete

81 2817 223 2854 clamori
257 2819 294 2854 &
330 2817 500 2855 similibus
526 2819 711 2866 jungatur.
744 2819 792 2856 ita
821 2820 936 2866 vastas
964 2819 1115 2856 latratus

81 2867 269 2906 Columel.
301 2879 371 2904 vu.
406 2879 459 2904 12.
487 2870 524 2904 ὅ(
558 2868 702 2914 vastitas
723 2870 813 2906 vocis
845 2883 874 2907 1.
895 2886 928 2908 ω.
956 2870 1005 2907 ita
1023 2869 1116 2916 vaste

82 2918 189 2956 dicere
208 2917 378 2955 Ciceroni
402 2918 440 2954 &
458 2918 544 2956 aliis.
573 2919 630 2956 Sic
640 2919 777 2966 vastum
791 2933 964 2964 murmur,
985 2921 1028 2957 de
1042 2933 1118 2969 quo

80 2969 126 3006 ad
148 2968 228 3006 Val.
251 2967 344 3005 Flac.
366 2979 428 3003 111.
452 2967 532 3015 588.
561 2970 597 3006 δε
629 2969 794 3018 impetum
814 2972 951 3016 vastum
972 2971 1117 3008 illustra-

83 3019 204 3057 vimus
221 3019 313 3066 supr.
343 3017 387 3055 ad
405 3016 465 3055 lib.
486 3030 575 3057 vm.
605 3030 688 3068 359.
719 3021 856 3058 Vici&
874 3020 1120 3070 achuinetil.

82 3079 137 3108 xx.
157 3081 189 3119 3.
216 3069 346 3106 Euam.

132 3132 216 3168 495.
247 3119 467 3167 Mittuntque
484 3119 716 3170 feruntque]
749 3120 903 3158 Mittunt
918 3122 1122 3170 feriuntque

79 3180 215 3218 magno
242 3181 397 3208 numero
427 3169 582 3207 codices.
619 3170 836 3218 mittuntque
864 3182 1038 3220 ruuntque
1058 3176 1122 3209 ra-

77 3218 137 3305 lgr.
172 3229 380 3271 vertuntque
390 3220 581 3271 feruntque
601 3220 740 3273 Medic,
759 3221 909 3258 mittunt
921 3221 1122 3272 serrentque

117 3279 230 3309 onon.

1218 2083 1301 2118 500.
1330 2070 1460 2120 Vixque
1477 2066 1592 2116 virm]
1623 2065 1752 2113 Vixque
1765 2061 1864 2098 *mari
1884 2071 1974 2097 unus
1994 2054 2148 2094 Heinfii.
2168 2054 2207 2090 &

1167 2129 1295 2162 contra
1316 2131 1408 2156 mox
1432 2118 1481 2155 vs.
1504 2118 1585 2166 506.
1599 2114 1765 2164 semiviro
1785 2119 1942 2160 quatuor
1961 2107 2077 2154 scripti
2093 2107 2207 2154 segm-

1167 2170 1229 2208 bus
1246 2169 1350 2213 hastis
1372 2169 1482 2206 Palat.
1502 2178 1606 2205 unus.
1824 2210 1829 2214 .
2104 2205 2110 2210 .

1221 2234 1304 2270 501.
1370 2217 1544 2266 uodfuit.]
1565 2219 1665 2264 {Quae
1674 2213 1750 2261 fuit
1763 2207 1949 2248 Leidenlis
1960 2217 2063 2243 unus.
2076 2203 2148 2241 vid.
2162 2202 2208 2240 ad

1166 2272 1320 2310 Phaedr.
1341 2281 1377 2307 v.
1397 2269 1480 2306 Fab.
1504 2279 1559 2304 10.
1976 2306 1982 2312 .

1220 2334 1304 2370 502.
1331 2324 1377 2354 Et
1406 2317 1496 2367 quod
1516 2313 1698 2362 fortissima
1725 2308 1878 2357 rerum]
1908 2306 2007 2355 &guid
2029 2304 2118 2355 quod
2136 2304 2209 2341 Ca-

1165 2372 1312 2408 landrae
1333 2368 1452 2405 codex
1473 2368 1510 2403 &
1530 2374 1685 2411 quatuor
1708 2373 1752 2397 ex
1770 2360 2008 2397 nostris.mox
2022 2383 2032 2398 ‚
2064 2361 2205 2390 Natura

1166 2421 1290 2467 duplex
1309 2429 1393 2455 cum
1413 2417 1516 2463 prim.
1539 2416 1630 2460 Reg.
1654 2414 1690 2448 ὃς
1711 2411 1786 2447 aliis
1805 2410 1927 2447 tribus.
1955 2407 2160 2443 HHNSxUS.

1224 2491 1306 2525 505.
1334 2478 1404 2524 Effe
1418 2475 1529 2524 reon]
1559 2481 1644 2510 Rear
1663 2473 1858 2519 Langerm.

1223 2540 1305 2574 505.
1332 2525 1489 2571 Junonis
1518 2534 1557 2560 ut
1579 2524 1672 2559 altae
1692 2528 1786 2571 Spem
1807 2520 1972 2571 caperet.]
2012 2520 2133 2569 Hujus
2154 2521 2207 2557 rei

1171 2577 1345 2616 meminit
1365 2575 1532 2613 Tibullus
1552 2575 1645 2611 libro
1665 2573 1785 2621 primo
1808 2585 1815 2609 :
1846 2572 1899 2609 El.
1921 2584 1951 2609 1.
1975 2582 2034 2620 73.

1272 2638 1347 2676 illic
1369 2638 1549 2683 Junonem
1569 2647 1701 2673 tentare
1722 2635 1846 2672 Ixionis
1866 2633 1942 2683 ausi

1321 2689 1506 2737 Versantur
1524 2687 1619 2723 celeri
1638 2686 1741 2723 noxia
1758 2685 1911 2722 membra
1934 2694 2022 2722 rota.

1170 2753 1346 2790 Meminit
1385 2752 1423 2789 &
1465 2751 1637 2789 Pindarus
1665 2750 1703 2787 in
1730 2750 1868 2798 Pythiis
1889 2776 1900 2794 ,
1946 2751 1984 2787 ὃ(
2020 2750 2206 2798 Hyginus.

1171 2803 1269 2840 C101=
1280 2816 1347 2841 AN.

1223 2879 1306 2915 507.
1333 2871 1492 2917 Totosque
1512 2864 1724 2914 involvite]
1760 2868 1939 2913 Tortosque
1968 2862 2042 2901 duo
2068 2863 2208 2900 Medic.

1173 2918 1324 2954 evolvite
1343 2925 1423 2955 tert.
1443 2919 1480 2954 &
1503 2916 1646 2964 Sprotii.

1230 2981 1310 3016 510.
1357 2967 1488 3015 Insanis
1518 2968 1682 3014 dejet‘iam
1715 2964 1849 3001 viribus
1885 2961 2048 3011 Aufert]
2091 2962 2208 3010 Insani

1179 3020 1297 3067 Neap.
1320 3017 1498 3055 Arondel.
1519 3018 1623 3064 prim.
1645 3015 1716 3052 Bas.
1727 3014 1794 3051 sec.
1808 3014 1877 3051 Pal.
1892 3012 2208 3050 &multialii.dis-

1170 3070 1299 3118 jetram
1322 3070 1424 3117 prim.
1437 3066 1508 3104 Pal.
1519 3068 1556 3104 ὅ(
1572 3066 1707 3103 Medic.
1719 3066 1922 3102 chartaceus
1936 3075 2019 3100 cum
2030 3063 2104 3099 aliis
2118 3061 2214 3099 duo-

1179 3122 1253 3157 bus.
1288 3119 1452 3164 defectam
1482 3119 1644 3165 quinque
1672 3127 1717 3152 ex
1746 3113 2007 3152 vetustioribus.
2042 3112 2212 3160 direptam

1177 3172 1282 3219 prim.
1306 3168 1405 3206 Basil.
1424 3168 1601 3204 Arondel.
1620 3175 1689 3203 tres
1709 3165 1778 3202 alii.
1816 3165 2023 3202 Hzmsius.
2050 3162 2215 3211 dejetlam

1177 3232 1254 3258 non
1276 3217 1345 3258 effe
1366 3217 1597 3257 movendum
1620 3216 1831 3254 docebimus
1849 3214 1895 3254 ad
1917 3214 2000 3253 Val.
2018 3213 2218 3251 Flac.vu1.

1177 3270 1262 3318 289.

1448 3319 1682 3368 000003
2049 3324 2132 3364 511.
2162 3317 2233 3351 Va-
