2483 3616
263 179 1502 246 METAM·ORPHOSEON
1576 181 1872 239 L1ss.vl1.

2049 197 2147 252 517
2221 170 2227 175 ’

311 288 440 360 Quo
465 285 684 358 propior
712 282 933 357 quisque
959 281 1033 337 est
1049 323 1064 347 ‚
1100 283 1365 356 servitque
1390 280 1598 336 fidelius
1624 296 1819 352 aegro3

309 360 366 414 In
389 371 596 431 partem
622 357 713 412 leti
739 357 894 410 citius
918 356 1081 410 venit.
1118 369 1285 429 utque
1310 355 1482 409 salutis

165 436 263 502 565
302 433 429 503 Spes
457 431 585 485 abiit
604 471 617 493 ,
658 430 931 502 finemque
954 429 1142 483 vident
1168 430 1222 482 in
1247 427 1434 481 funere
1463 425 1673 490 morbi;

304 503 588 575 Indulgent
615 503 826 558 animis:
869 501 926 555 &
951 503 1090 555 nulla
1108 547 1119 565 ‚
1160 499 1291 573 quid
1318 500 1475 564 utile,
1514 518 1639 553 cura
1663 498 1764 553 est:

307 575 456 630 Utile
483 577 627 631 enim
654 576 786 630 nibil
808 573 897 629 est.
937 573 1151 646 passim,
1184 572 1465 646 positoque
1488 572 1729 644 pudore,

304 648 593 716 Fontibu8‚
632 649 687 702 &
716 647 920 715 sluvii3‚
958 648 1237 720 puteisque
1266 645 1541 717 capacibus
1570 645 1819 698 haerent:

305 722 422 775 Nee
449 722 594 794 prius
619 721 694 776 est
717 719 967 775 exstin&a
994 719 1124 783 sitis,
1160 736 1320 791 quam
1341 719 1476 781 vita,
1511 716 1764 771 bibendo.

174 812 273 862 570
311 793 441 848 Inde
468 812 654 865 graves
682 793 835 848 multi
859 806 1135 864 nequeunt
1161 792 1510 863 consurgere3
1554 791 1609 844 &
1634 789 1752 861 ipsis

314 866 696 921 Immoriuntur
723 866 896 939 aquis:
935 866 1060 918 alius
1087 879 1264 919 tamen
1294 863 1466 919 haurit
1492 862 1546 917 &
1570 864 1697 922 illas,

307 938 596 1013 Tantaque
620 940 739 993 sunt
771 937 971 992 miseris
994 937 1144 990 invisi
1167 937 1338 991 taedia
1363 936 1512 1001 leffi3

308 1012 618 1067 Prosiliunt:
660 1024 777 1074 aut,
814 1009 852 1063 fi
878 1008 1165 1081 prohibent
1191 1009 1471 1063 consistere
1496 1009 1632 1063 vires
1651 1048 1667 1072 ‚

308 1085 556 1157 Corpora
583 1085 878 1139 devolvunt
908 1083 963 1135 in
987 1082 1236 1144 humum,
1274 1081 1594 1153 fugiuntque
1619 1093 1840 1152 penates

161 1169 267 1227 '575’
305 1158 548 1229 Quisque
573 1157 718 1211 suos:
760 1156 846 1210 sua
873 1156 1067 1227 cuique
1091 1154 1286 1208 domus
1311 1153 1512 1208 funesta
1535 1154 1763 1209 videtur.

314 1231 386 1285 Et
414 1230 538 1304 quia
561 1228 729 1284 cauffa
754 1231 911 1292 latet,
949 1229 1098 1282 locus
1123 1226 1199 1282 est
1222 1227 1278 1281 in
1302 1227 1541 1283 crimine.
1580 1227 1722 1281 notis

28 1442 37 1449 '
52 1455 160 1531 ffggo.
186 1447 289 1479 Dura
303 1441 365 1490 sed
385 1440 423 1478 in
444 1439 574 1490 terrm]
604 1440 676 1478 Pro
690 1441 740 1488 τῷ
761 1440 851 1476 dura
865 1438 1066 1488 legendum

29 1505 50 1532 e
65 1503 97 1531 ‘e
117 1494 212 1530 nuda
233 1502 426 1531 contextus
445 1493 567 1530 docet.
589 1492 681 1529 haec
701 1491 765 1529 etsi
784 1492 881 1529 levia
902 1492 941 1528 in
962 1502 1068 1528 rnen·

28 1553 102 1582 tem
127 1545 217 1582 mihi
239 1553 415 1581 revocant
430 1543 572 1586 locum,
592 1544 799 1593 quilegitur
819 1542 880 1581 lib.
893 1553 921 1579 Ι.
935 1543 1068 1580 Amor.

29 1594 87 1633 El.
110 1607 142 1631 2.
171 1596 229 1631 De
244 1594 427 1641 Cupidine
447 1595 631 1643 loquitur:

81 1645 146 1682 His
167 1655 207 1680 tu
229 1643 398 1681 militibus
409 1645 546 1694 superas
569 1644 786 1694 hominesque
807 1643 966 1692 deestque,

131 1702 222 1731 Haec
241 1695 305 1731 tibi
317 1693 351 1743 fi
366 1694 483 1731 demas
504 1696 677 1732 commoda
692 1723 702 1738 ‚
730 1695 845 1731 nudus
867 1694 942 1730 eris.

29 1745 94 1784 Nil
112 1746 202 1782 novi
227 1773 238 1789 ‚
274 1745 300 1781 fi
332 1744 445 1781 nudus
468 1760 575 1782 amor.
601 1758 712 1795 quare
739 1745 937 1794 legendum
961 1743 1071 1792 suspiae

1993 1298 2169 1355 Sema-

1173 1437 1288 1475 Multi
1308 1437 1500 1488 praecipites
1520 1436 1668 1487 lymphis
1683 1435 1879 1487 putealibus
1897 1434 1970 1472 αἰεὶ

1174 1489 1376 1526 inciderunt
1396 1490 1461 1538 ipfh
1480 1490 1652 1526 venientes
1675 1501 1728 1524 ore
1746 1498 1896 1538 patente.

1123 1542 1216 1589 Quo
1237 1541 1324 1578 loco
1349 1542 1440 1578 haec
1457 1549 1562 1577 notat
1583 1552 1630 1577 ex
1648 1539 1874 1588 Thucydide
1896 1538 1952 1576 vir
1966 1536 2105 1576 doffiff.
2118 1537 2172 1576 D;

1126 1591 1343 1629 Lambinus:
1361 1591 1512 1633 ἤδιςάτε
1525 1592 1568 1633 ἐς
1581 1590 1664 1635 &Scep
1677 1590 1817 1636 ψυχρὸν
1835 1590 1934 1635 σφᾶς
1946 1590 2073 1631 αὐτοὺς
2095 1587 2174 1633 ῥίπ-

1123 1645 1282 1680 τειν-,καῖ
1304 1644 1463 1685 πολλοὶ,
1485 1643 1557 1680 &c.
1581 1644 1617 1679 ὅ(
1640 1653 1753 1685 mOX,
1783 1643 1843 1678 καὶ
1866 1638 1914 1682 εἷς
1927 1640 2092 1686 <Deficere-u,
2124 1641 2170 1684 τῇ

1123 1693 1212 1737 δίψῃ
1241 1688 1393 1739 ainau-qap
1422 1694 1659 1738 συνεχόμενοι.
1715 1693 1756 1730 ld
1789 1692 1861 1736 est,
1889 1688 2103 1738 libentiffime
2132 1689 2172 1724 in

1125 1757 1256 1794 aquam
1270 1743 1443 1792 frigidam
1451 1742 1822 1800 fhipfhsponjiciebant,
1834 1742 1924 1782 &in
1939 1751 2056 1790 puteos
2066 1738 2175 1776 multi

0 1823 3 1831 „
31 1808 115 1840 cor,
143 1795 259 1832 nullus
281 1795 356 1832 eris.
383 1797 616 1844 oppositione
647 1797 790 1834 fortiori
812 1797 850 1833 ὃς
872 1795 986 1843 phrasi
1016 1796 1073 1831 O·
1119 1797 1158 1844 se
1179 1794 1376 1843 praecipites
1399 1804 1538 1842 egerunt
1568 1793 1761 1843 inexplebili
1788 1792 1851 1842 firi
1877 1792 2032 1829 cruciati.
2059 1791 2176 1828 Ειοιτο

2 1859 3 1886 l
31 1847 186 1884 vidiana.
206 1846 253 1883 fic
269 1846 328 1883 lib.
346 1858 399 1884 Χῖ.
419 1849 512 1884 Met.
526 1848 608 1896 580.
636 1853 767 1898 Proque
784 1846 860 1883 viro
875 1874 885 1890 ‚
912 1845 972 1896 qui
993 1844 1074 1881 nul-

4 1930 5 1936 ,
33 1896 86 1933 lus
105 1907 189 1933 erat.
212 1899 249 1934 &
269 1896 354 1945 683.
396 1897 496 1934 nulla
525 1899 568 1946 est
598 1897 795 1947 Halcyone,
825 1895 923 1933 nulla
945 1895 998 1943 est.
1026 1895 1075 1933 fic

4 1962 5 1985 l
32 1946 148 1984 nullus
181 1947 262 1994 sum
289 1948 415 1996 passim
447 1950 544 1998 apud
578 1949 767 1987 Cornicos.
821 1949 1076 1985 Senzppnnus

1131 1846 1173 1882 In
1187 1844 1445 1894 Argentinenfi
1468 1853 1566 1888 erat,
1595 1856 1662 1893 pro
1690 1843 1832 1881 haerent
1852 1871 1863 1887 ,
1889 1843 2046 1892 implent;
2060 1849 2101 1879 ut
2128 1840 2176 1878 ad

1131 1895 1227 1933 sitim
1251 1897 1448 1939 referatur,
1476 1907 1571 1945 quae
1594 1896 1775 1945 sequitur:
1801 1894 1863 1932 sed
1886 1894 1961 1931 hoc
1987 1905 2065 1930 non
2095 1891 2176 1929 satis

1138 1947 1358 1992 commode,
1368 1958 1490 1995 neque
1504 1946 1618 1984 video
1631 1974 1642 1991 ‚
1655 1959 1718 1984 cur
1730 1955 1819 1987 tunc
1830 1946 1925 1982 dicat
1941 1971 1949 1985 ,
1959 1942 2178 1993 pofitopudo-

31 1998 127 2046 apud
146 1998 247 2036 Fabr.
274 1998 336 2035 lib.
358 2010 404 2036 11.
427 2000 494 2048 Ep.
528 2012 588 2047 71.
617 2000 707 2037 dura
729 2011 807 2036 non
826 1998 1077 2040 movendum
1135 2012 1191 2041 re,
1217 1999 1298 2047 quis
1327 1999 1427 2035 enim
1454 1997 1573 2046 pudor
1608 1997 1761 2045 implere
1795 1996 1890 2033 fitim
1927 2007 1973 2031 ex
2012 1993 2193 2031 fontibus·

33 2059 120 2085 nam
139 2057 245 2086 antea
265 2048 357 2086 dixit
375 2050 506 2098 viscera
525 2051 647 2088 torreri
667 2079 679 2096 ‚
705 2050 792 2088 inde
812 2050 900 2089 dura
920 2048 1014 2087 ferdia
1040 2049 1080 2086 &
1135 2051 1172 2086 &
1197 2047 1343 2086 fluviis?
1371 2048 1432 2085 sed
1463 2050 1549 2097 quia
1581 2047 1766 2096 praeceffit
1804 2045 1986 2093 indulgent
2014 2043 2145 2079 animis
2165 2069 2178 2086 ,

8 2128 9 2134 ,
35 2099 148 2135 arida.

1134 2092 1339 2148 poffet'hic
1371 2099 1512 2135 haerent
1541 2098 1587 2135 de
1619 2096 1866 2146 amplexibus,
1898 2094 2034 2150 &ipso
2062 2094 2175 2130 etiam

90 2149 174 2196 56¹·
204 2153 243 2184 In
262 2148 343 2196 ipsos
360 2149 567 2201 medentess]
598 2151 725 2189 Senec.
747 2150 912 2200 Oedipo,
933 2149 1081 2187 Cadunt
1138 2152 1242 2188 coitu
1263 2150 1367 2198 capi,
1394 2150 1453 2187 cui
1473 2148 1616 2191 miseri,
1654 2149 1845 2197 postquam
1870 2156 1991 2182 omnis
2017 2143 2092 2191 spes
2125 2142 2178 2179 sa-

10 2222 11 2234 i
38 2197 221 2235 medentes.
249 2199 462 2238 C10FANUS.

89 2249 170 2296 564.
199 2253 320 2304 Atque
334 2248 473 2296 salutis.
493 2250 511 2299 ἶ
563 2251 679 2290 Aliter
707 2253 745 2290 in
768 2251 1007 2301 quibusdam,
1037 2252 1077 2290 δί

12 2298 182 2352 {fortasse
211 2299 365 2342 restius,
409 2310 514 2349 utque
526 2302 663 2349 salutis.
691 2304 880 2340 NAUGER.
918 2303 1076 2347 Melius,

13 2349 139 2398 *Aquod
171 2348 321 2394 Aldini,
350 2352 388 2388 &
406 2351 489 2394 alii,
516 2362 619 2399 utque
641 2353 769 2399 salutis
797 2359 870 2402 Spes
897 2352 1007 2396 abiit,
1029 2353 1076 2399 fi-

14 2407 16 2453 l
40 2411 184 2448 nemque
200 2398 324 2436 vident
352 2401 392 2438 in
410 2403 537 2447 funere
566 2403 696 2445 morbi;
726 2403 909 2450 Indulgent
935 2404 1078 2440 animis.

16 2465 17 2490 1
39 2449 142 2488 DAN.
167 2451 374 2489 Huiusms.
428 2457 537 2500 thue
566 2463 651 2489 cum
674 2453 891 2490 Florentino
916 2453 951 2490 S.
975 2454 1080 2489 Mar-

17 2500 74 2538 ,ci
98 2529 108 2544 ‚
145 2502 265 2549 primo
297 2502 418 2540 Vatic.
455 2501 677 2540 Calandrino
699 2530 712 2547 ,
757 2502 905 2551 aliisque
942 2502 1080 2541 multis.

42 2550 252 2589 Hzmsms.

20 2641 21 2646 ,
93 2603 174 2651 ςὸς.
204 2609 246 2639 ln
256 2602 420 2653 sunem]
448 2609 541 2641 Cum
556 2604 675 2646 funere
692 2604 841 2641 Lovan⁷
1016 2625 1028 2633 κ

92 2654 173 2700 566.
202 2658 247 2689 Et
269 2654 370 2690 nulla
384 2682 394 2697 ‚
423 2654 508 2702 quid
519 2653 617 2699 utile,
633 2667 715 2690 cura
737 2653 817 2702 effi]
846 2657 893 2690 Et
904 2666 986 2690 cura
996 2653 1082 2704 quid

21 2702 23 2730 ἶ
44 2702 149 2748 mile,
178 2704 267 2741 nulli
289 2705 331 2751 est
350 2705 481 2743 reffius
492 2705 618 2742 tertius
630 2705 836 2742 Mediceus.
863 2705 1082 2742 Hssmsrus,

48 2752 133 2791 Vid.
155 2755 247 2803 supr.
267 2767 350 2803 454.

96 2805 178 2851 567.
205 2805 327 2851 Paffim
340 2805 507 2855 pofitoque
525 2804 691 2855 pucina]
723 2806 825 2843 Nota
844 2805 1081 2854 con-iunetio-

47 2863 134 2890 nem
165 2856 409 2902 copulativam
438 2858 531 2895 inter
562 2857 777 2894 adverbium
811 2869 853 2894 ac
879 2857 1079 2893 ablativum

48 2904 225 2951 regimine
253 2904 423 2943 solutum.
449 2908 486 2944 ὃς
528 2907 612 2945 vide
639 2919 729 2944 num
761 2907 918 2956 septimo
947 2906 1080 2944 deinde

51 2953 152 2991 versu
173 2952 335 3000 confistere
360 2957 517 3004 capiatur
546 2970 612 3006 pro
639 2958 774 2995 exilire.
829 2958 1082 2995 GLAREANus.

53 3002 270 3049 Copulativa
293 3018 355 3054 que
372 3006 467 3042 re&
477 3009 622 3054 ponitur
636 3021 645 3045 ε
657 3007 952 3056 distinguendum
966 3009 1083 3053 enirn,

27 3073 30 3076 ·
47 3053 165 3101 paffim
178 3082 188 3098 ‚
211 3053 377 3105 positoque
392 3056 515 3103 pudore
535 3057 812 3103 Fontibusycy‘c.
841 3059 977 3108 ubique
996 3060 1084 3096 hae-

52 3112 156 3146 rent,
183 3105 290 3141 etiam
315 3104 360 3142 ad
381 3107 501 3142 fontes
518 3108 553 3142 ὃ(
578 3108 720 3146 fluvios.
748 3109 876 3146 Eunu.

107 3153 187 3198 568.
215 3154 376 3191 Fontibus
396 3155 574 3205 &fluviis
587 3184 597 3200 ‚
621 3159 792 3210 puteisque
813 3157 988 3208 capacibus
1006 3158 1088 3196 hae⁴

53 3205 166 3248 metz]
198 3203 412 3242 Lucret.lib.
436 3219 488 3242 vi.
522 3218 625 3244 1170.

107 3256 149 3286 In
168 3249 293 3297 fluvios
310 3255 438 3300 partim
453 3256 578 3304 gelidos
596 3256 758 3292 ardentia
775 3257 887 3293 morbo

103 3301 267 3346 Membra
276 3301 432 3350 dabant,
459 3307 594 3344 nudum
604 3307 771 3357 jacientes
790 3307 951 3356 corpusin
960 3307 1090 3345 undas:

1136 2201 1220 2239 lutis
1250 2201 1337 2238 abiit
1359 2229 1370 2245 ,
1406 2199 1597 2248 indulgent
1630 2208 1850 2237 extremum.
1886 2205 1926 2233 ut
1953 2193 2087 2231 nebulo
2114 2193 2176 2250 ille

1131 2251 1372 2289 Petronianus
1405 2263 1483 2299 cap.
1502 2263 1602 2287 cxxv.
1631 2251 1667 2287 in
1687 2247 1969 2297 praesentissimo
1998 2244 2180 2291 naufraga

1131 2303 1317 2351 periculo,
1345 2302 1392 2338 ad
1414 2300 1525 2351 oscula
1542 2329 1550 2343 ,
1565 2301 1650 2337 dum
1670 2300 1762 2343 licet,
1782 2309 1825 2337 (φ
1843 2297 2010 2333 ultimum
2021 2294 2178 2343 hocgau-

1133 2354 1231 2388 dium
1245 2353 1337 2399 fatis
1354 2352 1611 2401 properantibus
1642 2362 1729 2396 rape.
1758 2349 1894 2384 haerere
1905 2358 1994 2385 vero
2015 2345 2061 2384 de
2073 2345 2179 2383 coitu

1132 2403 1238 2450 saepe
1261 2403 1404 2440 dicitur.
1424 2403 1557 2439 Noster
1576 2414 1621 2438 11.
1635 2402 1732 2438 Artis
1744 2399 1800 2442 xis.
1820 2398 1904 2444 484.

1185 2471 1310 2500 Haeret
1332 2463 1503 2501 adulterio
1516 2491 1527 2508 ‚
1555 2476 1632 2500 cum
1658 2475 1739 2500 cane
1757 2475 1848 2499 nexa
1868 2460 1976 2499 canis.

1134 2531 1281 2569 Petron.
1302 2541 1430 2566 Lxxxx.

1326 2591 1506 2640 Haesimus
1524 2591 1682 2629 calentes.

1134 2654 1183 2692 Et
1204 2667 1282 2703 cap.
1304 2668 1410 2692 xxm.
1433 2655 1530 2704 Qia
1548 2653 1835 2704 confideruntium
1856 2652 2036 2702 haeserant
2046 2642 2187 2689 vultus?

1137 2705 1207 2743 Sed
1229 2707 1468 2744 nihilominus
1489 2706 1697 2754 simpliciter
1709 2707 1873 2749 haerent,
1887 2704 2039 2752 intelligi
2052 2704 2185 2751 potest,

1135 2758 1435 2804 proincumbunt
1463 2757 1624 2794 fontibus
1645 2757 1716 2793 &c.
1744 2757 1830 2805 quia
1860 2756 2020 2804 sequitur
2049 2753 2094 2791 de
2116 2754 2182 2791 fiti.

1136 2808 1175 2844 &
1195 2807 1333 2844 haerere
1354 2820 1438 2845 cum
1459 2807 1617 2846 ablativo
1660 2806 1840 2852 construi,
1879 2807 2038 2844 vidimus
2059 2804 2103 2842 ad
2121 2804 2183 2841 lib⁵

1136 2870 1190 2895 1v.
1210 2870 1268 2903 27.
1297 2859 1426 2896 Euam.

1186 2920 1269 2955 570.
1301 2910 1383 2945 Inde
1399 2921 1524 2957 graves
1541 2907 1686 2958 multi]
1724 2913 1859 2945 Graves
1877 2906 1991 2944 morbo
2013 2904 2118 2943 multi
2135 2914 2183 2940 ex

1136 2960 1404 2997 vetustioribus,r
1457 2960 1555 2996 Mihi
1585 2959 1704 2996 versus
1733 2960 1794 2996 hic
1824 2970 1909 2996 cum
1942 2958 2109 3006 proxime
2128 2953 2182 2989 sea

1138 3012 1266 3058 quenti
1287 3010 1456 3048 nonnihil
1477 3010 1556 3047 sunt
1576 3009 1739 3058 suspecsti.
1767 3021 1851 3046 nam
1876 3008 1963 3057 quid
1978 3006 2037 3043 fibi
2051 3003 2183 3040 volunt

1139 3061 1222 3104 ista,
1249 3060 1378 3111 aliquis
1399 3072 1517 3098 tamen
1539 3060 1659 3097 haurit
1678 3073 1721 3100 (φ
1738 3060 1818 3097 illas
1832 3087 1842 3103 ,
1871 3070 1952 3096 cum
1979 3054 2086 3103 paulo
2097 3060 2185 3109 ante

1142 3110 1161 3148 ὲ
1180 3114 1297 3159 puteis
1319 3110 1441 3149 bibisse
1460 3112 1539 3159 jam
1562 3110 1720 3148 dixerit?
1748 3121 1860 3158 quare
1883 3106 2060 3144 malebam
2073 3103 2186 3159 olim,-

1140 3160 1269 3205 aliquis
1297 3171 1380 3197 tunc
1409 3161 1530 3197 haurit
1559 3172 1601 3199 ey
1622 3160 1713 3196 illas.
1766 3160 1924 3205 Jamque
1936 3168 2058 3203 graves
2077 3152 2196 3190 multe

1144 3211 1350 3257 Cantabrig.
1370 3223 1445 3247 non
1469 3210 1575 3247 male.
1603 3211 1746 3246 Heme:
1802 3207 1925 3243 Facilis
1946 3206 2053 3242 nimis
2064 3205 2187 3241 Hein-

1143 3259 1210 3296 fius
1228 3260 1264 3295 in
1289 3259 1537 3307 confingendo
1559 3259 1699 3299 versus,
1721 3268 1878 3305 quorum
1894 3256 2009 3293 sensus
2029 3255 2077 3292 est
2089 3255 2188 3301 opti-

1144 3320 1251 3353 mus3
1279 3308 1305 3346 fi
1325 3309 1445 3348 modo
1469 3321 1557 3347 cum
1569 3309 1731 3356 juniano
1753 3308 1893 3356 legatur
1912 3335 1926 3354 2,
1952 3306 2043 3345 alius
2063 3315 2206 3395 Zamen*

2091 3363 2190 3395 aum
