2483 3616
347 144 1924 247 ΜΕΤΑΜΟΗΡΗΟΞΕΟΝΒῙΕΙν

2135 181 2193 248 83

347 287 597 341 Corneus
619 282 744 338 huic
770 299 946 345 arem,
997 280 1035 335 fi
1069 299 1179 336 non
1203 280 1347 336 foret
1370 297 1558 335 aureus
1585 280 1674 335 illi.

356 360 440 412 Sic
465 374 682 431 quoque
711 354 936 410 fallebat.
974 354 1295 410 redeuntem
1320 355 1458 408 colle
1483 352 1674 425 Lyceo

357 430 470 485 Pan
491 430 642 483 videt
665 428 800 482 hane
817 474 829 490 ,
868 428 1104 500 pinuque
1129 441 1288 498 caput
1311 425 1638 500 praecinctus
1664 427 1845 489 acuta.

213 523 315 573 7oo
352 502 506 557 Talia
530 500 689 556 verba
714 501 894 555 refert.
935 499 1156 556 restabat
1180 500 1341 554 verba
1367 499 1598 561 referre;

354 574 428 630 Et
452 573 697 646 precibus
722 574 905 645 spretis
930 572 1116 644 fugifl'e
1140 590 1235 644 per
1258 573 1370 626 avia
1396 571 1731 646 Nymphan13

351 647 545 704 Donec
570 646 774 700 arenofi
796 645 1062 719 placidum
1085 644 1327 700 Ladonis
1351 645 1417 700 ad
1443 661 1655 699 amnem

65 849 143 888 Sed
163 850 262 899 piget
280 848 549 887 his‘immorari.
573 847 651 885 hoc
663 858 780 884 unum
791 846 879 884 scito
894 874 904 890 ‚
917 844 943 882 fi
955 846 1108 895 diligen-

67 900 139 938 tius
150 912 170 938 a
181 900 303 949 primis
316 900 415 937 annis
426 900 559 937 Poe'tas
572 896 769 936 excussiffes
784 926 793 942 ,
805 907 925 945 neque
937 895 1105 941 demum,

69 951 132 988 ubi
145 950 395 999 ephemeridas
407 949 629 987 conscribere
640 946 816 998 aggressus
827 946 935 984 fueris
949 974 959 990 ,
970 946 1016 984 ad
1027 947 1109 984 illo-

71 1012 154 1040 rum
166 1001 492 1051 scriptatamquam
504 999 716 1048 tempestate
727 998 861 1035 delatus
874 995 959 1033 effes
972 1025 983 1041 ,
996 998 1110 1045 magis

72 1052 252 1089 urbanam
276 1051 484 1089 redolerent
503 1050 580 1087 libri
602 1050 655 1087 tui
677 1048 905 1097 elegantiam.
938 1045 963 1082 fi
995 1048 1107 1084 etiam

68 1101 346 1151 praepositionis
368 1102 406 1138 in
419 1130 430 1146 ,
451 1112 544 1150 quae
564 1099 627 1137 tibi
639 1110 722 1147 prae
736 1098 802 1147 sub
825 1096 938 1146 magis
950 1096 1106 1143 arridet,

70 1152 150 1190 vim
167 1152 270 1190 redte
290 1152 448 1189 excutias
461 1180 472 1196 ,
499 1148 743 1199 deprehendes
764 1159 846 1185 eam
858 1159 1009 1198 quoque
1020 1160 1108 1186 cen-

67 1203 137 1240 ties
152 1231 163 1247 ,
185 1214 256 1251 pro
278 1203 392 1252 apud,
427 1202 476 1237 ad
495 1201 553 1237 vel
574 1200 662 1237 circa
683 1199 793 1248 poni;
833 1199 872 1236 ὃς
902 1199 951 1235 ita
978 1199 1020 1235 in
1041 1212 1107 1235 an-

68 1253 162 1298 tris,
184 1253 286 1290 idem
299 1251 368 1289 effe
380 1251 481 1301 quod
493 1250 560 1299 sub
581 1250 718 1295 antris,
741 1250 833 1299 apud
852 1258 959 1286 antra
972 1248 1107 1293 ‚disces

73 1314 120 1339 ex
150 1304 343 1351 interprete
372 1302 483 1349 longe
503 1309 540 1337 te
562 1300 768 1337 venustiore
798 1297 1026 1337 Broukhufio
1059 1299 1106 1338 ad

72 1353 236 1401 Propert.
258 1364 284 1388 1.
307 1364 334 1388 1.
361 1363 421 1389 ⁷11.
473 1351 728 1388 Rufinianus.

122 1402 207 1450 692.
233 1407 282 1438 Et
301 1408 439 1450 Satyros
459 1401 604 1450 eluserat
622 1401 686 1438 illa
699 1400 906 1452 sequentes]
934 1400 1106 1437 Donatus

68 1451 119 1490 ad
136 1451 224 1490 illud
235 1452 405 1489 Terentii
424 1452 461 1489 in
473 1451 656 1489 Eunucho
669 1480 679 1497 ,
691 1451 803 1488 eludet
815 1480 826 1497 ‚
839 1451 898 1488 ubi
918 1461 950 1487 te
971 1451 1106 1487 victum

64 1503 210 1551 senserit
224 1531 234 1547 ‚
262 1502 309 1540 fic
330 1503 466 1540 scribit:
495 1502 639 1539 Eludere
653 1503 785 1552 propr&
792 1502 1027 1551 gladiatorum
1039 1501 1083 1549 est
1098 1530 1108 1547 ,

72 1552 155 1589 ciem
177 1554 334 1590 vicerint.
373 1554 505 1590 Cicero
519 1581 530 1598 ‚
555 1554 726 1604 quamdiu
739 1555 843 1600 furor
865 1552 920 1600 iste
940 1562 1019 1588 tuus
1040 1553 1111 1588 elu-

75 1603 159 1641 det?
196 1603 340 1640 Eludere
371 1603 414 1650 est
445 1603 524 1639 ludo
549 1604 659 1651 finem
680 1604 858 1653 imponere.
911 1603 1016 1639 Haec
1039 1602 1110 1640 ille.

73 1652 218 1691 Plautus
251 1654 290 1691 in
322 1653 491 1701 Amphit.
544 1654 637 1691 Cert'
668 1654 712 1700 est
753 1653 927 1690 hominem
967 1652 1109 1690 eludere.

76 1703 288 1741 exormus.
316 1703 486 1752 deluserat
506 1712 675 1752 excerpta
696 1703 878 1741 Menardi.

127 1756 212 1804 693.
236 1754 335 1791 Silva
357 1754 569 1804 feraxque.]
599 1753 805 1801 Umbrosave
840 1753 987 1800 claustra
1009 1755 1110 1800 fira-

74 1816 166 1842 rum.
190 1804 345 1841 Mediol.
368 1805 407 1841 &
427 1813 515 1842 tunc
528 1833 539 1849 ,
566 1805 680 1853 Rusve
701 1803 804 1840 habet
823 1804 964 1852 legebat
990 1804 1112 1841 Hein-

75 1853 154 1892 fius.
182 1853 487 1905 Umbrosavefilva
501 1855 616 1892 multi.
629 1857 798 1906 feroxque
822 1855 978 1892 malebat
1000 1855 1111 1891 etiam

74 1905 244 1943 Francius

130 1956 213 2004 694.
240 1956 423 2005 Ortygiam
446 1955 602 2005 Deam]
633 1955 749 2005 Atqui
782 1956 827 1993 de
851 1956 1030 2005 Ortygiae
1053 1967 1116 2004 ap-

76 2005 274 2054 pellatione
288 2035 297 2050 ,
334 2008 372 2043 ὃς
404 2007 505 2056 quod
536 2007 580 2043 ab
603 2007 748 2056 Ortyge
762 2035 772 2051 ,
796 2007 870 2044 hoc
893 2007 941 2043 est
956 2035 966 2050 ,
992 2014 1115 2043 cotur-

79 2056 162 2093 nice
182 2069 322 2094 nomen
342 2057 416 2093 hoc
437 2057 617 2106 acceperit
638 2058 775 2102 Delus,
804 2058 915 2094 etiam
939 2057 975 2093 in
1000 2057 1115 2093 Scho-

77 2104 133 2160 {iis
155 2107 367 2144 Callimachi
388 2106 522 2144 eodem
547 2106 662 2144 modo
693 2108 832 2157 legitur.
889 2109 1114 2156 Quanquam

81 2154 218 2192 lbidern
249 2169 326 2194 non
358 2157 521 2201 Asterie,
556 2157 616 2193 sed
648 2158 796 2195 Latona
825 2160 864 2194 in
887 2158 1116 2194 coturnicem

86 2205 184 2249 versa¹
205 2205 351 2244 dicatur.
406 2208 595 2244 Homerus
617 2215 739 2243 autem
770 2208 810 2244 in
836 2208 1020 2255 Hymnis,
1045 2208 1119 2244 Or-

89 2254 228 2301 tygiam
251 2257 424 2294 diversam
444 2268 552 2307 atque
575 2257 681 2294 aliam
703 2256 723 2294 {1
746 2257 846 2294 Delo
868 2258 986 2293 facere
1017 2257 1120 2294 vide-

89 2308 173 2346 tur,
194 2305 262 2358 ‘qui
282 2306 491 2353 Apollinem
515 2307 665 2357 quidem
688 2308 726 2344 in
748 2307 846 2344 Delo
860 2335 870 2350 ,
883 2307 1043 2344 Dianam
1057 2319 1121 2344 au-

90 2359 170 2389 tem
191 2365 228 2390 in
252 2355 404 2409 Ortygia
424 2365 547 2393 natam
569 2357 664 2395 dicit.
716 2358 832 2402 Quod
864 2356 963 2394 idem
988 2358 1025 2394 ὃς
1049 2358 1123 2395 Or-

89 2403 205 2450 pheus
218 2404 326 2448 facit,
348 2404 442 2452 apud
453 2417 563 2453 quern
576 2408 613 2443 in
632 2409 778 2455 hymno
790 2408 958 2445 Latonae
969 2407 1121 2456 legitur:

141 2455 330 2496 Γεινειμένη
352 2454 470 2498 Φοῖβόν
494 2467 535 2490 τε
556 2457 617 2490 καὶ
638 2451 800 2502 Α’ρτεμιν
820 2453 1014 2504 Ἰοχέαιριιν
1029 2487 1040 2502 ,

142 2505 216 2543 Τὴν
236 2506 302 2549 μὲν
322 2502 359 2539 ἐν
379 2499 567 2549 Ὀκρτυγῖῇ,
597 2506 657 2541 τῦν
677 2507 718 2542 δὲ
740 2511 867 2550 κραναῇ
890 2507 939 2543 ἐνὶ
957 2508 1073 2554 Δήλῳ.

91 2555 219 2601 Quare
249 2553 394 2591 videtur
425 2554 544 2591 Diana
570 2582 580 2597 ‚
627 2555 725 2604 quafi
755 2557 925 2604 peculiari
962 2558 1126 2604 quodam

91 2603 280 2651 epitheto,
304 2603 493 2652 Ortygiaa
516 2605 636 2652 poetis
648 2606 730 2642 dici.
758 2605 841 2643 cum
865 2606 964 2643 idem
989 2618 1130 2654 cogno-

87 2661 260 2741 ffientum
293 2653 458 2702 Apollini
490 2653 655 2691 additum
677 2667 756 2693 non
781 2656 886 2692 facile
908 2657 1128 2693 inveniatur.

137 2716 313 2741 murus.

93 2756 223 2841 H694.
252 2755 427 2805 Ipsumque
452 2753 606 2804 colebat]
629 2755 766 2806 Ipsaque
779 2755 1017 2805 castigatiores
1037 2756 1128 2795 libri.

139 2816 296 2841 Emsms.

149 2857 233 2902 699.
265 2856 357 2892 Pinu
368 2854 504 2904 acutri]
531 2856 696 2901 Pani‚ut
726 2857 765 2894 &
787 2857 918 2905 Satyris
941 2859 978 2895 &
1001 2858 1128 2907 Sylva-

94 2914 149 2941 :no
163 2932 174 2948 ‚
199 2905 326 2954 pinum
349 2917 390 2941 ea
413 2905 457 2942 de
490 2906 591 2942 causa
612 2907 773 2955 affignari
796 2908 926 2944 volunt
948 2909 1097 2957 quidam
1117 2938 1129 2954 ,

98 2954 200 3000 quod
230 2955 256 2991 is
289 2955 327 2992 in
351 2956 529 2992 comitatu
549 2957 712 3004 Magnae
734 2958 863 2994 Matris
886 2986 897 3002 ,
935 2960 993 2995 cui
1025 2959 1130 2996 arbor

100 3001 192 3040 haec
221 3004 329 3048 sacra,
356 3007 524 3053 frequens
547 3005 587 3042 fit
602 3033 613 3050 ‚
632 3007 878 3056 habeaturque
902 3009 1000 3046 velut
1021 3012 1130 3051 mns-

102 3050 176 3094 δρῦς
199 3054 352 3101 quidam
383 3055 483 3092 illius
534 3055 647 3093 Unde
680 3058 717 3093 ὃς
749 3056 768 3094 Ξι
809 3057 963 3095 Pindaro
1003 3060 1132 3102 ὀπαόὂς

105 3104 268 3146 μεγάλης
287 3106 418 3149 ματ-μῦς
440 3105 588 3142 dicatur.
640 3106 709 3143 Sed
731 3118 800 3154 ego
822 3107 972 3145 invenio
999 3110 1106 3158 Pityn
1120 3139 1131 3155 ,

103 3161 198 3207 quae
220 3153 362 3191 Graecis
386 3156 490 3193 Pinus
511 3156 582 3200 est,
607 3156 763 3204 puellam
778 3156 878 3194 fuisse
893 3187 902 3202 ,
930 3160 1133 3209 pariterque

101 3211 125 3235 a
148 3199 262 3237 Borea
284 3205 320 3239 ὃς
338 3203 358 3240 {1
380 3206 476 3242 Pane
499 3214 670 3243 amatam.
723 3207 792 3244 Sed
810 3209 896 3257 quia
916 3209 973 3246 illa
994 3210 1133 3248 Boreae

101 3250 200 3288 Pana
220 3253 491 3301 praeposuisset,
528 3257 662 3294 iratum
692 3255 850 3296 Boream
886 3259 924 3296 in
945 3259 1025 3298 saxa
1047 3273 1132 3311 pro-

1943 716 2170 772 Venerit
2186 738 2198 771 t

1160 845 1336 895 pulsatam
1357 845 1456 883 illam
1478 846 1563 883 neci
1583 844 1718 883 dedisse
1731 873 1740 890 ,
1766 853 1901 883 terram
1933 851 2058 881 autem
2079 845 2201 882 vicem

1161 897 1302 944 puellae
1326 896 1508 934 misertam
1523 925 1533 940 ,
1570 896 1609 933 in
1631 896 1800 933 arborem
1822 896 2090 944 cognominem
2114 907 2203 932 ean-

1162 946 1249 983 dem
1274 945 1426 983 mutaffe
1441 975 1451 991 ‚
1465 947 1564 994 cujus
1586 947 1782 984 virentibus
1803 947 1910 983 ramis
1935 947 2007 983 Pan
2035 946 2207 983 coronari

1161 996 1285 1044 postea
1314 996 1436 1033 solitus
1468 995 1521 1032 sit.
1572 997 1750 1035 Meminit
1781 997 1923 1034 fabulae
1953 997 2060 1045 hujus
2093 997 2205 1033 etiam

1163 1046 1325 1084 Ruellius
1347 1046 1393 1083 de
1414 1053 1542 1084 natura
1569 1046 1741 1095 stirpium.
1794 1049 2039 1085 chrerS.
2084 1046 2206 1084 Alibi:

1215 1097 1507 1147 Cornigerumque
1530 1106 1629 1146 caput
1645 1099 1731 1146 pinu
1739 1099 1950 1147 praecinfius
1960 1108 2074 1134 acuta.
2090 1098 2206 1135 CIOF.

1214 1158 1297 1193 700.
1328 1148 1428 1185 Talia
1450 1147 1557 1184 verba
1580 1149 1693 1194 refert.
1723 1148 1798 1185 Tibi
1819 1149 1941 1185 nubere
1955 1147 2119 1197 Nympha
2140 1162 2205 1184 vo-

1162 1198 1297 1248 lentis]
1329 1198 1391 1235 Te
1412 1210 1570 1236 uxorem
1603 1198 1737 1235 ducere
1770 1199 1957 1247 cupientis.
2009 1199 2068 1236 Est
2101 1198 2204 1237 enim

1162 1249 1382 1294 ἀκυρολογῑοι
1413 1249 1532 1298 po'e'tis
1555 1247 1732 1287 conceffa.
1760 1249 1864 1297 Virg.

1213 1307 1316 1336 Hunc
1341 1313 1394 1348 ego
1406 1298 1442 1350 fi
1454 1300 1553 1350 potui
1575 1309 1719 1336 tantum
1731 1299 1867 1348 sperare
1888 1299 2049 1336 dolorem.

1162 1351 1263 1389 Nam
1297 1350 1379 1388 viris
1410 1351 1556 1399 proprie
1577 1350 1700 1387 nubere
1721 1350 1889 1387 mulieres
1910 1350 2089 1388 dicuntur.
2140 1350 2209 1387 Fa-

1163 1401 1230 1438 cile
1261 1409 1389 1438 tamen
1420 1401 1607 1446 adducor,
1644 1409 1684 1438 ut
1714 1408 1842 1449 putem
1864 1401 1967 1439 illum
1989 1408 2111 1437 totum
2132 1399 2211 1437 sen·

1162 1451 1242 1489 sum
1266 1451 1489 1489 subdititium
1513 1451 1607 1497 effe,
1636 1451 1722 1489 cum
1746 1453 1785 1489 &
1807 1452 1845 1488 in
1867 1449 2080 1500 quibusdam
2104 1458 2211 1488 vetu-

1164 1503 1220 1540 stis
1243 1503 1508 1551 exemplaribus
1530 1515 1608 1540 non
1627 1502 1837 1540 inveniatur
1851 1530 1861 1546 ,
1890 1502 1928 1538 8<
1949 1501 1986 1539 in
2017 1501 2090 1537 aliis
2111 1500 2211 1538 varie

1163 1553 1315 1602 legatur.
1344 1554 1444 1591 Nam
1468 1554 1505 1591 in
1529 1553 1741 1603 quibusdam
1764 1552 1872 1589 verba
1886 1580 1896 1596 ‚
1923 1552 1961 1589 in
1985 1551 2059 1588 aliis
2074 1551 2210 1600 ‚plura;

1162 1604 1334 1652 scriptum
1368 1604 1428 1641 est.
1484 1604 1541 1641 Sic
1573 1606 1681 1653 igitur
1713 1603 1805 1639 mihi
1837 1603 1955 1651 placet
1987 1600 2058 1639 effe
2087 1602 2214 1650 legen-

1166 1655 1255 1692 dum
1270 1683 1280 1699 ‚
1307 1662 1348 1691 ut
1368 1662 1469 1692 totus
1489 1655 1547 1691 ille
1567 1654 1682 1692 sensus
1716 1661 1942 1701 expungatur
1955 1680 1965 1696 ‚
2005 1664 2046 1689 ac
2080 1652 2187 1688 verba
2201 1679 2214 1695 ,

1163 1717 1242 1742 non
1259 1705 1362 1754 plura
1383 1705 1604 1748 scribantur,
1626 1705 1700 1740 hoc
1722 1703 1852 1740 modo:
1909 1703 2008 1738 Talia
2030 1701 2136 1738 verba
2160 1716 2211 1737 re·

1156 1758 1233 1802 fert
1247 1771 1257 1791 :
1286 1754 1435 1801 restabat
1455 1754 1563 1791 verba
1585 1756 1717 1801 referre.
1755 1754 1810 1790 Ut
1838 1753 2081 1801 intelligamus
2103 1751 2213 1788 verba

1166 1807 1286 1844 Panos
1319 1805 1364 1842 ad
1397 1804 1549 1853 Syringa
1581 1804 1601 1842 a
1626 1803 1817 1841 Mercurio
1840 1816 1918 1841 non
1942 1801 2044 1840 fuisse
2078 1801 2213 1846 relata,

1173 1856 1236 1905 qui
1257 1867 1343 1893 cum
1365 1853 1507 1892 vidisset
1518 1855 1662 1904 Argum
1683 1854 1817 1892 somno
1841 1851 2047 1902 oppressum
2064 1881 2074 1896 ‚
2095 1852 2213 1889 statim

1173 1918 1310 1944 vocem
1343 1905 1507 1943 cohibuit
1531 1934 1540 1949 ,
1576 1906 1768 1955 ipsumque
1799 1904 1992 1942 interfecit.
2046 1904 2210 1940 Rrorus.

1225 1957 1326 1993 Talia
1348 1956 1455 1993 verba
1479 1959 1594 2004 refert.
1631 1956 1695 1993 tibi
1718 1954 1840 1993 nubere
1862 1954 2015 2004 nympha
2039 1954 2187 1990 volentis

1223 2009 1315 2044 Votis
1336 2008 1409 2044 cede
1434 2009 1501 2043 Dei
1524 2036 1535 2052 ‚
1564 2006 1711 2055 restabat
1726 2006 1830 2056 plura
1854 2008 1986 2053 referre.

1171 2058 1337 2107 Quidem
1363 2057 1438 2095 fere
1460 2058 1497 2095 in
1520 2058 1671 2107 vulgatis
1696 2057 1827 2105 legitur
1857 2055 2121 2104 exemplaribus
2137 2083 2146 2098 ‚
2172 2065 2215 2091 ac

1172 2121 1243 2158 ego
1276 2120 1426 2158 quoque
1458 2107 1506 2145 fic
1536 2108 1620 2145 ante
1653 2109 1692 2144 &
1722 2106 1794 2156 legi
1824 2108 1861 2145 δε
1894 2106 2067 2154 exposui,
2096 2117 2216 2154 neque

1174 2159 1338 2196 censores
1367 2159 1420 2196 isti
1451 2171 1495 2195 ex
1528 2158 1593 2196 suis
1628 2157 1812 2195 codicibus
1843 2157 1989 2194 vetustis
2036 2155 2215 2192 mendum

1174 2210 1423 2247 foedissimum
1457 2216 1679 2246 annotarunt
1703 2237 1713 2253 ,
1750 2219 1826 2258 quo
1849 2208 1924 2244 duo
1945 2207 1994 2243 illi
2016 2205 2133 2242 versus
2167 2206 2217 2241 ita

1174 2260 1434 2309 inquinantur,
1470 2267 1510 2296 ut
1543 2260 1587 2296 ab
1608 2259 1750 2307 ineptiis
1781 2262 1894 2306 poeta
1917 2255 2218 2294 eminentissimus

1178 2310 1327 2347 defendi
1358 2322 1436 2347 non
1468 2310 1586 2358 possit.
1641 2310 1722 2347 Nos
1744 2308 1834 2345 vero
1860 2306 2047 2355 expunstis
2074 2305 2218 2342 duobus

1176 2360 1409 2397 hemistichiis
1430 2371 1546 2408 nuper
1567 2373 1624 2398 eas
1646 2361 1693 2396 ita
1710 2359 1912 2396 sustulimus
1926 2385 1935 2401 ‚
1962 2364 2003 2393 ut
2034 2357 2132 2393 hunc
2163 2356 2220 2392 lo-

1180 2423 1265 2448 cum
1288 2410 1433 2459 pristino
1457 2411 1606 2448 candori
1626 2407 1809 2447 restituisse
1830 2408 2021 2445 videamur
2034 2435 2044 2451 ,
2070 2405 2220 2444 sednon

1179 2461 1254 2498 fine
1285 2461 1414 2498 vetusti
1447 2460 1659 2508 exemplaris
1690 2459 1963 2507 astipulatione,
2000 2458 2036 2494 in
2072 2468 2146 2505 quo
2169 2457 2220 2494 ita

1178 2512 1350 2559 scriptum
1385 2511 1455 2548 est:
1496 2511 1596 2547 Talia
1625 2509 1732 2546 verba
1765 2510 1894 2556 refert,
1932 2506 2079 2554 restabat
2111 2507 2220 2542 verba

1183 2563 1316 2605 referre.
1375 2561 1491 2597 IDEM.
1544 2560 1699 2597 Versum
1732 2571 1849 2596 unum
1881 2560 1920 2596 in
1957 2558 2127 2606 geminos
2167 2557 2221 2595 di·-

1182 2608 1338 2646 straxere
1358 2608 1509 2646 librarii:

1237 2660 1337 2696 Talia
1360 2659 1467 2696 verba
1490 2662 1593 2707 refert
1607 2688 1617 2704 ,
1643 2659 1708 2696 tibi
1728 2659 1851 2697 nubere
1872 2658 2024 2709 nympha
2048 2658 2195 2695 volentis

1234 2710 1328 2746 Votis
1348 2711 1421 2746 cede
1442 2711 1520 2748 Dei.
1547 2710 1705 2759 Restabat
1719 2710 1824 2760 plura
1846 2713 1979 2759 referre.

1185 2760 1326 2808 Quibus
1349 2761 1401 2797 uti
1432 2761 1549 2798 nullus
1571 2773 1637 2810 pro
1661 2772 1698 2797 re
1721 2761 1871 2810 quidem
1895 2760 2011 2798 sensus
2032 2759 2121 2798 inest
2135 2788 2146 2804 ,
2173 2760 2219 2796 ita

1182 2811 1303 2848 virum
1329 2811 1450 2847 nubere
1472 2813 1645 2849 Romana
1665 2812 1787 2861 lingua
1809 2811 2035 2848 reformidat.
2066 2811 2158 2859 Quis
2173 2818 2223 2845 et-

1183 2861 1283 2898 enim
1304 2860 1456 2909 nupsifl'e
1478 2863 1701 2900 Maritorum
1725 2873 1937 2912 quenquam
1951 2861 2105 2898 dixerit?
2133 2872 2223 2896 con-
2281 2902 2297 2906 s

1184 2912 1356 2949 cedamus
1380 2913 1506 2962 utique
1529 2913 1566 2950 id
1587 2913 1699 2962 patria
1716 2914 1794 2961 jam
1815 2912 2080 2950 >consuetudine
2103 2910 2226 2947 barba-

1183 2962 1240 2999 ris.
1294 2963 1556 3000 Concedamus
1605 2965 1644 3001 δε
1690 2964 1901 3012 Pomponio
1938 2963 1998 2999 vel
2037 2959 2223 3003 Caecilio,

1183 3024 1298 3061 quem
1322 3013 1461 3050 malum
1486 3014 1690 3051 Latinitatis
1713 3015 1906 3051 authorem
1919 3011 2071 3061 appellat
2093 3009 2224 3046 Cicero

1185 3062 1233 3100 ad
1264 3064 1457 3108 Atticum,
1497 3065 1693 3114 ceterisque
1727 3065 1791 3102 illis
1823 3061 2082 3104 vetustisiiinx'5‚
2130 3071 2225 3108 quos

1189 3114 1380 3156 (tradente
1413 3115 1569 3162 Nonio)
1614 3115 1736 3152 nubere
1767 3128 1844 3152 non
1878 3113 1993 3150 solum
2028 3109 2224 3154 mulieres,

1184 3163 1247 3201 sed
1267 3165 1363 3202 viros
1386 3166 1497 3202 etiam
1521 3164 1643 3203 dixifl'e
1667 3166 1851 3204 novimm
1907 3159 2024 3208 Quod
2035 3167 2158 3197 autem
2183 3160 2227 3197 ab

1189 3215 1330 3251 Ovidio
1364 3215 1503 3253 <lustum
1537 3218 1669 3260 suerit,
1708 3227 1784 3252 non
1815 3211 1879 3249 nisi
1901 3223 2001 3248 mere
2024 3211 2201 3248 Latinum
2217 3239 2228 3254 ,

1184 3265 1509 3316 nitidifiimumque
1522 3276 1738 3315 reputemus.
1754 3261 1974 3312 Legendum
1997 3261 2126 3312 igitur,
2140 3261 2229 3315 tals-22

1488 3317 1520 3352 L
1550 3329 1568 3353 z.
2122 3318 2230 3349 verba
