2483 3616
388 97 1629 189 METAMORPHOSEON
1702 103 1871 179 Lm(
1917 128 2062 185 XV.
2143 143 2270 194 1051:

133 242 249 302 cujzis
275 252 497 303 praecepta
527 256 619 290 cuna
649 249 746 287 ante
778 239 899 285 dieiis
920 239 1020 287 haec
1032 240 1137 301 sunt
1165 257 1180 286 .·

119 303 360 368 ftn2escend0
394 306 674 354 transmutari
706 307 752 350 in
782 305 988 363 diffiniiles
1011 305 1167 366 species
1192 323 1207 352 .·

133 386 228 416 rum
249 373 429 430 abeant,
463 386 566 431 quae
589 382 757 429 corpora
768 369 906 429 sunm
942 382 1019 415 aut
1044 373 1087 415 in
1110 372 1241 426 aera,
1275 366 1293 393 ‘¹
1327 386 1431 430 quae
1440 369 1603 429 spiritu
1624 371 1826 415 contineri
1849 370 2064 415 videntur.

1215 241 1516 305 Quaecumque
1539 237 1796 301 nascuntur,
1829 245 1844 264 ‘³
1867 239 1967 288 haec
1987 243 2189 304 crcfiendo
2213 241 2268 292 ὃ

1243 306 1296 356 &⁹
1323 305 1413 365 post
1437 306 1593 351 obitum
1613 308 1680 365 stc
1701 304 1912 363 consumi,
1947 317 1993 351 ut
2017 318 2093 352 aut
2115 311 2159 353 in
2180 317 2268 352 ter-

2130 372 2268 417 Porro

132 435 345 497 Helenus,
365 437 543 482 Priami
553 434 705 495 filius,
727 436 859 497 refert
883 439 900 459 ⁶
919 435 973 480 ab
994 436 1136 481 AEnea
1156 435 1270 480 urbis
1292 434 1477 480 conditae
1491 435 1749 495 pofitionein.

422 627 561 764 N
570 624 689 680 Unc
710 641 928 698 quoque
952 624 1278 680 Dardaniam
1301 625 1438 681 fama
1462 626 1536 682 est
1560 627 1879 696 consurgere
1907 625 2140 680 Romam
2162 644 2177 686 ;

580 698 1058 770 Appenninigenae
1084 715 1220 770 quae
1248 704 1491 769 proxima
1515 697 1808 771 Thybridis
1832 698 1998 753 undis>

422 772 579 826 Mole
604 772 694 825 sub
721 771 924 841 ingenti
951 787 1131 824 rerum
1154 770 1460 825 fundamina
1485 773 1654 844 ponit.

420 843 579 898 Haec
604 844 767 912 igitur
791 842 1019 896 formam
1044 843 1336 897 crescendo
1362 858 1561 906 mutat;
1606 844 1660 897 δε
1686 844 1814 897 olim

282 937 383 989 435
420 915 663 970 Immenfi
690 927 847 985 caput
874 914 1017 968 orbis
1045 915 1162 968 erit.
1203 915 1272 969 sic
1300 916 1482 971 dicere
1511 931 1683 979 vate5‚

428 988 471 1041 F
474 988 795 1060 aticinasque
819 985 997 1040 ferunt
1023 986 1189 1040 sortes

1218 1006 1229 1041 :
1270 1002 1636 1062 quantumque
1663 988 1950 1052 recordor,

421 1059 717 1115 Priamides
744 1057 987 1112 Helenus
1015 1057 1198 1123 flenti,
1239 1060 1512 1133 dubioque
1536 1062 1740 1127 ialutis,

422 1132 650 1186 Dixerat
677 1129 915 1195 AEneae,
953 1149 1077 1186 cum
1104 1149 1187 1186 res
1213 1132 1451 1203 Trojana
1475 1134 1687 1188 labaret.

424 1204 564 1259 Nate
597 1204 744 1267 Dea,
779 1203 815 1256 fi
841 1217 968 1258 nota
993 1204 1110 1258 satis
1136 1206 1400 1276 praesagia
1425 1206 1631 1261 nostrae

281 1295 387 1350 440
428 1276 632 1332 Mentis
661 1275 852 1343 habes;
888 1294 999 1331 non
1024 1289 1138 1331 tota
1163 1278 1354 1342 cadet,
1393 1290 1446 1333 te
1471 1279 1689 1351 sospite,
1729 1278 1913 1350 Troja.

139 1490 222 1530 dice
235 1488 282 1527 fic
296 1488 406 1537 lego:
435 1496 508 1528 Nec
527 1503 595 1528 non
613 1494 805 1540 Cecropem,
835 1496 874 1527 ut
890 1487 932 1527 fit
947 1488 1107 1527 Graecus
1119 1501 1183 1539 ge-

138 1543 276 1580 nitivus
290 1569 299 1585 ‚
321 1539 341 1577 a
360 1542 597 1580 nominativo
618 1548 810 1589 Cecropeus.
836 1551 922 1577 nam
948 1548 988 1578 ut
1006 1541 1122 1589 Epopis
1145 1542 1183 1578 δί

139 1595 285 1640 Epopeus
304 1591 457 1636 dicitur,
486 1593 534 1629 ita
553 1597 690 1641 Cecrops
710 1593 747 1629 δί
760 1598 949 1640 Cecropeus.
977 1591 1186 1629 GLAREAN.

190 1653 274 1688 427.
301 1642 511 1691 Amphionis
539 1643 670 1692 arces.]
700 1642 896 1690 Amphion
922 1641 990 1678 fuit
1020 1642 1123 1687 Jovis
1145 1641 1188 1679 fi-

138 1692 205 1729 lius
220 1719 229 1734 ‚
257 1701 297 1729 ut
319 1693 370 1730 ait
389 1694 550 1737 Seneca,
578 1695 680 1743 cujus
699 1693 790 1730 haec
812 1691 892 1730 sunt
905 1718 917 1737 ,
944 1690 1006 1729 ubi
1024 1691 1188 1741 loquitur

138 1742 186 1780 de
207 1743 347 1780 Thebis
368 1756 376 1781 :
407 1745 518 1782 Herc.
540 1744 621 1781 Fur.
640 1745 724 1781 262.

190 1798 369 1843 cujusque
386 1808 501 1832 muros
523 1804 629 1832 natus
649 1793 828 1843 Amphion
849 1792 944 1838 Jove

190 1845 329 1881 Struxit
351 1857 471 1881 canoro
483 1847 578 1893 fizxa
598 1845 782 1882 modulatu
802 1844 958 1882 trahens.

139 1892 189 1931 Et
206 1895 394 1942 Euripides
410 1896 517 1932 initio
540 1897 652 1933 Herc.
681 1896 846 1934 Furentis
867 1906 877 1931 z
909 1893 1074 1942 A’acpzou'
1092 1923 1103 1940 ,
1128 1892 1188 1937 ἧέἒ

142 1944 266 1987 Ζῆθον,
295 1946 425 1989 ἐκγόνω
447 1947 537 1988 Διὸς,
567 1947 670 1994 Lege
691 1948 803 1984 etiam
824 1945 984 1983 Probum
1004 1947 1041 1984 in
1056 1946 1132 1984 Ecl.
1146 1959 1188 1983 11.

144 1992 247 2041 Virg.
283 1993 371 2030 Hoc
399 1996 536 2033 idcirco
566 1997 764 2040 annotavi,
800 1998 978 2043 quoniam
1005 2008 1083 2034 non
1107 1997 1188 2034 satis

143 2041 288 2092 liquido
312 2043 450 2081 constat
465 2073 473 2087 ,
502 2047 604 2094 cujus
626 2047 733 2084 fuerit
753 2045 844 2083 filius
871 2048 1076 2095 Amphion.
1112 2048 1188 2084 Hic

143 2102 268 2131 autern
284 2121 296 2138 ‚
324 2103 364 2131 ut
387 2094 519 2132 Graeci
538 2095 703 2132 austores
724 2097 871 2134 tradunt
885 2125 895 2141 ,
923 2109 964 2134 ea
991 2097 1188 2134 clementia

144 2155 187 2181 ac
205 2145 428 2192 benignitate
448 2145 537 2187 fuit,
567 2153 605 2182 ut
622 2147 685 2191 iis,
713 2148 777 2195 qui
796 2146 858 2184 sub
877 2147 941 2184 suo
959 2148 1190 2195 erantimpe-
1213 2175 1216 2178 »

142 2194 220 2238 rio,
250 2206 453 2244 numquam
475 2194 698 2244 quidquam,
718 2195 783 2234 nifi
806 2208 964 2244 aequum
989 2206 1099 2245 atque
1121 2198 1191 2234 ho·

142 2246 298 2289 nestum,
322 2246 568 2292 imperaverit:
589 2255 762 2295 tantaque
785 2259 846 2286 eos
870 2247 1131 2284 benevolentia
1153 2247 1192 2284 δε

139 2295 291 2334 lenitate
311 2296 352 2333 ad
375 2295 408 2333 se
428 2297 626 2334 amandum
647 2296 844 2342 alliciebat,
874 2307 912 2335 ut
935 2297 1017 2335 etim
1038 2297 1188 2335 Thebas

143 2347 354 2392 conderet,
399 2359 531 2384 ornnes
570 2347 692 2394 suapte
718 2348 846 2395 sponte
876 2360 953 2386 uno
984 2347 1158 2386 consensu
1177 2375 1187 2392 ,

141 2408 236 2446 quae
276 2397 322 2435 ad
360 2398 523 2436 aedificia
555 2398 795 2436 construenda
823 2396 1016 2436 neceffaria
1045 2397 1157 2435 essent
1178 2427 1189 2443 ‚

143 2449 178 2485 ei
207 2448 530 2496 suppeditaverint.
585 2449 728 2486 Idcirco
759 2448 886 2486 finum
911 2447 980 2486 effe
1003 2449 1192 2496 Amphio-

142 2509 231 2535 nem
261 2500 359 2547 lyra,
392 2498 437 2536 ad
468 2500 570 2548 cujus
599 2499 728 2537 sonum
763 2499 898 2546 lapides
920 2499 1187 2543 accurrebant,

144 2548 296 2637 ghebas
327 2548 537 2587 condidiffe.
590 2550 689 2588 Cum
719 2549 786 2587 illis
818 2550 906 2587 facit
935 2550 974 2587 ὅ(
1004 2550 1190 2598 Hyginus.

183 2612 314 2638 XOFAN.

195 2663 281 2697 429.
309 2650 568 2698 Oedipodioniae
596 2649 766 2699 7hebae.]
805 2651 894 2688 Hoc
922 2652 1115 2700 epitheton
1145 2662 1191 2688 ex

145 2700 220 2737 hoc
237 2701 324 2738 loco
346 2709 532 2738 mutuatus
549 2701 596 2738 est
617 2702 787 2737 Lucanus
806 2701 866 2738 lib.
889 2708 1064 2747 11xf407.

198 2751 455 2798 Oedipodionias
477 2751 601 2797 infelix
616 2750 744 2795 fabula
769 2751 909 2788 Thebas.
939 2751 1053 2788 IDEM.

197 2811 283 2849 430.
311 2802 525 2837 Pandioniae
545 2801 708 2837 Athenae
731 2800 746 2849 ]
788 2802 1018 2838 Athenarum
1043 2801 1193 2839 ultimus

147 2863 211 2891 rex
243 2851 311 2888 fuit
343 2849 483 2885 Codrus
503 2877 514 2893 ‚
553 2851 734 2888 Melanthi
767 2851 868 2888 filius.
912 2852 1050 2889 Patere.
1079 2853 1140 2890 lib.
1167 2865 1194 2889 1.

147 2903 264 2941 IDEM.
294 2900 326 2936 Si
350 2898 557 2936 retinendus
575 2899 661 2937 effer
681 2901 813 2944 versus,
829 2902 984 2939 malebat
999 2903 1193 2947 Heiniius,

204 2952 303 3001 Qid
325 2948 526 2986 Pandioniis
550 2948 673 2995 restat,
700 2951 764 2997 nifi
785 2966 931 2994 nomen,
960 2952 1124 2990 Athenis.

202 3014 287 3051 431.
316 2999 558 3055 Consurgere]
589 2997 765 3046 Affurgere
789 3001 890 3041 Bafil.
922 3015 1028 3042 unus.
1055 3004 1195 3052 Trojam

150 3053 263 3093 etiam
283 3051 342 3089 sex
363 3051 454 3087 libri.

204 3111 219 3130 ³
248 3101 416 3150 Omnia.]
449 3106 571 3136 Numa
594 3097 781 3147 Pompilius
803 3096 841 3133 in
860 3103 942 3136 a‘era
962 3104 1082 3142 parm.

205 3154 223 3180 b
251 3151 447 3201 Receptus.]
479 3156 634 3197 Receptus
663 3160 851 3196 curamque
881 3161 902 3183 a
931 3150 1013 3186 hello
1040 3155 1087 3190 ad
1105 3155 1198 3203 paci,-

158 3215 248 3242 artes
280 3202 489 3244 transtulit,
527 3201 682 3248 ritusque
703 3202 881 3247 sacrorum
913 3199 1073 3243 instituit.
1125 3205 1200 3251 ρέα·

154 3255 333 3304 postquam
357 3253 488 3302 pariter
518 3251 635 3287 vitam
666 3260 709 3289 (9⁴
742 3261 883 3297 regnum
906 3248 1061 3296 finivit,
1083 3255 1201 3299 populo

2115 1346 2154 1403 F
2160 1347 2288 1406 lanu

1234 1490 1296 1538 suo
1308 1490 1464 1529 maximo
1475 1491 1583 1529 dolori
1592 1490 1680 1539 fuit.
1693 1490 1757 1539 sed
1770 1499 1851 1538 prae
1871 1486 1985 1525 ceteris
1998 1486 2161 1535 Aegeriae
2173 1490 2289 1536 Nym-3

1237 1541 1327 1590 phae
1353 1543 1484 1591 conjugi
1495 1547 1581 1589 suae
1595 1570 1605 1587 ‚
1632 1554 1739 1590 quam
1757 1542 1796 1578 in
1815 1540 1909 1576 valle
1932 1539 2078 1575 Aricina
2097 1537 2193 1574 ultra
2215 1551 2288 1574 mo-

1244 1591 1330 1629 dum
1358 1593 1504 1641 conjugis
1531 1592 1737 1639 amissionem
1770 1604 1864 1638 aegre
1886 1592 2077 1635 fierentem,
2107 1587 2290 1636 Nymphae

1244 1642 1307 1679 loci
1327 1642 1423 1679 illius
1434 1643 1548 1691 solari
1559 1643 1693 1690 frustra
1714 1655 1781 1677 non
1794 1640 1900 1690 semel
1921 1649 2059 1675 conatae
2069 1639 2171 1686 sunt.
2205 1638 2291 1686 Hip-

1239 1692 1375 1741 polytus
1393 1694 1458 1742 ipse
1473 1721 1483 1737 ‚
1511 1695 1571 1744 qui
1592 1693 1629 1730 in
1646 1692 1794 1742 ejusdem
1813 1690 1937 1727 doloris
1956 1689 2105 1725 lenimen
2117 1690 2223 1736 suum
2233 1688 2291 1724 in-

1233 1743 1463 1789 fortunium,
1492 1746 1639 1794 suosque
1666 1744 1783 1792 casus,
1813 1752 1853 1779 ut
1878 1741 2098 1790 sequuntur,
2127 1738 2291 1786 recensuit

1245 1793 1394 1832 Coton.

1294 1852 1310 1871 c
1337 1852 1430 1882 Haec
1446 1845 1656 1897 crescenda}
1686 1851 1758 1882 Nec
1778 1841 1947 1893 crcscmdo
1967 1837 2089 1889 Lugd.
2102 1837 2183 1879 haec
2194 1837 2294 1886 deest

1243 1896 1325 1933 Mic
1355 1896 1392 1934 ll.

1258 1948 1261 1951 ’
1293 1944 1312 1972 d
1329 1908 1439 1995 y{Luae
1451 1946 1621 1997 spiritu]
1651 1949 1728 1993 Qo
1741 1946 1793 1994 sp.
1819 1944 1940 1981 Parm.

1296 2004 1314 2024 e
1341 1997 1403 2034 Ab
1422 1997 1573 2046 AEnea.]
1601 2002 1733 2033 AEneae
1752 1995 1871 2032 Parm.
1893 1993 2014 2041 Lugd.
2033 1990 2178 2040 Micyll.

1295 2059 1379 2095 434.
1406 2054 1501 2084 Haec
1521 2048 1628 2096 igitur
1646 2048 1805 2092 formam
1830 2043 1999 2090 crescendo
2019 2041 2178 2090 mutat.]
2208 2044 2292 2078 For-3

1245 2110 1342 2134 mam
1361 2098 1531 2134 mutando
1556 2097 1669 2142 crescit
1698 2095 1901 2132 Thuaneus
1914 2093 2057 2134 codex;
2080 2091 2294 2135 recleffile·

1244 2157 1372 2194 gatur,
1409 2147 1538 2194 crescet.
1558 2148 1718 2192 formam
1751 2146 1850 2181 enim
1883 2151 1992 2180 vocat
2014 2143 2167 2190 primam
2191 2141 2292 2178 illam

1245 2196 1401 2234 Romuli
1432 2197 1530 2247 quasi
1560 2196 1847 2234 delineationem
1871 2194 1986 2239 urbis,
2013 2190 2294 2239 utTibu11.1tb.

1247 2259 1294 2285 11.
1318 2260 1354 2285 v.
1376 2259 1435 2296 23.

1296 2299 1462 2335 Romulus
1482 2308 1638 2335 aeternae
1649 2298 1802 2335 nondum
1814 2297 2037 2343 formaverat
2050 2292 2143 2330 urhis

1297 2349 1452 2386 Moenia.
1471 2349 1531 2387 ubi
1544 2350 1640 2386 male
1652 2348 1871 2396 firmaverat
1886 2343 2296 2394 quidam.itaimaginem

1246 2399 1342 2436 urbis
1362 2401 1482 2447 potius
1502 2412 1614 2448 quam
1636 2399 1761 2436 urbem
1785 2406 1894 2434 vocat
1915 2396 2041 2432 Florus
2064 2394 2123 2431 lib.
2137 2407 2164 2431 1.
2179 2405 2297 2441 cap.1.

1237 2452 1398 2497 fhrmam
1419 2451 1587 2498 crescendo
1606 2450 1771 2486 imitatur
1791 2446 1913 2496 olympi
1935 2446 2037 2482 Basil.
2064 2456 2170 2481 unus.
2191 2444 2295 2481 versu

1244 2501 1498 2548 praecedenti,
1528 2501 1606 2537 colle
1616 2500 1682 2548 sub
1693 2501 1864 2537 Gronov.
1877 2509 1966 2534 mox
1979 2524 1988 2541 ,
2003 2493 2054 2543 stc
2071 2495 2190 2531 ducere
2209 2504 2294 2531 vate

1245 2551 1415 2589 Francos.
1445 2552 1573 2588 BURM.

1294 2613 1378 2650 434.
1407 2607 1450 2637 Ei
1463 2602 1544 2638 olim
1561 2598 1828 2648 Immenstcaput
1840 2597 1928 2634 orbis
1938 2595 2033 2645 erit.]
2064 2595 2192 2633 ΜΒΝ.
2206 2593 2299 2633 Fast.

1296 2654 1384 2696 Hic,
1413 2652 1472 2688 ubi
1500 2665 1592 2689 nunc
1614 2657 1721 2688 Roma
1743 2649 1785 2698 est
1799 2677 1809 2694 ,
1838 2648 1925 2686 orbis
1947 2655 2073 2696 caput,
2100 2643 2225 2690 arbor,
2252 2654 2295 2684 ω’

1422 2701 1527 2738 herba
1546 2731 1556 2747 ,

1349 2757 1396 2789 Et
1412 2761 1543 2801 paucae
1558 2752 1697 2800 pecudes
1711 2779 1720 2795 ‚
1748 2762 1791 2791 &⁶
1810 2751 1885 2799 casa
1904 2760 1988 2786 rara
2001 2746 2090 2795 fuit.
2107 2747 2291 2800 ,C¹0?A?¹·

1302 2804 1385 2852 436.
1416 2803 1660 2850 Fatidicasque
1680 2804 1803 2848 serunt
1825 2798 1971 2849 sorte5.]
2014 2796 2112 2853 [jibri
2144 2795 2290 2839 scripu,

1250 2853 1503 2901 Vaticinasque.
1534 2853 1650 2901 Quod
1669 2850 1985 2895 libentiussequor.
2013 2852 2179 2880 moran.
2207 2843 2293 2898 Μᾳ-

1250 2904 1296 2942 le.
1336 2916 1421 2941 nam
1465 2910 1562 2940 Vates
1591 2903 1784 2951 praecedit.
1812 2900 2019 2948 Thuaneus⁸
2041 2894 2079 2929 δί
2116 2901 2184 2929 tres
2210 2893 2291 2937 alii,

1243 2955 1505 3003 faticanasque.
1525 2963 1565 2991 ut
1592 2954 1650 2990 lib.
1672 2964 1723 2987 1x.
1746 2948 1831 2992 418.
1859 2957 1951 2981 noces
1973 2951 2083 2979 etiam
2101 2953 2167 2990 pro
2183 2943 2291 2991 sortes

1251 3006 1447 3053 Argentin.
1472 3005 1590 3044 forte,
1618 3011 1683 3046 pro
1705 3011 1812 3034 νοσεῖς.
1869 3047 1874 3053 .
2026 3045 2032 3050 -
2056 3044 2061 3050 ι

1302 3057 1388 3103 438.
1416 3054 1566 3089 Dixerat
1593 3048 1758 3096 AEneae]
1798 3047 1900 3084 Huic
1920 3044 2032 3082 versui
2054 3043 2112 3098 ille
2134 3053 2291 3098 praepo-

1252 3106 1392 3143 nendus
1407 3129 1417 3144 ‚
1447 3099 1638 3136 priamides
1660 3098 1808 3134 Helenus
1823 3126 1833 3143 ,
1869 3109 1913 3134 cx
1936 3095 2007 3132 fide
2030 3104 2133 3130 unius
2157 3104 2230 3130 mci
2251 3093 2292 3130 &z

1254 3155 1358 3191 unius
1379 3150 1552 3187 Medicei.
1580 3150 1724 3185 Heius.

1305 3202 1388 3250 438.
1417 3199 1602 3249 Labant]
1632 3198 1786 3235 Labarat
1816 3199 1944 3244 fragm.
1972 3195 2088 3233 Boxh.
2107 3194 2144 3231 ὅ(
2164 3193 2296 3232 Vivia-

1256 3264 1334 3290 nus.
1355 3252 1482 3301 periret
1502 3250 1576 3287 duo
1599 3250 1692 3287 libri.
1718 3249 1846 3286 lab-oret
1863 3248 1972 3285 Palat.
1992 3246 2060 3284 sec.

1436 3301 1604 3338 Rrrrrr
1630 3312 1649 3336 2
2104 3307 2187 3343 442.
2213 3295 2305 3344 Rapi„
