2483 3616
308 139 1555 212 M‘ETAMORPHOSEON
1628 133 1891 200 L1B.V.

2100 149 2219 207 357'

328 254 520 312 Prodit
547 265 712 310 anus;
755 246 1066 320 Divamque
1101 245 1282 309 videt;
1316 243 1695 318 lymphamque
1719 249 1969 318 roganti,

182 349 286 404 450
324 329 498 385 Dulce
523 322 708 385 dedit,
749 320 884 376 tosta
914 318 1066 395 quod
1093 330 1314 375 coxerat
1340 332 1461 374 ante
1486 317 1723 391 polenta.

40 533 205 583 telligitur
221 558 231 576 ,
261 529 299 567 δε
321 541 398 566 cum
414 526 553 579 polenta
589 526 628 565 in
648 522 839 563 auferendi
860 523 942 561 casu
964 533 1081 571 expo-

39 586 91 624 nit
124 581 296 631 Raphae‘l.
347 580 446 616 Nam
478 575 583 628 quod
623 577 774 626 quidam
808 575 895 612 hinc
927 574 1079 611 voluere

39 634 187 684 probare
204 631 378 682 polentam
410 628 481 667 effe
499 627 641 677 generis
661 627 805 671 neutri,
834 624 978 673 decepti
1002 624 1082 661 sunt

38 684 174 734 syntaxi
192 694 270 720 non
291 680 498 724 intelle&a‚
526 687 588 716 aut
620 678 767 716 licentia
795 676 955 726 poetica.
982 683 1021 712 ut
1043 675 1081 712 in

37 735 129 773 sexta
149 732 324 781 Baptistae
347 731 543 768 Mantuani
568 728 856 767 Christianiffimi
877 727 1016 764 Poetae
1032 726 1083 762 E-

38 786 151 835 cloga.
163 789 283 833 Atque
297 783 436 832 polenta
456 781 661 832 coquit‚pro
678 779 867 830 polentam.
895 777 1082 814 GLAREA-

38 848 124 874 nus.
177 834 274 881 Tosta
289 833 430 883 polenta
459 831 689 869 scribendum
722 829 793 868 effe
810 828 971 883 jam-‘alii
996 839 1082 864 mo-

24 889 211 929 nuerunt,
251 885 290 922 &
322 885 359 921 in
390 884 443 921 his
465 883 630 920 Barthius
650 883 690 920 in
711 879 946 920 Adversarus.
979 877 1080 914 Tur-

36 937 168 981 nebus,
198 937 236 973 &
258 934 416 978 Vossius
438 934 484 971 de
519 933 703 983 Analogia
732 932 825 969 libro
865 929 986 978 primo
1020 939 1080 965 ca-

35 988 108 1037 pite
119 984 306 1024 xni.&fic
329 987 491 1035 potiores
502 984 631 1033 scripti.
665 983 790 1032 Major
805 989 932 1019 tamen
955 990 1078 1015 mem-

34 1039 221 1076 branarum
248 1045 418 1074 veterum
441 1048 520 1085 pars
538 1036 612 1073 hoc
633 1035 721 1072 loco
736 1029 910 1087 mendosa
933 1028 981 1066 est
993 1043 1004 1072 ;
1036 1029 1075 1066 ὃς

31 1089 182 1138 vulgatis
200 1087 294 1126 libris
316 1086 492 1126 assensum
515 1085 672 1135 praebet.
724 1084 760 1122 Si
782 1080 870 1131 quid
884 1087 1072 1129 praeterea

33 1139 278 1183 mutandum,
305 1138 426 1188 legam
454 1166 465 1184 ‚
503 1137 604 1183 tostae
634 1134 724 1186 qaod
757 1141 894 1171 coxerat
914 1141 996 1167 ante
1013 1139 1073 1180 po-

32 1190 153 1228 lentae.
188 1190 309 1238 tostam
336 1189 513 1239 polentam
545 1186 659 1230 dixit,
688 1196 754 1233 pro
787 1181 931 1220 hordeo
953 1182 1061 1218 tosto.

31 1252 76 1278 ex
98 1240 242 1280 hordeo
254 1241 354 1277 enim
367 1239 462 1277 tosto
481 1237 643 1275 admixta
665 1247 759 1284 aqua
780 1233 969 1288 polentam
981 1243 1072 1269 con-

27 1290 209 1329 ficiebam.
236 1290 295 1328 sed
318 1290 416 1327 Naso
437 1288 498 1326 hic
518 1298 724 1336 cyceonem
747 1293 878 1334 potum
892 1283 1068 1331 delignat‚

30 1341 133 1390 quod
155 1341 340 1379 Arnobius
371 1351 438 1378 nos
470 1338 580 1375 docet
612 1338 649 1374 in
673 1336 882 1374 narratione
906 1333 1068 1383 ejusdem

29 1392 170 1430 fabulae
193 1405 201 1428 :
242 1390 358 1427 Baubo
386 1389 508 1427 Cereri
533 1387 704 1425 adulatur
751 1386 864 1433 officiis
900 1384 1067 1428 mitibus,

34 1443 202 1490 reficiendi
232 1441 372 1491 corporis
402 1450 498 1488 rogat
534 1452 654 1476 curam
682 1447 723 1474 ut
755 1436 905 1481 habeat,
936 1434 1072 1485 fitienti

32 1494 144 1531 adorei
171 1496 273 1542 (non
301 1492 420 1529 ardori
442 1502 528 1528 cum
551 1489 730 1538 vulgatis)
759 1487 883 1536 oggerit
902 1487 1071 1534 potionem

33 1545 171 1582 cinnum
185 1571 196 1588 ,
223 1549 406 1592 Cyceonem
428 1554 536 1592 quam
558 1550 735 1581 nuncupat
757 1538 914 1575 Graecia.
959 1537 1071 1573 Hanc

34 1595 227 1644 potionem
258 1594 370 1631 etiam
390 1592 582 1631 sumebant
604 1620 615 1636 ,
651 1590 717 1640 qui
745 1589 847 1627 sacris
881 1586 1071 1644 Eleufiniis

36 1644 296 1693 operabantur,
331 1651 372 1681 ut
403 1656 449 1681 ex
482 1642 618 1680 eodem
648 1649 746 1690 patet
781 1638 949 1677 Arnobio
974 1666 985 1683 ‚
1013 1649 1074 1675 cui

35 1695 109 1732 mel
141 1694 411 1732 admiscebatur.
470 1693 569 1731 Vide
602 1689 980 1730 Turneb.Adve1·sar.
1011 1688 1072 1726 lib.

36 1757 106 1783 xxx.
134 1756 212 1794 cap.
234 1757 329 1782 vr1-1.
367 1744 483 1782 Recste
512 1744 621 1781 Dulce
640 1741 801 1785 addidit,
828 1741 913 1790 quia
941 1739 1073 1789 polen-

30 1803 106 1834 tam
128 1807 213 1833 cum
236 1795 344 1834 melle
365 1794 586 1845 coquebant.
624 1794 725 1831 Hinc
746 1792 840 1841 apud
867 1791 1068 1840 Apulejum

33 1846 126 1884 Met.
147 1859 202 1884 VI.
230 1845 325 1895 Offas
342 1847 495 1897 polentae
514 1845 621 1895 mulft
642 1853 813 1881 concretas
834 1852 982 1892 utraque
993 1854 1072 1878 ma·

35 1909 83 1935 nu
109 1897 246 1946 gestare.
277 1897 337 1935 vel
368 1896 557 1941 contritas,
589 1894 692 1945 quod
724 1894 773 1931 est
808 1893 846 1931 in
886 1891 1073 1930 nonnullis

33 1949 254 1987 membranis
277 1976 288 1993 ,
327 1949 366 1985 ὅτ
395 1947 493 1985 reete
524 1945 590 1984 nisi
621 1945 775 1983 conditas
806 1956 828 1981 a
860 1942 1071 1981 condiendo

32 1998 111 2049 quis'
142 1998 254 2036 malit.
308 1999 482 2036 Ceterum
512 1997 615 2035 locus
643 1996 705 2033 hic
747 1996 793 2032 de
827 1993 910 2041 tosta
934 1993 1074 2043 polenta

35 2055 221 2097 oportune
243 2060 304 2086 me
326 2048 505 2086 admonet
523 2048 667 2085 alterius
682 2074 692 2089 ,
717 2046 781 2095 qui
807 2044 853 2082 de
866 2044 1003 2094 polenta
1018 2057 1076 2080 ca-

27 2100 131 2148 seata
151 2098 246 2147 agit,
272 2099 368 2147 apud
380 2098 581 2147 Apulejum
602 2098 694 2134 libro
707 2095 937 2133 Milesiorum
952 2094 1074 2142 primo

37 2147 224 2196 infigniter
242 2148 428 2197 depravati
450 2177 461 2194 ,
492 2160 605 2198 quem
637 2147 757 2185 oblata
787 2147 856 2184 hac
879 2143 1074 2182 occasione

36 2198 297 2247 castigabimus.
348 2199 439 2236 Non
469 2198 581 2248 longe
616 2197 661 2235 ab
693 2197 799 2235 initio
832 2195 950 2245 operis
982 2195 1073 2232 haec

36 2256 237 2287 occurrunt
255 2261 263 2285 ι
289 2253 356 2297 Ego
378 2249 519 2299 denique
539 2248 677 2298 vespera
690 2276 700 2291 ‚
728 2248 813 2284 dum
840 2246 995 2296 polentae
1017 2259 1075 2282 ca-

28 2299 150 2348 seatae
170 2299 299 2335 modico
321 2297 461 2347 offulam
478 2300 697 2347 grandiorem
709 2299 747 2335 in
766 2298 936 2335 convivas
955 2309 1076 2333 aemu-

35 2349 84 2386 los
105 2359 329 2386 contruncare
356 2348 477 2398 gestio,
504 2349 645 2391 mollitie
679 2348 743 2385 cibi
773 2345 936 2398 glutinosi
954 2347 1077 2392 fauci-

37 2398 99 2436 bus
116 2398 323 2444 inharente,
347 2400 474 2439 &ima
482 2398 566 2447 gula
583 2399 749 2448 spiritum
784 2399 979 2441 detinente,
1008 2397 1076 2433 mi-

39 2450 131 2487 nimo
147 2450 263 2486 minus
280 2450 379 2499 perii.
431 2447 523 2487 Nifi.
530 2449 702 2497 pulmenti
731 2447 857 2497 casmti
879 2447 981 2495 offula
1004 2447 1077 2483 illic

38 2500 249 2549 reponenda
263 2512 281 2545 ,'
303 2500 349 2537 de
381 2511 457 2549 quo
492 2498 551 2536 alii
578 2498 746 2536 viderint.
797 2498 941 2534 Mirum
986 2507 1077 2533 vero

36 2561 147 2599 quam
169 2561 325 2599 nugaces
346 2549 398 2587 isti
419 2549 590 2587 convivae
622 2547 750 2585 aemuli
777 2548 850 2585 hoc
874 2546 941 2583 fint
964 2545 1052 2583 loco
1066 2574 1078 2591 ,

39 2601 260 2651 quantasque
281 2600 399 2638 turbas
422 2599 611 2644 dederint,
640 2598 727 2648 quid
750 2596 979 2635 exhibuerint
992 2608 1078 2633 mo-

37 2650 215 2689 lestiarum
239 2650 355 2689 doffis
376 2649 639 2698 interpretibus.
687 2647 765 2685 Nili
785 2647 1051 2685 intervenimus
1066 2674 1077 2691 ,

40 2709 157 2740 metus
166 2701 228 2747 est,
239 2713 286 2739 ne
306 2701 434 2738 aemuli
453 2700 563 2738 nostri
574 2710 718 2737 novum
734 2697 973 2746 Lapitharum
987 2708 1078 2734 con-

42 2751 183 2789 vivium
195 2753 298 2790 nobis
311 2752 516 2789 exhibeant.
551 2750 726 2788 Aliorum
739 2747 968 2797 conjecturas
981 2748 1080 2796 piget

39 2801 233 2839 adscribere
255 2831 266 2847 ‚
303 2804 340 2840 ὃς
360 2801 675 2851 interpretationes
696 2813 705 2837 :
742 2799 902 2836 nostram
927 2797 1080 2836 Ledtori

40 2862 301 2900 proponemus.
322 2852 434 2900 Saepe
456 2863 542 2889 cum
557 2852 637 2901 jam
659 2850 872 2888 monuerim
888 2876 898 2892 ‚
911 2859 989 2885 rem
1003 2847 1081 2886 satis

40 2902 265 2950 exploratam
276 2902 331 2947 iis,
342 2904 404 2952 qui
415 2902 645 2939 membr-anas
656 2909 795 2939 veteres
817 2899 1001 2936 versarunt
1011 2926 1022 2943 ,
1037 2900 1080 2937 C.

42 2952 143 2997 QG.
151 2952 267 2990 literas
277 2952 683 3002 inantiquiscodicibus
696 2952 906 3000 promiscue
917 2960 986 2986 con
992 2949 1078 2986 fun-

42 3000 148 3047 di,id
165 3015 315 3053 quoque
324 3004 411 3041 loco
430 3000 809 3050 huiccorrumpendo
830 3000 951 3038 ansam
964 2999 1078 3037 dedit.

44 3051 283 3091 Scribendum
306 3054 464 3103 quippe,
486 3053 525 3090 in
540 3053 702 3102 gingivas
725 3050 895 3089 eminulas
913 3061 1079 3087 contrun-

42 3115 118 3139 care
146 3103 325 3150 gestioaein
344 3105 504 3152 gingivas
521 3115 588 3151 pro
600 3103 748 3152 gingivis
770 3130 781 3147 ,
810 3102 1016 3147 ἀρχαϊκῶς,
1038 3101 1079 3138 &

44 3151 254 3198 Apulejano
266 3164 391 3197 more,
419 3153 515 3202 apud
534 3165 646 3202 quem
671 3154 713 3189 'ro
734 3153 772 3189 in
792 3151 895 3200 saepe
909 3151 1077 3198 superva-

47 3212 160 3237 cuum
181 3202 346 3238 occurrit.
358 3204 394 3239 δί
407 3215 490 3239 cum
504 3211 635 3251 quarto
654 3201 735 3238 casu
744 3202 961 3249 plerumque
983 3212 1076 3237 con-

44 3250 218 3301 iungitur.
241 3249 296 3290 fic>
310 3251 418 3299 paulo
440 3253 517 3301 post
530 3279 542 3300 ,
559 3262 646 3304 puer
666 3252 706 3303 in
724 3250 902 3304 mollitiem
925 3251 1074 3302 decoras.

2040 391 2193 450 Dum

1872 489 1882 505 N

1135 521 1173 560 in
1185 520 1355 572 stuporem
1375 519 1571 565 attonitus,
1600 531 1668 569 pro
1684 520 1828 570 stupore.
1855 521 1894 558 δε
1920 520 2014 558 vitro
2036 521 2192 560 aemulas

1134 573 1173 610 in
1185 573 1336 610 colorem.
1372 571 1465 610 libro
1489 585 1534 608 11.
1563 571 1602 608 in
1624 584 1742 609 aureos
1768 571 1974 621 refulgentes
2007 574 2192 612 attonitus.

1134 623 1226 661 libro
1248 635 1311 661 111.
1333 621 1431 670 fixus
1466 622 1504 659 in
1527 621 1688 672 lapidem.
1713 623 1834 671 jacens
1863 623 1903 659 in
1932 633 2121 660 mortuum.
2149 625 2189 662 δί

1134 673 1196 712 sub
1231 673 1366 718 finem,
1393 673 1432 710 in
1451 672 1540 722 asini
1550 674 1683 721 faciem
1696 675 1805 720 fhena
1825 672 2000 710 rodebam.
2027 673 2107 711 libri
2117 674 2188 722 pri:

1140 726 1193 763 mi
1215 725 1321 762 initio
1337 753 1347 770 ,
1374 738 1427 773 ego
1441 725 1605 773 sudorem
1618 726 1740 772 fronte
1761 724 1872 774 effrico
1896 753 1907 769 ,
1935 738 2035 761 aures
2058 725 2188 761 remul-=

1137 788 1188 812 ceo
1202 804 1213 820 ‚
1236 779 1350 819 frenos
1362 775 1506 812 detraho
1520 803 1531 819 ,
1558 775 1597 812 in
1605 775 1760 825 gradum
1783 776 1893 812 lenem
1903 773 2033 823 sensim
2050 785 2188 824 promo-

1137 841 1223 863 veo:
1252 838 1319 875 pro
1342 827 1409 863 leni
1432 827 1560 875 gradu.
1615 826 1742 874 Vulgo
1776 825 1928 877 proveho
1960 826 2033 863 illic
2053 826 2188 874 legitur

1136 877 1313 914 mendose
1330 905 1341 921 ‚
1362 885 1403 914 ut
1434 878 1578 925 opinor.
1606 878 1645 915 &
1665 876 1775 926 paulo
1802 876 1880 926 post
1898 877 1937 913 in
1949 876 2057 913 verba
2073 876 2191 925 fiden-

1137 927 1217 964 tior.
1245 928 1288 964 In
1312 927 1501 976 Apologia
1530 927 1626 976 apud
1655 927 1818 965 eundem
1850 927 2053 976 Apulejum
2073 927 2189 976 gingi==

1134 991 1266 1014 varum
1289 989 1364 1015 vox
1387 978 1525 1022 exstat,
1552 978 1614 1015 ubi
1630 977 1869 1027 pulvisculum
1895 977 2188 1024 complanatorem
2205 985 2214 990 ‘

1133 1027 1394 1065 tumidularum
1421 1029 1689 1077 gingivularum
1720 1028 1841 1067 habet.
1866 1028 1963 1066 libro
1985 1040 2075 1066 vm.
2103 1041 2184 1065 ma-

1131 1092 1217 1115 num
1239 1078 1418 1128 cujusdam
1429 1081 1566 1126 faetore
1578 1079 1774 1125 fhrdentem
1790 1108 1800 1124 ‚
1827 1080 1890 1130 qui
1905 1079 2072 1128 gingivas
2085 1080 2185 1117 iden»

1127 1130 1235 1166 tidem
1257 1143 1350 1166 meas
1356 1129 1509 1179 putridis
1514 1129 1690 1178 scalpebat
1705 1131 1842 1179 digitis,
1853 1130 2026 1167 mordicus
2038 1130 2184 1180 arripio.

1126 1180 1222 1218 Puto
1255 1180 1414 1218 eandem
1437 1191 1573 1218 vocem
1596 1180 1760 1229 Apulejo
1780 1192 1932 1230 quoque
1954 1180 2181 1219 reddendam

1129 1229 1199 1267 effe
1221 1230 1313 1268 libro
1341 1243 1396 1269 vr.
1424 1231 1678 1279 Metamorph.
1702 1231 1748 1268 de
1772 1232 1928 1279 Aquila,
1959 1237 2054 1268 Inter
2078 1244 2185 1279 genas

1119 1282 1360 1330 saevientium
1391 1282 1550 1318 dentium
1564 1310 1575 1325 ,
1615 1293 1658 1321 (7¹
1680 1280 1822 1330 trisulca
1835 1281 2040 1319 vibramina
2060 1282 2182 1318 draco-

1125 1333 1420 1381 num‚remigium
1444 1333 1569 1369 dextra
1592 1332 1761 1382 laevaque
1772 1332 1961 1382 porrigens,
1973 1332 2121 1369 nolentes
2142 1346 2184 1369 a=

1126 1396 1215 1433 quas
1238 1384 1376 1432 excepit.
1397 1384 1476 1432 quis
1497 1383 1559 1421 iste
1582 1382 1715 1420 modus
1735 1382 1914 1432 loquendi
1928 1411 1938 1427 ,
1966 1383 2056 1419 inter
2072 1396 2179 1432 genas

1117 1434 1360 1482 saevientium
1382 1434 1538 1471 dentium
1563 1444 1578 1472 ἓ
1614 1433 1765 1478 Scribo,
1792 1435 1884 1470 inter
1909 1434 2072 1483 gingivas
2094 1434 2176 1481 sae-

1127 1485 1321 1523 vientium.
1361 1496 1448 1522 nam
1482 1484 1525 1521 τὸ
1549 1485 1707 1522 dentium
1719 1496 1764 1522 ex
1786 1483 2001 1533 glossemate
2032 1483 2184 1532 irrepsit.

1125 1535 1186 1573 sed
1208 1537 1246 1573 &
1269 1536 1425 1572 eminula
1448 1536 1587 1585 angulis
1612 1537 1708 1584 saxa
1733 1535 1830 1584 apud
1855 1535 2015 1573 eundem
2039 1535 2077 1572 in
2096 1534 2188 1572 Flo-

1126 1586 1208 1623 ridis
1232 1586 1281 1623 est
1316 1587 1621 1624 animadvertere.
1649 1585 1850 1636 quomodo
1884 1585 1981 1634 apud
2019 1585 2184 1622 Pruden-

1127 1637 1221 1674 tium
1246 1639 1325 1681 περὶ
1347 1639 1436 1681 eea).
1491 1639 1652 1686 Hymno
1690 1637 1876 1681 Eulaliae,
1904 1636 2078 1673 modicum
2092 1636 2182 1683 salis

1128 1688 1288 1725 eminulis
1309 1687 1426 1736 digitis
1448 1698 1596 1736 tangere.
1650 1687 1745 1724 Usus
1765 1687 1877 1725 etiam
1901 1697 1944 1724 ea
1966 1698 2062 1724 voce
2084 1686 2183 1723 Var-

1128 1750 1171 1775 ro
1205 1750 1284 1775 non
1305 1737 1430 1775 semel.
1457 1738 1517 1775 Est
1538 1737 1669 1776 eadem
1690 1750 1766 1774 vox
1790 1738 1996 1775 etiamnum
2021 1736 2181 1774 mendo=

1126 1789 1161 1826 sa
1183 1788 1326 1826 Milesia
1337 1800 1418 1825 rum
1445 1788 1607 1826 secundo
1643 1787 1741 1837 apud
1775 1788 1875 1825 hunc
1896 1788 2014 1836 ipsum
2037 1787 2181 1836 Apule-

1123 1840 1208 1888 jum
1224 1853 1232 1877 :
1266 1840 1326 1876 Ad
1338 1839 1448 1886 instar
1459 1849 1638 1876 oratorum
1658 1840 1851 1885 conformat
1861 1838 2052 1875 articulum
2066 1855 2076 1874 :
2092 1839 2179 1875 duo-

1127 1890 1254 1941 busque
1273 1890 1406 1937 infimis·
1425 1888 1583 1939 conclusis
1605 1890 1743 1939 digitis,
1770 1900 1889 1926 ceteros
1919 1888 2086 1926 eminulos
2098 1899 2181 1939 por-

1128 1941 1261 1990 rigens,
1300 1954 1344 1981 (7
1371 1940 1489 1989 infesto
1516 1941 1633 1991 pollice
1668 1940 1849 1990 clementer
1870 1939 2074 1990 subrigens,
2100 1940 2183 1988 infit·

1131 1992 1313 2041 Telephron
1329 2008 1340 2028 .·
1367 1992 1415 2029 ita
1439 1992 1540 2029 enim
1562 1990 1809 2040 castigandum
1825 1990 1956 2028 censeo
1970 2019 1979 2035 ,
1994 2003 2080 2028 cum
2096 1991 2180 2028 scri-

1128 2043 1181 2091 pti
1203 2043 1427 2092 &princeps
1457 2042 1572 2080 editio
1597 2071 1607 2087 ‚
1655 2052 1776 2079 ceteros
1822 2041 1956 2078 eminus
1982 2042 2180 2091 porrigens,

1129 2094 1266 2142 vulgati
1283 2094 1488 2136 ,eminentes
1501 2094 1665 2142 porrigit.
1711 2091 1828 2129 Simili
1856 2102 1979 2128 errore
2003 2093 2114 2128 etiam
2137 2092 2177 2128 in

1129 2143 1281 2181 Floridis
1319 2156 1398 2182 111.
1428 2151 1601 2192 peccatur
1624 2171 1633 2187 ,
1678 2142 1741 2192 qui
1793 2142 1895 2178 locus
1943 2140 1991 2178 fic
2033 2141 2178 2178 videtur

1134 2194 1408 2232 constituendus
1423 2223 1433 2238 ,
1462 2194 1507 2231 de
1520 2194 1678 2243 Aquila3
1702 2193 1763 2242 qui
1788 2191 1898 2239 vulgo
1915 2190 2109 2228 mendosus
2121 2192 2180 2229 ni-

1130 2246 1199 2282 miS
1212 2245 1284 2283 est:
1314 2245 1397 2282 Inde
1418 2247 1541 2282 cancia
1564 2244 1740 2294 despiciens
1753 2241 1963 2283 &inhibens
1980 2242 2176 2290 pinnarum

1129 2296 1366 2333 eminularum
1387 2309 1444 2332 ceu
1466 2294 1584 2345 defessa
1615 2294 1781 2342 remigia,
1807 2305 1848 2329 ac
1866 2292 2039 2341 paulisper
2061 2302 2181 2329 conta-

1130 2346 1245 2383 bundo
1270 2346 1396 2383 volatu
1420 2356 1531 2396 paene
1563 2345 1676 2382 eodem
1717 2343 1782 2379 loco
1800 2342 1952 2391 pendula
1973 2342 2179 2379 circumtue=

1131 2406 1192 2433 tur
1205 2425 1214 2440 ,
1229 2398 1422 2447 &quaerit
1435 2425 1445 2441 ,
1473 2396 1616 2445 quorsus
1630 2392 1837 2444 potiffimum
1865 2393 1904 2429 in
1928 2393 2099 2443 praedam
2113 2394 2181 2442 fic·-

1124 2456 1228 2496 perne
1273 2448 1342 2495 seſsi
1382 2456 1546 2495 proruat.
1612 2445 1669 2482 Sic
1709 2442 1927 2494 prominulus
1971 2443 2068 2492 apud
2107 2443 2180 2481 Pli-

1131 2497 1236 2533 nium
1266 2497 1359 2534 libro
1382 2508 1417 2533 v.
1455 2497 1523 2545 Ep.
1557 2507 1612 2532 vx.
1645 2495 1691 2532 de
1714 2493 1819 2531 villa:
1852 2500 1989 2542 Magna
1999 2494 2059 2542 sui
2074 2504 2176 2543 parte.

1134 2546 1316 2583 meridiem
1330 2548 1485 2596 spectat,
1512 2546 1748 2595 aestivumque
1760 2544 1867 2594 fhlem
1890 2544 1934 2580 ab
1956 2544 2042 2581 hora
2056 2544 2179 2592 fi’xta,

1132 2596 1316 2633 hibernum
1336 2596 1519 2647 aliquanto
1551 2595 1726 2633 maturius
1759 2593 1859 2645 quasi
1881 2594 2019 2632 invitat
2039 2595 2076 2631 in
2098 2604 2181 2644 por-·

1133 2649 1242 2684 ticum
1267 2647 1437 2687 latomo·
1452 2646 1702 2697 prominulam.
1757 2646 1810 2682 lta
1832 2646 1870 2682 in
1882 2645 2090 2694 pervetusto
2113 2657 2180 2684 co·-

1133 2697 1215 2734 dice
1237 2697 1415 2736 Mediceo
1429 2697 1562 2746 legitur
1583 2695 1856 2745 elegantiffime.
1896 2696 2022 2745 Vulgo
2044 2696 2082 2733 in
2098 2705 2181 2746 por*⁹

1135 2748 1244 2785 ticum
1276 2748 1391 2784 latam
1423 2759 1467 2788 <9¹
1497 2757 1562 2797 pro
1593 2748 1691 2785 modo
1714 2747 1863 2796 longam.
1889 2760 2016 2795 ungues
2034 2747 2180 2784 eminuli

1136 2799 1233 2847 apud
1256 2799 1426 2836 Nonium
1449 2798 1488 2836 in
1499 2797 1750 2848 praefhgmina.
1795 2796 1972 2846 Apulejus
1994 2797 2127 2835 Florid.
2145 2810 2176 2835 1.

1136 2849 1230 2895 Jam
1245 2849 1426 2899 primum,
1453 2849 1596 2898 inquit,
1633 2848 1740 2885 crines
1781 2848 1850 2895 esus
1875 2847 2040 2898 promiffis
2070 2848 2179 2884 antiis

1137 2912 1181 2939 (φ
1204 2899 1411 2949 prominulis
1443 2899 1612 2949 caproneis
1640 2898 1863 2936 anteventuli
1884 2911 1928 2938 <9⁴
1944 2898 2144 2948 propenduli
2163 2913 2176 2932 ς·

1136 2962 1231 3000 quae
1261 2950 1349 3000 quid
1377 2949 1440 2987 fibi
1471 2950 1608 2994 velint,
1637 2961 1754 2987 nemo
1782 2960 1851 2987 nos
1873 2948 2010 2986 docuit.
2049 2949 2141 2984 Puto
2163 2973 2177 2990 2,

1127 3000 1234 3051 prolis
1255 3000 1416 3050 missatiis
1426 3014 1475 3038 an
1496 3012 1540 3040 ω’
1553 3000 1760 3050 prominulis
1780 3001 1959 3049 caproneis.
1972 2997 2174 3047 promittere

1134 3053 1242 3088 crines
1262 3052 1416 3101 elegans.
1444 3051 1555 3100 paulo
1575 3051 1654 3100 post
1686 3062 1752 3099 pro
1771 3078 1782 3095 ,
1813 3050 1875 3098 fi’u
1906 3059 1981 3085 tute
2000 3046 2172 3089 oratione,

1124 3103 1189 3150 ftu
1209 3101 1360 3150 versibus
1383 3101 1486 3139 malis
1500 3129 1510 3146 ,
1534 3101 1643 3150 lego,
1657 3103 1719 3149 seu
1732 3100 1851 3149 soluta
1873 3098 2033 3135 oratione.
2070 3100 2182 3132 Con·—

1132 3163 1294 3189 truncare
1318 3153 1529 3189 Plautinum
1549 3151 1703 3188 verbum
1717 3151 1764 3187 est
1779 3178 1788 3193 ‚
1801 3149 1863 3196 qui
1885 3146 1983 3186 Astu
2001 3156 2059 3183 1v.
2071 3145 2128 3184 Sc.
2144 3157 2180 3187 ι,

1130 3214 1364 3255 contruncare
1387 3201 1503 3241 cibum
1525 3213 1594 3251 pro
1616 3200 1724 3240 edere
1743 3198 1877 3248 posuit,
1896 3220 1907 3223 ι
