2483 3616
772 187 833 247 P.
910 188 1331 249 OVIDII

1405 187 1948 248 NASONIS·

554 293 650 352 Est
672 297 915 354 medium
938 300 1176 374 Cyanes,
1219 296 1276 352 <Sc
1299 297 1508 354 Pisaeae
1535 298 1833 356 Arethusae
1848 338 1864 365 ,

414 371 517 443 '410

556 369 727 443 Quod
754 373 865 427 coit
892 371 1118 453 angustis
1142 371 1405 426 inclusum
1427 372 1707 436 cornibus,
1744 390 1962 454 aequor.

558 444 674 501 Hic
702 444 831 510 fuit,
871 447 900 500 a
930 462 1078 517 cujus
1104 443 1345 516 stagnum
1371 462 1593 517 quoque
1618 461 1839 501 nomme
1863 445 2068 502 di&um
2098 443 2228 511 ests)

556 517 702 574 Inter
725 518 979 574 Sicelidas
1005 517 1190 590 Cyane
1219 517 1565 572 celeberrima
1590 517 1899 589 Nympha83

557 590 793 662 Gurgite
820 610 956 666 quae
982 591 1167 646 medio
1190 589 1396 644 summa
1420 602 1577 644 tenus
1603 590 1802 644 exstitit
1832 592 1978 658 alvo,
2003 643 2005 646 .

558 665 912 739 Agnovitque
936 666 1142 720 Deum:
1183 663 1300 718 Nec
1326 662 1536 735 longius
1560 661 1735 727 ibitis,
1773 663 1966 736 inquit.

407 742 509 808 2315
548 736 676 792 Non
701 751 853 808 potes
875 739 1072 793 invitae
1098 736 1314 792 Cereris
1339 754 1505 808 gener
1529 734 1649 790 effe.
1687 736 1958 808 roganda3

552 811 679 866 Non
708 810 960 881 rapienda
982 810 1100 865 fuit.
1128 809 1279 883 quod
1305 809 1342 865 fi
1365 827 1696 882 componere
1722 809 1928 881 magnis

554 883 723 940 Parva
750 883 881 936 mihi
907 882 982 938 fas
1009 882 1114 945 est3
1156 882 1212 937 &
1237 900 1325 938 me
1350 883 1539 938 dilexit
1564 883 1784 954 Anapis,

558 956 797 1011 Exorata
823 969 1031 1021 tamen,
1072 974 1202 1020 nee,
1239 969 1299 1011 ut
1322 957 1483 1020 haee,
1521 957 1774 1010 exterrita
1800 954 1972 1028 nupfi.'

556 1028 735 1084 Dixit:
779 1029 865 1094 &,
889 1030 953 1084 ,in
980 1043 1155 1103 partes
1182 1029 1411 1085 diversas
1434 1030 1649 1085 brachia
1675 1029 1932 1093 tendens,
1958 1078 1961 1081 .

412 1109 522 1175 420
561 1101 797 1158 Obstitit.
834 1103 977 1158 haud
1002 1104 1139 1158 ultra
1169 1105 1345 1159 tenuit
1372 1102 1644 1159 Saturnius
1669 1104 1830 1158 iram:

558 1176 966 1250 Terribilesque
991 1178 1231 1232 hortatus
1258 1196 1454 1250 equos,
1493 1178 1548 1230 in
1576 1177 1799 1249 gurgitis
1824 1176 1930 1231 ima

559 1249 897 1307 Contortum
922 1250 1103 1307 valido
1128 1250 1398 1325 sceptrum
1425 1250 1601 1322 regale
1625 1251 1839 1305 lacerto.

267 1464 382 1514 pitem
410 1474 455 1502 ex
474 1461 548 1502 alto
571 1462 684 1503 dedit.
715 1466 843 1514 Quare
864 1464 1072 1512 Corinthii,
1094 1476 1144 1504 ne
1165 1464 1321 1504 inultam

268 1527 352 1554 eam
376 1517 529 1552 caedem
562 1516 810 1564 relinquerent
833 1545 844 1562 ,
871 1518 1098 1567 oraculoque
1125 1517 1162 1555 id
1177 1517 1324 1566 jubenti

267 1567 588 1615 obtemperarent,
615 1565 835 1604 Bacchiadas
855 1568 1085 1618 expulerunt.
1112 1568 1334 1606 Cherficra-›

265 1623 321 1654 tes
352 1626 477 1654 autem
510 1628 602 1654 unus
636 1618 879 1655 Eacchiadum
915 1621 1116 1668 (Iercyram
1151 1619 1337 1657 aedifica-ff

265 1667 347 1711 vit,
370 1679 453 1705 cum
479 1668 576 1705 illinc
599 1668 762 1706 Colchos
790 1667 961 1719 ejecisset.
1014 1671 1173 1708 Videtur
1192 1680 1318 1709 autem

266 1722 381 1767 poeta
402 1719 554 1756 innuere
566 1725 770 1769 Drepanum
792 1720 812 1757 ’ξι
841 1721 1049 1760 Bacchiadis
1060 1721 1311 1766 aedificatum.

269 1779 485 1819 quanquam
518 1771 556 1808 ὅ(
587 1772 747 1820 Cercyra
780 1777 943 1821 Drepane
977 1773 1085 1812 fuerit
1116 1773 1316 1822 appellata:

266 1820 371 1868 quod
392 1820 416 1868 ’<
428 1829 467 1857 ut
490 1820 671 1859 Timaeus
693 1822 837 1870 inquit)
865 1822 1133 1868 δρέπανουώοε
1155 1824 1316 1870 est‚faix,

267 1869 342 1907 illic
365 1870 573 1908 abscondita
605 1872 676 1917 est,
702 1884 776 1922 qua
809 1874 954 1911 Cronus
975 1876 1093 1913 Urani
1108 1905 1119 1920 ,
1146 1875 1220 1913 hoc
1242 1875 1316 1920 est,

269 1921 398 1967 Caeli,
425 1921 595 1970 pudenda
611 1951 620 1967 ‚
649 1931 711 1960 aut
731 1926 897 1972 juppiter
920 1926 1035 1964 Croni
1048 1927 1228 1964 reciderit.
1241 1928 1321 1965 RE*

271 1982 381 2009 ems.
436 1973 526 2009 Non
557 1971 772 2022 Drepanum
799 2003 810 2019 ‚
846 1976 906 2013 sed
938 1977 1126 2025 Syracusas
1148 1978 1317 2026 intelligit

269 2023 430 2060 Ovidius
445 2052 456 2068 ‚
484 2023 527 2060 ab
551 2023 687 2061 Archia
710 2026 875 2064 conditas
890 2029 975 2076 ,qui
999 2029 1037 2066 ὅ(
1058 2029 1130 2077 ipse
1143 2029 1317 2066 Bacchia-

269 2072 360 2111 dum
387 2085 480 2112 unus
504 2074 596 2119 fuit,
630 2075 833 2115 Actaeonis
854 2078 1091 2125 interfector,
1118 2080 1182 2129 qui
1210 2080 1248 2117 ἃ
1276 2079 1322 2117 de

267 2123 424 2162 :filiarum
458 2124 601 2162 suarum
637 2127 850 2165 nominibus
876 2129 1073 2179 Ortygiam
1106 2131 1143 2168 ὃς
1167 2131 1322 2180 Syracu·

267 2174 319 2213 sas
343 2174 561 2224 appellavit,
588 2176 661 2224 ipse
684 2177 807 2226 postea
840 2179 976 2219 eodem
1001 2180 1118 2218 modo
1150 2180 1171 2219 a
1203 2182 1337 2219 Tele-⁷

266 2226 344 2275 pho
368 2226 533 2275 quodam
555 2228 692 2265 occisus
706 2256 716 2272 ,
745 2238 784 2267 ut
805 2229 878 2279 ipse
900 2230 1134 2269 Actaeonem
1168 2233 1317 2271 interfe-

267 2287 377 2315 cerat.
407 2277 608 2316 Historiam
630 2281 824 2319 annotavit
845 2281 1034 2320 Leonicus
1056 2282 1101 2320 de
1120 2283 1209 2321 Var.
1224 2285 1318 2323 Hist.

267 2326 361 2365 iibro
384 2327 571 2374 secundo,
599 2330 717 2378 capite
740 2330 903 2370 decimo.
922 2368 924 2370 ,
956 2333 1006 2371 Et
1028 2335 1200 2373 meminit
1223 2336 1319 2374 Stra-

268 2377 319 2434 bo
341 2379 431 2417 item
449 2379 544 2418 libro
560 2381 675 2418 sexto.
705 2381 931 2422 Theocritus
951 2392 1075 2422 autem
1098 2385 1232 2434 ldyllio
1254 2386 1319 2425 de-

270 2439 373 2467 cimo
402 2430 518 2468 sexto,
570 2431 760 2480 Syracusas
784 2435 895 2472 etiam
930 2434 1191 2484 Ephyreorum
1208 2465 1218 2480 ‚
1243 2438 1319 2476 hoc

269 2479 321 2516 est
344 2507 357 2524 ‚
411 2481 692 2521 Corinthiorum
742 2484 869 2523 urbem
915 2494 1038 2524 vocat.
1091 2487 1318 2527 Micrrrus.

269 2530 486 2568 Bacchiadae
515 2534 700 2581 epenthesi
734 2536 839 2574 unius
860 2536 985 2575 literae
1016 2550 1082 2587 pro
1114 2538 1316 2578 Bacchidae.

270 2581 514 2636 Quamquam
547 2585 658 2623 etiam
690 2587 906 2624 Bacchiadae
939 2590 1035 2638 apud
1068 2590 1318 2629 Strabonem:

271 2630 418 2687 videtur
445 2642 567 2672 autem
602 2636 648 2673 de
677 2637 814 2676 Archia
847 2639 1102 2688 Syracusarum
1125 2642 1321 2680 conditore

270 2680 376 2731 loqui
391 2710 401 2727 ,
429 2683 474 2739 de
496 2697 572 2734 quo
596 2686 722 2724 Strabo
744 2688 806 2729 lib.
828 2701 880 2726 VI.
911 2702 995 2729 cum
1019 2693 1120 2730 enim
1133 2693 1244 2742 paulo
1256 2705 1322 2732 an-

272 2739 311 2788 ,¹⁶³
334 2734 528 2782 Perguam
550 2736 669 2774 lacum
685 2766 696 2781 ‚
725 2751 801 2776 non
822 2740 932 2788 longe
952 2741 996 2778 ab
1018 2743 1142 2781 Aetna
1166 2743 1293 2782 locum
1308 2772 1319 2789 ,

268 2794 310 2840 ιη
330 2796 408 2835 quo
430 2793 530 2834 rapta
561 2785 648 2824 effer
677 2788 883 2838 Proserpina
899 2819 908 2832 ‚
938 2791 1168 2841 descripsisset
1188 2795 1319 2840 Poeta,

269 2833 334 2873 hic
356 2847 454 2874 nunc
475 2835 598 2873 locum
625 2837 811 2884 describit,
837 2841 897 2878 ubi
926 2851 1028 2890 rupta
1056 2845 1183 2882 tellure
1216 2846 1320 2884 Pluto

268 2885 317 2923 ad
344 2886 480 2924 inferos
499 2885 693 2926 descendit.
717 2901 880 2940 eumque
900 2892 996 2929 haud
1019 2895 1146 2941 procul
1160 2895 1316 2943 Syracu·

270 2933 316 2973 :xis
335 2936 439 2974 fuisse
462 2939 616 2981 fatetur;
655 2951 791 2990 nempe
819 2942 881 2979 ubi
908 2942 989 2979 sunt
1010 2943 1142 2992 Cyane
1163 2946 1203 2982 ὃς
1223 2947 1319 2983 Are-

272 2986 376 3025 thusa
397 2989 537 3027 fontes.
585 2990 749 3038 Raphael
771 2991 816 3030 de
837 2993 1015 3041 Drepano
1036 2993 1141 3043 loqui
1163 2996 1317 3033 Poetain

270 3039 479 3078 contendit.
517 3040 570 3078 At
592 3040 808 3090 Drepanum
838 3044 877 3081 in
905 3044 1069 3081 maxime
1099 3045 1319 3084 occidentali

272 3088 408 3127 insulae
439 3101 538 3139 parte
559 3091 631 3136 est,
659 3104 745 3130 cum
770 3094 1121 3143 Syracusae&haec
1149 3107 1321 3135 comme-

275 3142 580 3179 morataloca.in
616 3144 785 3181 orientali
814 3145 953 3183 latere.-
994 3146 1120 3183 Movit
1148 3147 1321 3195 Rapha'e'-

273 3188 349 3227 lem
382 3191 534 3247 sequens
566 3203 713 3232 carmen
738 3222 749 3238 ,
786 3201 883 3233 Inter
903 3196 1121 3247 inaequales..
1133 3199 1326 3246 posuerant·

275 3253 409 3296 maenia
428 3255 570 3292 portus,
598 3244 701 3293 quod
719 3254 845 3286 tamen
880 3247 917 3284 δε
941 3247 987 3284 de
1009 3247 1190 3297 Syracusis
1213 3250 1334 3288 intel-v

273 3289 464 3338 hgipoffir.
492 3296 747 3350 firmemus.
797 3297 1011 3335 Bacchiadas
1031 3298 1121 3336 dixit
1140 3300 1329 3338 imitatio·

269 3349 324 3386 {le
345 3342 538 3392 Apollonii
557 3346 695 3387 Rhodii
721 3347 783 3390 lib.
804 3360 859 3388 xv.
886 3360 993 3390 1212.
1029 3349 1132 3400 cujus
1154 3349 1320 3404 Scholia-3

2277 1323 2452 1384 Con-³⁶·-

1378 1465 1444 1506 stes
1459 1495 1469 1512 ‚
1498 1478 1576 1505 non
1598 1476 1619 1503 a
1635 1463 1791 1503 Bacchia
1806 1493 1817 1510 ‚
1841 1463 1902 1504 sed
1922 1475 1943 1503 a
1965 1463 2126 1503 Bacchio
2148 1463 2321 1514 Dionysii
2349 1465 2438 1506 filio·

1380 1518 1530 1556 deducit
1557 1518 1653 1555 hanc
1684 1516 1968 1565 appellationem
1995 1545 2005 1561 ‚
2045 1521 2081 1554 ὃς
2117 1518 2298 1554 rationem
2326 1545 2336 1561 ‚
2363 1529 2426 1558 cur

1380 1569 1516 1618 expulsi
1530 1567 1715 1606 Corintho
1728 1568 1878 1613 fuerint,
1899 1567 2018 1605 tradit.
2029 1567 2205 1605 Aelianus
2218 1579 2307 1605 vero
2317 1568 2377 1607 lib.
2393 1572 2435 1609 ιε’·

1376 1621 1464 1659 Var.
1487 1633 1564 1669 cap.
1581 1633 1636 1667 19.
1665 1618 1728 1668 qui
1749 1619 1982 1665 Βακχεέαδας
1998 1626 2110 1657 vocat
2124 1647 2134 1663 ,
2155 1626 2303 1668 propter
2322 1619 2438 1658 luxu-'-

1376 1672 1467 1709 riem
1493 1671 1626 1721 ejectas
1654 1677 1784 1707 narrat.
1814 1669 1941 1708 Strabo
1964 1669 2176 1717 Βακχῑειόκς
2196 1670 2339 1719 semper
2358 1682 2428 1719 vof

1376 1731 1458 1768 cat,
1493 1732 1532 1760 ut
1554 1722 1699 1760 libyn,
1714 1732 1795 1770 pag.
1821 1720 1905 1770 326.
1932 1721 1971 1759 ὃς
1994 1733 2084 1759 vm.
2103 1732 2137 1770 p.
2166 1721 2252 1770 3⁷8.
2274 1722 2322 1759 Et
2335 1722 2426 1760 Pau-³

1372 1773 1444 1812 san.
1463 1774 1522 1811 lib.
1551 1785 1607 1811 11.
1628 1784 1752 1821 cap.4.
1780 1773 1819 1809 δε
1841 1784 1876 1809 v.
1909 1784 1962 1819 ¹7·
1999 1772 2061 1809 ubi
2084 1770 2266 1810 videndae
2288 1772 2426 1811 Kuhnii

1373 1833 1498 1863 notae.
1535 1823 1709 1861 Eusebius
1741 1834 1834 1861 vero
1858 1823 2001 1862 Chron.
2024 1823 2070 1861 ad
2092 1834 2150 1861 an.
2186 1836 2278 1861 mx.
2301 1834 2321 1861 a
2343 1824 2423 1862 Co-
2450 1846 2453 1849 -

1372 1876 1593 1914 rinthiorum
1616 1886 1702 1923 rege
1722 1874 1871 1923 quinto,
1882 1875 1945 1924 qui
1966 1873 2110 1911 Bacchis
2131 1872 2248 1912 dictus
2268 1874 2351 1920 fuit,
2363 1874 2429 1921 de-⁴

1373 1927 1476 1966 ducit
1499 1925 1726 1964 Bacchiadas.
1753 1925 1887 1962 BURM.

1423 1990 1510 2026 407.
1535 1977 1675 2016 Rimari
1689 1989 1771 2026 gens
1803 1985 1881 2013 orta
1903 1973 2112 2026 Cariatha]
2170 1975 2229 2013 Sic
2255 1987 2313 2016 tv.
2333 1974 2444 2023 Fast4.

1375 2042 1460 2079 501.

1424 2093 1711 2144 Hadriacumque
1724 2100 1849 2142 patens
1870 2089 1955 2137 late,
1968 2089 2205 2141 bimaremque
2217 2086 2427 2140 Corinthon}

1374 2157 1512 2196 Horat.
1530 2157 1590 2196 lib.
1618 2170 1648 2196 1.
1672 2156 1759 2196 Ode
1779 2169 1824 2196 vr
1836 2169 1868 2195 1.

1427 2224 1624 2275 Bimarisve
1635 2224 1804 2262 Corinthi
1838 2220 1991 2260 Moenia.

1374 2283 1435 2322 De
1459 2284 1645 2322 Corintho
1671 2282 1720 2320 fic
1742 2283 1786 2320 C.
1808 2281 1974 2331 Vellejus
1997 2278 2203 2318 Paterculus
2221 2277 2282 2317 lib.
2308 2289 2340 2318 r.
2365 2280 2423 2330 132

1375 2336 1503 2372 Eodem
1524 2349 1617 2373 anno
1632 2363 1642 2380 ‚
1675 2348 1743 2386 qao
1764 2332 1943 2381 Carthago
1964 2331 2138 2376 concidit,
2167 2336 2206 2367 L.
2224 2331 2423 2368 Mummius¹

1376 2385 1612 2428 Corinthum,
1635 2385 1706 2436 post
1735 2398 1844 2422 annos
1876 2387 2128 2421 DCCCCLII.
2147 2394 2256 2431 quam
2281 2381 2325 2418 ab
2346 2388 2420 2437 Ha-

1374 2437 1460 2482 lete,
1499 2438 1651 2486 Hippotis
1676 2436 1752 2485 filio
1771 2464 1783 2481 ‚
1819 2445 1896 2472 erat
1927 2433 2067 2472 condita
2088 2460 2100 2477 ,
2119 2433 2290 2480 funditus
2320 2440 2420 2469 erust,

1375 2488 1482 2526 Haec
1502 2489 1584 2526 urbs
1603 2488 1680 2526 solo
1707 2494 1863 2537 aequata
1886 2485 1908 2522 a
1930 2486 1974 2522 C.
1996 2483 2095 2531 Julio
2117 2482 2269 2539 Caesare
2288 2482 2420 2520 instau-

1377 2548 1453 2577 rata
1478 2539 1549 2584 est,
1577 2540 1617 2577 &
1647 2539 1795 2576 colonia
1814 2536 1920 2574 fasta.
1953 2533 2101 2572 AuCtor
2121 2533 2199 2571 Dio
2220 2533 2283 2572 lib.
2306 2543 2418 2570 xtm.

1377 2591 1440 2639 qui
1460 2590 1560 2628 idem
1585 2591 1695 2628 refert
1729 2589 1775 2627 de
1799 2586 2036 2635 Carthagine.
2094 2583 2268 2621 Affirmat
2290 2585 2327 2621 &
2348 2583 2422 2621 hoc

1375 2641 1588 2680 Plutarchus
1620 2642 1658 2678 in
1683 2639 1847 2676 Caesare.
1904 2639 2031 2684 Quare
2054 2642 2180 2672 autem
2203 2635 2322 2672 deleta
2343 2634 2420 2671 fue-

1376 2692 1422 2729 rit
1445 2720 1456 2736 ,
1497 2692 1604 2729 hane
1635 2690 1855 2739 opinionem
1887 2687 1994 2736 ponit
2030 2686 2165 2723 Cicero
2192 2684 2252 2724 lib.
2276 2698 2306 2723 1.
2339 2681 2419 2742 Oflf·

1377 2754 1456 2791 cap,
1481 2754 1537 2779 11.
1576 2745 1632 2778 At
1655 2739 1908 2788 Carthaginem
1923 2766 1933 2783 ,
1972 2748 2018 2778 co*
2039 2736 2282 2774 Numantiam
2294 2735 2421 2782 fundi-

1377 2803 1433 2830 tus
1456 2791 1684 2841 sustulerunt.
1723 2790 1849 2828 nollem
1871 2788 2086 2827 Corinthum
2113 2805 2124 2826 .·
2154 2787 2218 2837 sed
2237 2786 2331 2824 credo
2350 2784 2421 2842 illos

1369 2844 1500 2892 βιαίας
1529 2842 1817 2893 opportunitatem
1845 2839 1906 2877 loci
1936 2840 2092 2877 maxime
2115 2867 2129 2885 ,
2164 2851 2206 2876 ne
2227 2836 2330 2888 poffet
2357 2835 2421 2893 alt.-
2458 2859 2459 2862 =

1375 2895 1515 2946 quando
1545 2896 1593 2931 ad
1635 2893 1762 2931 bellam
1785 2892 1995 2940 faciendum
2028 2890 2118 2927 locus
2146 2888 2212 2940 ipse
2229 2888 2419 2942 adhortari.

1376 2946 1446 2983 Sed
1467 2946 1617 2983 alteram
1636 2945 1749 2995 longe
1769 2944 1954 2982 veriorem
1969 2970 1980 2987 ,
2008 2949 2049 2979 ut
2070 2948 2162 2989 puto
2177 2968 2189 2985 ,
2210 2939 2315 2978 affert
2346 2947 2424 2988 qme

1376 3007 1538 3045 cumque
1559 2995 1689 3033 auctor
1717 2996 1767 3033 est
1794 2995 2042 3044 epitomarum
2066 2992 2416 3046 Livianarqucu·

1369 3046 1430 3095 jus
1454 3047 1545 3083 haec
1566 3047 1736 3095 leguntur
1759 3046 1818 3083 lib.
1839 3057 1909 3082 ur.
1938 3050 1982 3081 In
2001 3042 2155 3081 Critolai
2174 3041 2286 3080 locam
2295 3040 2422 3078 Diaeu!

1376 3095 1526 3133 Achaici
1547 3107 1661 3134 motus
1674 3098 1814 3146 primus
1835 3098 1955 3134 aanor
1970 3124 1982 3140 ,
2009 3093 2053 3132 ab
2066 3092 2228 3133 Achaeis
2247 3093 2320 3130 dux
2332 3101 2420 3132 ινειι-Δ

1376 3158 1456 3193 tus,
1484 3148 1532 3185 ad
1565 3147 1718 3194 Isthmon
1747 3147 1774 3184 ἃ,
1802 3153 1843 3184 L.
1868 3146 2045 3184 Mummio
2085 3145 2215 3195 consule
2235 3144 2348 3181 vibius
2365 3137 2420 3186 est·

1375 3201 1436 3250 qui
1448 3226 1459 3243 ,
1487 3199 1581 3236 omni
1592 3198 1734 3235 Achaia
1754 3200 1794 3236 in
1813 3198 2020 3235 deditionem
2039 3207 2173 3246 accepta
2186 3224 2197 3241 ,
2209 3191 2413 3246 corinthum

1375 3264 1418 3287 ex
1445 3250 1741 3299 Senatusconsitlto
1774 3249 1887 3286 diruit
1908 3277 1918 3293 ‚
1946 3248 2031 3300 quia
2062 3247 2110 3284 ibi
2140 3246 2243 3296 legati
2271 3251 2414 3296 Roman!

1377 3301 1505 3338 violati
1525 3311 1637 3338 erant.
1667 3299 1799 3338 Thebae
1818 3313 1948 3350 quoqne
1968 3311 2019 3339 (ρ’,
2032 3297 2173 3335 Chalcis
2185 3325 2197 3343 ,
2209 3308 2302 3384 ἔκαε
2313 3303 2417 3330 auxio

1373 3351 1767 3405 {iofueranndirataa
1820 3351 1889 3404 Ipse
1909 3349 2158 3399 arammiasse
2184 3360 2207 3385 a
2222 3337 2417 3433 stinczgiuffg
