2483 3616
332 161 1564 240 METAMoRPHosEoN
1636 178 1778 232 Lm.
1854 178 2032 236 XIV.

2117 195 2219 245 933

83 308 143 346 tes
176 298 428 344 carminibus
451 303 469 323 ⁶
501 299 617 343 venit
646 299 692 341 in
725 297 885 355 locum,
921 299 965 342 in
996 312 1072 358 quo
1106 299 1245 356 Scylla
1277 297 1395 343 ¹:zblui
1427 295 1721 358 consueverat,
1756 295 1997 352 venenisque
2019 292 2205 349 imbuit,

80 363 225 423 quibus
259 371 373 406 tenus
400 362 506 419 pube
535 361 704 406 cunibus
736 361 791 420 est
814 361 992 421 efferata
1007 395 1021 420 ‚
1056 372 1103 406 ut
1127 362 1367 408 amantibus
1390 361 1478 406 odio
1500 376 1550 406 uc
1571 360 1713 406 timori
1732 357 1840 416 efflet.

1908 358 2039 420 Qtod
2059 357 2104 400 ob
2119 354 2201 415 fu·-

80 432 189 471 {lum
213 427 289 470 illu
314 423 451 483 postea
472 426 518 469 in
542 426 708 470 Ulixem
732 436 927 472 umatum
948 426 1001 472 ub
1025 426 1074 471 eci
1097 422 1112 450 f
1132 427 1315 472 exercuit
1326 424 1580 486 fhevitium.
1644 428 1662 455 ὅ
1688 422 1818 486 Qod
1837 420 2018 466 Glaucus
2030 419 2202 479 fabium

79 489 153 536 boc
174 491 202 534 (ὶ
225 491 342 534 Circe
364 486 546 533 dolenter
566 491 684 534 tulit.

439 624 652 695 Amque
680 625 956 697 Giganteis
983 623 1227 696 injeetam
1250 623 1485 678 faucibus
1509 621 1713 676 AEtnen
1730 661 1746 685 ‚

450 698 696 769 Arvaque
722 699 1054 769 Cyclopum,
1091 697 1219 767 quid
1251 694 1432 758 rastra,
1468 694 1600 766 quid
1627 695 1742 746 usus
1766 692 1922 747 aratri

359 767 545 821 I’x‘escia
561 775 591 829 ,'
616 787 714 822 nee
740 770 1030 840 quidquam
1051 767 1240 838 junffis
1265 767 1512 821 debentia
1537 766 1704 819 bubus
1722 804 1738 828 ,
1875 769 1883 777 s

356 838 615 911 Liquerat
643 841 914 894 Euboicus
941 841 1265 894 tumidarum
1291 841 1464 893 cultor
1486 855 1765 909 aquarum:

291 925 319 974 5
360 910 620 981 Liquerat
646 912 700 964 ἅτ
729 912 993 974 Zanclen,
1032 909 1354 981 adversaque
1379 912 1590 965 moenia
1614 910 1795 980 Rhegi
1817 950 1828 967 ‚

355 982 810 1055 Navifragumque
836 984 1033 1040 fretum
1051 1022 1064 1043 ,
1104 984 1320 1052 gemino
1345 983 1494 1055 quod
1517 984 1675 1035 litore
1702 978 1932 1052 preffum

355 1054 622 1108 Ausoniae
651 1055 961 1126 Siculaeque
985 1067 1132 1108 tenet
1160 1053 1388 1108 confinia
1417 1069 1607 1108 terrae.

356 1125 514 1187 Inde,
553 1144 710 1180 manu
735 1130 922 1197 magna
948 1127 1233 1198 Tyrrhena
1256 1141 1351 1195 per
1377 1143 1605 1198 aequora
1631 1124 1826 1196 lapsus,

355 1195 675 1252 Herbiferos
703 1199 831 1252 adiit
859 1200 1049 1261 colleS‚
1088 1210 1249 1269 atque
1274 1199 1402 1252 atria
1431 1198 1668 1252 Glaucus

251 1287 313 1320 10
354 1269 474 1321 Sole
504 1269 638 1323 satae
666 1270 880 1334 CirceS‚
918 1271 1178 1324 variarum
1203 1270 1353 1340 plena
1380 1270 1627 1323 ferarum.
1768 1321 1770 1323 .

357 1340 536 1410 Quam
565 1341 710 1397 simul
735 1343 1004 1413 adspexit3
1043 1341 1183 1395 dieta
1207 1344 1533 1413 acceptaque
1558 1343 1746 1404 salute,

356 1412 496 1466 Diva
515 1452 529 1475 ,
567 1413 671 1467 Dei
699 1415 974 1475 miserere,
1009 1432 1202 1486 precor
1231 1431 1242 1466 :
1283 1431 1402 1466 nam
1429 1415 1532 1468 sola
1557 1414 1729 1467 levare

358 1483 451 1536 Tu
477 1498 628 1555 potes
653 1487 792 1539 hune
809 1526 822 1549 ,
862 1487 1024 1550 dixit,
1063 1486 1265 1554 (videar
1290 1487 1458 1539 modo
1482 1485 1696 1555 dignus)
1722 1501 1974 1539 amorem.

360 1555 574 1628 Quanta
598 1557 658 1612 fit
684 1559 993 1622 herb-arum,
1029 1557 1244 1622 Titani,
1281 1558 1519 1630 potentia
1542 1558 1697 1621 nulli,

73 1769 128 1808 Ita
155 1768 212 1806 ille
241 1767 342 1807 locus
362 1766 582 1817 castigandus
595 1787 605 1815 ;
629 1772 724 1810 male
746 1772 887 1821 surgent
907 1773 943 1810 ὅτ
962 1775 1114 1817 arnam,

77 1831 143 1868 pro
166 1830 285 1867 urgent
306 1823 343 1857 ὃς
361 1823 525 1868 aruaque
550 1835 649 1860 nunc
672 1824 937 1862 circumfertur.
957 1825 1001 1862 de
1024 1825 1114 1862 Hel·

78 1869 245 1917 lesponto
266 1870 361 1907 idem
387 1874 456 1917 692
473 1898 484 1914 ‚

125 1920 230 1963 Selius
246 1921 303 1956 ubi
322 1931 427 1966 atque
448 1921 597 1969 Abydus
614 1932 723 1970 parvo
732 1923 805 1971 sale
827 1924 1088 1974 discernuntur,

131 1972 177 2002 Et
194 1969 311 2005 vicina
326 1969 390 2018 fibi
410 1970 534 2007 lambit
557 1972 701 2019 confinia
720 1983 852 2020 pontus.

81 2018 157 2066 pari
179 2018 292 2054 modo
312 2029 461 2073 rumpere
481 2022 625 2068 confinia
648 2023 840 2062 Priscianus
864 2026 901 2062 in
923 2025 1115 2074 Perlegefi:

88 2102 93 2103 ⁷
136 2071 274 2112 Separat
290 2067 344 2103 hic
365 2068 489 2123 Libyen
506 2071 607 2120 Asiae
628 2072 775 2120 wnfinia
796 2086 966 2124 rumpens.

86 2116 230 2154 Htms.
259 2117 346 2172 ‘Ego
373 2119 462 2173 nihil
487 2129 624 2160 temere
653 2133 795 2161 mutem
825 2135 950 2162 contra
985 2126 1114 2169 libros;

83 2175 175 2203 tenet
207 2178 306 2203 enim
340 2168 386 2222 est
414 2167 473 2204 hic
501 2173 679 2217 poffidet,
711 2184 891 2222 occupat,
918 2176 1014 2213 illam
1038 2188 1116 2223 par-

84 2223 162 2271 tem
178 2243 186 2256 ,
214 2228 308 2272 quae
326 2217 427 2272 ,Ohm
458 2228 532 2256 crat
562 2230 651 2260 terra
679 2224 912 2263 &terminus
933 2227 1026 2262 inter
1049 2227 1116 2262 Ita-

82 2265 170 2303 liam
203 2268 238 2302 &
263 2267 432 2304 Sieilram.
470 2277 508 2305 ut
540 2271 668 2316 Mare,
703 2283 876 2323 tanquam
908 2276 1115 2313 violentum

88 2315 342 2363 poffefforem,
375 2318 438 2365 qui
465 2317 603 2366 depulit
629 2330 758 2360 terram
786 2325 868 2363 sede
899 2326 982 2370 sua,
1011 2326 1118 2363 indu-

88 2374 156 2403 cat.
185 2366 269 2402 vide
290 2367 355 2403 inf.
375 2379 435 2404 xv.
453 2379 535 2415 291.
558 2372 595 2406 ὃ(
615 2371 684 2420 seq.
712 2372 839 2411 Bunm.

139 2415 171 2452 8.
205 2422 316 2452 Manu
336 2430 473 2465 magna.
491 2419 501 2466 ]
535 2419 625 2456 Illud
646 2434 754 2457 manu
768 2425 1119 2472 magnaambiguita-

84 2472 160 2503 tem
181 2466 288 2503 habet
303 2495 311 2510 ‚
340 2468 378 2503 &
399 2469 658 2515 exponendum
682 2482 700 2506 a
725 2482 1018 2510 commentatore
1029 2484 1118 2518 erat,

87 2524 209 2552 utrum
238 2529 302 2563 pro
334 2529 465 2565 magna
496 2521 679 2565 potentia,
710 2532 754 2557 an
785 2534 920 2570 magno
942 2524 1118 2562 famulatu

45 2590 49 2593 ‚
84 2566 200 2612 accipi
222 2566 370 2609 debeat,
399 2567 457 2604 sed
479 2568 646 2616 despiciat
668 2571 865 2609 hocleeior
880 2600 889 2615 ,
917 2584 970 2610 res
983 2574 1029 2610 est
1041 2586 1118 2621 par-

85 2616 123 2652 vi
146 2617 339 2653 momenti.
367 2617 621 2656 Grannum.
649 2620 746 2657 Vide
764 2633 856 2670 quae
878 2633 945 2659 nos
965 2623 1008 2659 ad
1030 2624 1119 2672 eleg.

85 2665 124 2702 in
145 2665 303 2703 Drusum
322 2666 374 2707 fis.
395 2680 486 2713 224,
515 2670 554 2705 &
574 2669 618 2706 ad
639 2670 781 2707 VatFI.
796 2685 821 2708 x.
842 2672 926 2718 658.
939 2681 1120 2711 notamus.

89 2714 231 2752 Glauco
253 2717 374 2759 enim,
404 2727 443 2754 ut
461 2719 541 2765 Jam
569 2719 662 2762 deo,
690 2720 778 2757 ficut
806 2721 883 2758 libr.
903 2734 1019 2769 praec.
1036 2725 1120 2771 962.

72 2763 235 2811 ‘ingentes
258 2765 434 2809 humeros,
464 2769 512 2804 ita
533 2769 591 2806 hic
603 2782 768 2817 magnam
781 2771 840 2808 dat
851 2785 1021 2816 manum,
1050 2785 1121 2820 qua

87 2814 240 2858 labitur,
268 2815 304 2852 id
327 2816 374 2853 est
393 2826 492 2854 natat
519 2829 582 2865 per
604 2831 763 2868 aequora
791 2821 865 2858 fine
888 2822 961 2858 ullo
982 2823 1119 2866 labore,

89 2863 172 2906 sed,
209 2873 247 2902 ut
268 2864 376 2908 deus,
405 2867 537 2905 facile:
573 2868 620 2905 fic
648 2872 746 2907 enim
778 2872 852 2908 hoc
882 2872 1031 2909 verbum
1053 2885 1119 2920 pro

87 2922 211 2950 natare
233 2914 349 2961 posuit
380 2916 488 2962 Epist.
506 2930 583 2954 xxx.
601 2919 659 2964 84.
688 2929 750 2964 ut,
779 2921 888 2958 etiam
912 2921 982 2957 labi
1003 2923 1048 2959 de
1068 2923 1120 2960 fa-

89 2963 145 3000 cili
166 2965 399 3012 navigatione
422 2968 508 3011 poni
528 2968 721 3007 docuimus
743 2971 787 3008 ad
812 2972 919 3019 Epist.
943 2985 977 3007 x.
992 2973 1051 3018 65.
1081 2973 1121 3010 In

87 3012 228 3050 duobus
260 3025 346 3050 veto
368 3014 550 3053 codicibus
573 3019 610 3054 &
631 3019 797 3057 Politiani
823 3031 918 3064 erat,
937 3022 1028 3067 forti
1048 3036 1124 3058 ma-

87 3074 148 3105 me
161 3063 261 3111 quod
273 3061 472 3110 glossatoris
484 3066 544 3103 est.
556 3079 667 3102 manu
683 3071 795 3105 nando
810 3071 976 3108 Leidens.
995 3073 1125 3110 ssunm.

138 3112 173 3149 8.
204 3113 377 3161 Iyrrhena
393 3123 452 3161 per
471 3127 617 3164 aequora
638 3119 792 3166 wellan]
823 3121 875 3158 Ita
889 3121 1012 3169 aperte
1027 3123 1073 3160 cst
1087 3125 1125 3160 in

85 3163 186 3199 meis.
215 3163 254 3199 In
275 3162 415 3200 duobus
430 3164 546 3200 Vatic.
575 3171 794 3213 Peraequora
807 3167 930 3215 lapsus.
959 3173 1129 3209 ConAN.

83 3214 206 3258 Lapsus
223 3214 326 3259 prim.
351 3213 458 3250 Palat.
478 3216 582 3261 prim.
597 3215 765 3252 Vatican.
779 3218 887 3263 prim.
905 3219 1004 3256 Bafil.
1017 3224 1128 3268 prim.

1929 1647 1949 1681 1
1961 1647 1988 1696 5
2029 1625 2206 1699 Quam

1167 1772 1236 1811 alii.
1264 1772 1365 1822 quod
1387 1772 1529 1811 reditus.
1558 1772 1703 1809 Herus.
1990 1818 1997 1824 .

1218 1836 1252 1871 9.
1280 1823 1470 1872 Glaucam]
1501 1823 1628 1871 Polybi
1647 1822 1759 1865 filius,
1781 1817 2041 1858 Anthedonius
2062 1827 2106 1853 ex
2129 1813 2208 1851 Eue-

1168 1874 1262 1911 boea
1278 1902 1288 1918 ,
1322 1875 1475 1922 piscator
1495 1874 1529 1909 in
1552 1873 1721 1909 Balenam
1747 1869 1939 1908 conversus
1961 1868 2031 1911 est,
2058 1865 2209 1903 traetata

1168 1925 1299 1968 herba,
1328 1924 1429 1972 cujus
1452 1922 1588 1960 attaem
1609 1923 1734 1970 pisces,
1750 1933 1842 1969 quos
1853 1927 1978 1966 captos
1991 1925 2208 1960 extraxerat,

1169 1975 1353 2012 redivivos
1385 1975 1419 2011 in
1448 1985 1587 2022 aequor
1613 1971 1793 2010 resiliviss'e
1812 1970 2057 2017 conspexerat.
2110 1967 2211 2021 Her?

1171 2025 1252 2062 bam
1278 2023 1402 2068 fuiffe,
1437 2035 1548 2071 quam
1579 2024 1711 2060 Graeci
1740 2029 1877 2059 vocant
1901 2019 2068 2065 ἀείζωον,
2096 2016 2208 2053 nostri.

1172 2074 1306 2112 Sedum
1322 2102 1332 2119 ‚
1363 2074 1587 2122 Semperque
1602 2075 1724 2110 vivam
1742 2101 1752 2116 ,
1779 2071 1884 2108 tradit
1897 2071 2068 2116 interpres
2081 2068 2210 2123 Lyco-

1172 2125 1321 2172 phronis
1336 2152 1344 2164 .
1374 2126 1410 2161 &
1431 2136 1477 2160 eo
1499 2124 1595 2171 prior
1615 2124 1835 2161 Athenaeus.
1864 2144 1867 2147 ·
1891 2116 2084 2155 Notiffima
2106 2116 2210 2153 tabu»-

1170 2175 1225 2218 la,
1255 2175 1487 2224 cujusetiam
1511 2174 1635 2210 Strabo
1658 2172 1840 2209 meminit.
1877 2169 2135 2223 Palaephatus,
2163 2165 2209 2203 ad

1171 2225 1354 2262 historiam
1369 2225 1540 2267 referens,
1558 2225 1606 2260 ait
1620 2235 1702 2259 eum
1716 2222 1898 2259 summum
1914 2217 2016 2255 fuiffe
2030 2226 2213 2255 urinator-

1173 2287 1230 2312 ern
1254 2303 1264 2318 ‚
1303 2276 1364 2323 qui
1399 2274 1479 2311 cum
1510 2275 1611 2322 aquis
1642 2274 1675 2310 se
1705 2271 1903 2312 conderet,
1938 2280 2074 2316 perque
2100 2267 2211 2315 longa

1173 2326 1278 2362 maris
1299 2325 1406 2372 spatia
1426 2325 1469 2362 ad
1490 2324 1637 2361 insulam
1652 2322 1834 2372 quandam
1848 2320 2211 2373 cultoribusvacuam

1171 2374 1308 2411 secreto
1336 2384 1457 2411 natatu
1489 2381 1713 2421 penetraret,
1748 2371 1833 2409 inde
1862 2369 2047 2417 postriduo
2069 2367 2211 2424 rediens

1173 2425 1268 2471 apud
1293 2426 1397 2461 maris
1429 2425 1530 2460 Deos
1553 2423 1585 2460 se
1606 2422 1705 2460 fuiffe
1725 2421 1981 2474 profitebatut;
2010 2418 2212 2474 quod-rudi

1175 2483 1253 2510 tum
1278 2474 1420 2511 saeculo
1441 2475 1545 2510 facile
1568 2471 1746 2521 persuasit.
1783 2473 1909 2518 ltaque
1932 2470 1993 2506 libi
2014 2468 2213 2505 divinitatis

1174 2525 1389 2571 opinionem
1403 2524 1640 2568 comparavit.
1671 2524 1773 2559 Haec
1786 2534 1831 2558 ex
1843 2518 2025 2557 Parrhasio
2036 2521 2072 2555 in
2085 2517 2216 2556 Claud,

1176 2573 1282 2610 initio
1305 2574 1362 2610 lib.
1387 2586 1445 2610 111.
1477 2574 1535 2609 De
1555 2581 1644 2620 rapt.
1662 2572 1907 2620 Proserpinae.
1936 2570 2106 2606 Cxofm.

1232 2635 1286 2659 1o.
1317 2623 1501 2659 Variarum
1517 2622 1618 2670 plena
1635 2621 1838 2671 firarum.]
1877 2629 2054 2658 Vanarum
2073 2618 2214 2656 Medic.

1174 2680 1255 2710 tert.
1276 2673 1435 2710 Florent.
1454 2675 1491 2709 ὃς
1516 2673 1671 2719 Neapol.

1231 2735 1285 2760 12.
1316 2723 1414 2758 Diva
1444 2722 1497 2758 dei
1517 2722 1677 2770 miserere.
1697 2721 1713 2771 ]
1754 2722 1793 2759 In
1815 2720 1943 2759 iisdem
1962 2720 2083 2757 Vatic.
2107 2719 2214 2765 Joan.

1176 2781 1284 2821 atque
1307 2785 1383 2809 uno
1405 2784 1492 2809 meo
1511 2773 1558 2808 est
1572 2799 1582 2815 ,
1614 2772 1711 2807 Diva
1731 2772 1986 2821 meimiserere„
2000 2770 2115 2819 Quod
2137 2781 2215 2806 ma-

1174 2824 1225 2870 gis
1239 2824 1374 2870 placet,
1402 2834 1449 2859 ne
1461 2823 1618 2858 Glaucus
1631 2822 1795 2870 sejaetet.
1823 2821 1990 2858 Cxofm.
2020 2821 2091 2856 Mei
2104 2821 2215 2856 etiam

1179 2873 1279 2909 ssaffl.
1301 2873 1337 2908 &
1357 2873 1520 2920 quinque
1541 2872 1598 2908 alii
1619 2873 1656 2908 δε
1677 2872 1881 2909 Bersmanni
1908 2871 2213 2908 videbaturnem-

1177 2934 1221 2969 pe
1250 2923 1396 2959 librariis
1419 2921 1598 2969 superbius
1627 2923 1728 2970 loqui
1760 2923 1918 2958 Glaucus
1937 2948 1946 2963 ‚
1976 2920 1999 2956 fi
2020 2920 2053 2956 se
2076 2924 2212 2959 Deum,

1180 2972 1310 3009 Circen
1322 2972 1446 3007 divam
1458 2980 1616 3008 vocaret.
1634 2972 1748 3008 sedita
1761 2974 1798 3008 8<
1810 2966 2221 3016 Virgil.xir.Aen.138‚.

1228 3021 1407 3069 Extemplo
1432 3021 1539 3057 Turni
1554 3019 1600 3068 sic
1618 3021 1660 3066 est
1678 3021 1786 3068 affata
1801 3020 1946 3066 fororem

1230 3073 1330 3108 Diva
1349 3072 1458 3108 deam.
1488 3072 1547 3108 ubi
1571 3071 1746 3106 videndus
1770 3069 1922 3105 Servius.
1943 3067 2216 3112 &Poetaspro-

1180 3122 1318 3158 miscue
1340 3122 1442 3156 divas
1465 3122 1500 3156 &
1521 3120 1599 3155 deas
1621 3117 1760 3156 vocasse
1781 3118 1927 3155 infinitis
1945 3116 2120 3163 exemplis
2132 3126 2222 3163 pro·-

1181 3173 1256 3209 buri
1278 3170 1402 3218 posset.
1431 3170 1559 3206 ssmm.

1240 3232 1297 3268 13.
1337 3220 1469 3266 Dignus
1490 3246 1499 3259 .
1548 3217 1736 3265 amorem]
1783 3217 1917 3264 Dignus
1951 3228 2066 3253 amore
2103 3214 2230 3252 multi.-

80 3258 168 3309 Reg.
193 3263 299 3310 prim,
328 3263 460 3303 Erfutt.
492 3263 666 3303 Aronclel.
703 3266 911 3317 cantabrig.
948 3270 986 3306 ὃς
1017 3272 1133 3311 multi
1187 3271 1309 3309 honore
1328 3280 1432 3307 unus.
1451 3267 1579 3314 dignior
1598 3270 1653 3315 effe
1670 3269 1844 3316 quinque.

1374 3317 1564 3355 ssbbbbb
1591 3328 1610 3365 3
2081 3327 2135 3363 ῖς.
2162 3313 2244 3363 ehi
