2483 3616
395 117 1648 202 METAMORPHosEoN
1719 131 2032 206 L1n.xv.
2141 145 2281 204 ‘son

303 248 372 314 '45
406 243 564 317 Quae
587 237 737 295 simu-l
757 229 951 289 effudit
976 234 1337 292 numerandos
1361 235 1506 293 versa
1530 234 1763 308 lapillos;

403 311 668 372 Omnibus
692 307 724 362 ὲ
749 307 906 379 nigro
930 310 1082 365 color
1106 309 1183 364 est
1205 321 1437 366 mutatus
1460 309 1517 366 in
1542 309 1757 366 album:

403 382 759 454 Candidaque
785 381 1068 437 Herculeo
1092 382 1349 438 sententia
1372 400 1595 438 munere
1618 379 1757 440 facta

403 455 573 515 Solvit
598 455 979 510 Alemoniden.
1018 467 1192 527 grates
1217 456 1325 528 agit
1348 455 1436 508 ille
1459 456 1665 527 parenti

398 528 916 602 Amphitryoniadae
943 546 955 582 ε
996 528 1276 602 ventisque
1301 527 1597 582 faventibus
1624 545 1828 602 aequor

287 620 358 673 50
393 602 619 674 Navigat
644 602 889 658 Ionium:
931 599 1864 673 Lacedaemoniumque,Tarentum

398 675 693 738 Praeterit,
731 675 789 730 &
812 673 1063 747 Sybarin,
1098 675 1537 746 Salentinumque
1560 672 1894 739 Neaethum,

392 747 781 821 Thurinosque
805 747 972 812 finuS,
1007 748 1415 820 Temesenque,
1456 744 1511 800 δε
1536 745 1743 818 Iapygis
1767 764 1904 802 arva⁹

147 959 209 1007 iu}
234 963 316 998 Mos
335 966 421 997 erat.
436 955 618 1010 antiquis,
657 955 771 995 niveis
796 955 953 1007 aerisque
982 955 1145 1008 lapillis]

98 1007 254 1049 caelest.
282 1015 362 1047 Mos
388 1019 464 1047 erat
493 1009 685 1059 antiquus,
716 1007 827 1056 ‚nigris
856 1007 1011 1056 albisque
1044 1009 1146 1057 lapil-

92 1057 150 1099 tis.
177 1061 272 1100 Illud
286 1060 419 1099 rectius
439 1059 596 1097 videtur.
624 1059 792 1096 Crob-au.
820 1058 995 1106 Antiquis
1013 1057 1145 1096 Vivia-

91 1120 162 1150 nus
189 1124 235 1150 ex
254 1111 425 1150 omnibus
447 1109 516 1147 suis
536 1109 636 1159 legit.
658 1109 719 1147 sed
741 1121 820 1146 non
841 1109 1015 1146 omnibus
1038 1108 1143 1147 fuifl'e

89 1169 187 1211 puto
205 1161 374 1210 gentibus
387 1189 398 1205 ‚
424 1159 485 1198 sed
502 1159 580 1206 illi,
607 1159 707 1199 unde
727 1167 830 1198 ortus
849 1159 1048 1209 Myscelus.
1072 1172 1145 1199 mos

90 1211 261 1262 ‘aliquus
280 1221 356 1249 erat
375 1211 506 1249 Oxon.
1078 1216 1080 1219 ’

138 1273 199 1308 42.
228 1261 417 1311 absolvere
444 1259 586 1312 σαίρω]
626 1261 757 1311 culpae
788 1259 941 1299 Thuam
962 1262 1001 1298 &
1024 1270 1142 1312 quart.

85 1311 230 1352 Medic.
257 1315 452 1363 eleganter.
478 1311 528 1350 fic
557 1313 775 1362 injuriarum
793 1311 949 1363 aliquem
967 1312 1143 1358 absolvere

52 1378 53 1381 ¹
85 1362 230 1403 aneon
253 1364 477 1403 Rhetoricae
497 1363 543 1402 ad
561 1364 809 1402 Herennium.
838 1363 984 1404 Heme.
1009 1363 1144 1415 culpas

85 1414 279 1460 tredecim.
298 1416 436 1465 culpam
456 1416 590 1465 viginti
611 1416 789 1466 quinque,

132 1486 198 1526 43.
224 1479 402 1516 Sententia
421 1477 572 1530 tristis]
600 1479 734 1528 Juven.
756 1479 828 1518 Sat⁹
850 1491 901 1520 u.

134 1542 192 1577 De
211 1539 306 1578 nobis
321 1541 389 1591 post
409 1540 491 1579 haec
511 1541 618 1589 tristis
628 1543 806 1592 sententia
819 1543 951 1588 fertur.

84 1599 162 1640 vid.
192 1602 322 1651 Cujac.
350 1603 412 1642 lib.
442 1615 530 1642 xxv.
558 1603 647 1642 Obs.
677 1616 756 1653 cap.
777 1605 811 1641 6.
841 1615 926 1642 tunc
946 1616 1077 1655 quoque
1096 1600 1142 1641 lis

83 1649 164 1689 lata
183 1652 228 1698 est
248 1653 349 1691 Bafil.
377 1666 470 1691 nunc
488 1667 618 1705 quoque
637 1667 728 1694 unus
743 1655 897 1693 Heinfii.
912 1656 1005 1693 bene
1018 1655 1139 1693 Hein-

81 1699 153 1740 sius
176 1702 325 1742 volebat
337 1731 350 1748 ,
376 1714 461 1742 tunc
480 1718 612 1755 quoque
629 1705 709 1755 quis
726 1706 803 1742 lata
819 1706 863 1752 est
874 1706 908 1754 fi
929 1705 1045 1752 tristis.

133 1762 194 1800 47.
219 1754 383 1792 Herculeo
402 1755 585 1807 numina]
616 1761 764 1794 Munere
779 1756 911 1795 rectius
933 1757 1041 1805 prim.
1066 1754 1138 1794 Ba-

81 1798 136 1842 fil.
159 1804 198 1842 &
218 1804 349 1843 decem
378 1805 446 1844 alii.
476 1806 622 1846 Hans.

135 1865 195 1902 ςο.
223 1855 599 1909 Lacedaemoniumque
639 1855 871 1908 Tarentum]
910 1856 1051 1896 Probus
1088 1871 1135 1898 11.

83 1899 224 1960 Georg.
243 1910 438 1945 Tarentum
455 1909 613 1955 oppidum
631 1909 671 1946 in
684 1909 791 1947 Italia
803 1908 1030 1947 condiderunt
1045 1915 1135 1946 Par-

83 1950 270 1999 themdae,
294 1957 370 1994 hoc
390 1957 439 1995 est
457 1957 593 1997 exsules
610 1959 1018 2006 Lacedaemoniorum,
1038 1960 1134 2000 duce

84 1999 276 2042 Phalanto.
303 2005 469 2047 Croni«.
778 2046 782 2050 ,

115 2064 199 2109 ,ςι
226 2053 424 2105 sybarim]
462 2057 609 2106 Sybarin
636 2060 889 2110 castigatiores.
917 2061 956 2099 &
987 2059 1134 2098 Alemo-

84 2103 192 2140 mden
223 2104 334 2152 paulo
359 2112 456 2144 ante.
493 2108 808 2158 Amphytrionidae
828 2112 935 2161 prim.
958 2111 1070 2150 Palat.
1093 2112 1132 2150 &

83 2162 179 2191 unus
198 2154 338 2194 Medic.
360 2157 399 2193 &
419 2156 632 2206 Bernegger.
658 2161 805 2200 Hmns.

136 2217 194 2253 51.
221 2204 509 2257 Salentinumque
533 2209 785 2263 Neraethum]
816 2210 1034 2250 Neraethum
1051 2213 1133 2262 qui-

83 2251 172 2292 dem
198 2255 354 2305 legitur,
382 2257 442 2297 sed
470 2267 662 2308 corrupte,
690 2269 732 2298 ut
756 2274 802 2300 ex
823 2263 936 2301 Strab.
957 2263 1034 2310 (lib,
1057 2263 1132 2308 vi.)

82 2305 327 2363 collegimus,
354 2309 420 2357 qui
446 2309 497 2348 ait
526 2310 725 2347 Neaethum
752 2311 1024 2353 Salentinorum
1061 2312 1133 2351 effe

0 2356 5 2406 s
81 2353 238 2396 fluvium
252 2385 263 2401 ‚
288 2370 309 2397 a
326 2360 479 2398 navium
499 2359 651 2398 Aeneae
669 2361 957 2411 conflagratione
976 2364 1133 2411 dustum,

1 2451 5 2455 Ι
82 2416 197 2454 quare
214 2409 277 2447 hic
292 2421 446 2459 quoque
465 2410 663 2448 Neaethum
680 2412 855 2460 legamus.
881 2413 1058 2453 Salentini
1069 2427 1134 2453 au·

81 2462 161 2494 tem
181 2460 310 2508 populi
334 2459 448 2499 sunta
464 2461 622 2500 Saletina
645 2463 734 2500 urbe
753 2462 854 2501 dieti.
882 2465 1052 2502 Remus.
1078 2465 1133 2503 Ita

79 2504 182 2545 hunc
214 2509 342 2548 locum
372 2513 535 2560 corrupit
562 2513 712 2561 Regius.
748 2513 861 2551 Liber
887 2525 1022 2559 meus,
1057 2522 1129 2553 tres

80 2554 205 2596 vatic.
237 2560 277 2598 ὅ(
309 2561 460 2600 Caelest.
497 2561 798 2614 Sallentinumque
827 2569 997 2601 Veretum.
1035 2564 1128 2602 Duo

78 2605 213 2647 Maffei
241 2611 278 2648 δε
299 2611 361 2650 alii
380 2612 532 2662 quidam
548 2640 559 2658 ‚
587 2619 769 2652 Neretum.
794 2615 1009 2664 Utrumque
1022 2625 1129 2653 com-

79 2657 365 2716 probat-Plinius
387 2671 556 2701 extremo
577 2674 655 2712 cap.
680 2676 735 2702 11.
757 2665 820 2704 lib.
839 2677 903 2703 111.
933 2666 994 2711 ubi
1005 2667 1055 2704 ita
1067 2666 1129 2704 est:

79 2706 352 2766 Sallenrmorum
367 2740 378 2756 ,
405 2713 571 2758 Aletini,
608 2713 822 2761 Basterbini‚
850 2716 1040 2761 Neretini,
1063 2722 1130 2754 Va-

81 2755 210 2796 lenum
223 2787 234 2804 ,
269 2763 432 2801 Veretini.
472 2765 531 2802 De
551 2765 695 2803 Vereto
715 2767 827 2804 etiam
850 2766 977 2804 Strabo
997 2767 1059 2805 lib.
1078 2778 1130 2806 vr.

80 2807 143 2847 sed
171 2821 219 2866 an
237 2809 298 2868 ‘de
325 2813 399 2867 lioc
424 2815 599 2863 loquatur
624 2817 869 2864 pronunciare
905 2829 984 2855 non
1002 2818 1130 2868 liquet.

80 2858 264 2898 Meminit
293 2868 403 2899 etiam
433 2865 543 2901 Ver-eti
580 2866 619 2902 &
655 2866 777 2903 Nereti
805 2867 1040 2907 Ptolemaeus
1071 2869 1131 2907 lib.

35 2923 37 2926 ·
84 2920 152 2948 ιιι.
183 2922 262 2959 cap.
299 2924 327 2949 1.
371 2911 555 2960 Ponitque
590 2923 792 2965 utrumque
827 2918 865 2955 in
907 2918 1099 2957 Salentinis
1124 2947 1135 2964 ,

85 2961 409 3009 quemadmodum
447 2961 597 2999 Plinius.

647 2967 830 3006 Veretum
862 2967 976 3007 hodie
1006 2970 1135 3008 Italico

84 3010 255 3050 sermone
285 3020 424 3050 vocant
448 3017 611 3049 Vetrana.
664 3015 725 3052 Ab
744 3018 835 3063 hac,
862 3032 972 3069 quam
995 3032 1063 3059 nos
1080 3033 1138 3059 re-

0 3068 37 3103 „3
84 3062 272 3111 perimus,
301 3062 462 3118 led-Trione
487 3074 564 3101 non
595 3061 799 3118 admodum
818 3069 935 3108 aliena
955 3081 1031 3110 erat
1052 3072 1135 3118 illa,

57 3114 200 3162 „quam
226 3113 365 3162 Regius
375 3122 589 3158 invenerat,
618 3112 916 3167 Sallentinumque
928 3122 1135 3161 Nerethum.

84 3163 411 3213 quemadmodum
432 3163 564 3213 legitur
583 3166 622 3201 in
643 3163 783 3202 Fames.
807 3166 845 3203 δε
867 3167 904 3204 in
915 3169 1027 3210 altero
1041 3173 1135 3211 Cae-

0 3230 32 3266 s„
85 3212 162 3252 lest.
216 3214 318 3252 Nam
339 3227 373 3252 n.
398 3215 438 3253 &
462 3228 500 3251 v.
526 3213 635 3252 facile
655 3215 808 3253 alterum
830 3228 898 3265 pro
920 3217 1032 3257 altero
1050 3221 1073 3260 a
1091 3224 1135 3261 li-
1166 3220 1167 3223 ’

0 3263 44 3326 3⁵
87 3261 213 3304 branis
247 3264 425 3316 scriptum
465 3263 679 3318 effe—nemo
706 3267 864 3317 ignorat.
914 3267 1006 3308 Hoc
1032 3270 1133 3313 idem

2113 816 2251 880 vix-

1198 955 1400 1005 saepiffime
1422 953 1612 1004 contigisse
1634 953 1794 994 vidimus
1817 955 1932 994 etiam
1953 955 1992 994 in
2012 954 2186 1005 impreffis
2205 957 2251 1006 li-j

1199 1008 1280 1046 bris.
1310 1010 1352 1046 In
1376 1009 1448 1046 alio
1474 1007 1657 1044 Vaticano
1678 1006 1749 1051 est,
1780 1005 1973 1044 Verethum.
2003 1007 2172 1047 Croran.

1252 1072 1313 1106 52·
1341 1058 1579 1107 Thurinosque
1602 1055 1724 1106 finus,
1761 1057 2004 1107 Temesenque,
2044 1068 2089 1097 ω·
2117 1057 2249 1109 Iapygis

1202 1109 1339 1159 arvia]
1381 1110 1479 1147 Cum
1512 1108 1573 1145 hic
1603 1106 1757 1156 Mysceli
1786 1108 1977 1155 navigatio
2008 1119 2056 1146 ex
2089 1108 2247 1150 Graecia

1200 1159 1409 1197 Crotonem
1434 1156 1553 1196 versus
1570 1156 1810 1202 describatur,
1835 1155 1979 1197 neceffe
1997 1157 2047 1197 est
2059 1169 2138 1197 non
2151 1159 2248 1200 hanc

1199 1209 1271 1248 effe
1300 1210 1487 1248 Temesen
1500 1236 1511 1251 ,
1545 1219 1641 1257 quae
1660 1207 1883 1256 ad‚inferum
1904 1208 1954 1247 est
1977 1220 2079 1248 mate
2099 1209 2250 1256 Brutioe

1198 1272 1281 1299 rum
1302 1261 1383 1299 urbs
1398 1289 1409 1306 ,
1437 1259 1559 1309 postea
1580 1258 1721 1309 Tempsa
1741 1257 1862 1305 dicia,
1885 1256 2248 1308 auetoxibusminio.

1198 1311 1378 1350 Strabone
1414 1321 1527 1361 atque
1564 1310 1783 1348 Ptolemaeo
1804 1338 1817 1355 ,
1864 1310 1987 1348 immo
2013 1310 2090 1349 hoc
2120 1311 2247 1351 nostro

1197 1364 1310 1402 etiam
1332 1364 1471 1405 Poeta,
1507 1362 1581 1399 hoc
1599 1360 1693 1399 adeo
1713 1361 1821 1401 libro.
1854 1360 1984 1400 Postea
2002 1361 2048 1399 de
2071 1361 2249 1402 Aescula-

1195 1415 1263 1464 pio
1293 1412 1568 1464 Hippotadaeque
1588 1411 1703 1450 domos
1721 1411 1827 1462 regis,
1855 1413 2069 1462 Temesesque
2089 1412 2251 1456 metalla.

1198 1476 1271 1514 ego
1295 1466 1453 1514 suspicor
1472 1463 1571 1503 aliud
1591 1463 1751 1513 positum
1773 1461 1877 1502 fuiffe
1895 1461 1919 1502 a
1939 1463 2058 1502 Poeta
2076 1474 2246 1513 nomen,

1195 1516 1258 1555 sed
1299 1516 1391 1555 nihil
1422 1514 1598 1554 assevero,
1644 1515 1852 1553 Granum.
1896 1514 2006 1553 Haec
2044 1515 2175 1554 eadem
2203 1516 2251 1557 δε

1194 1569 1336 1616 Tempsa
1356 1566 1554 1616 aliquando
1575 1565 1671 1604 dieta
1681 1567 1775 1611 fuit,
1801 1566 1845 1603 ab
1861 1564 2067 1604 Ausonibus
2080 1566 2249 1614 condita,¹

1194 1629 1287 1657 mox
1318 1618 1363 1655 ab
1390 1618 1535 1656 Aetolis
1559 1644 1571 1662 ,
1608 1617 1674 1666 qui
1695 1628 1782 1655 cum
1803 1615 1983 1655 Thoante
2003 1615 2048 1654 ad
2067 1627 2149 1656 eam
2172 1617 2246 1657 Ita·

1192 1669 1262 1707 liae
1281 1678 1423 1718 partem
1443 1668 1581 1717 appulsi
1605 1668 1776 1712 fuerunt,
1804 1676 2007 1716 occupata,
2034 1676 2146 1717 atque
2157 1667 2247 1707 inde

1194 1720 1328 1759 iterum
1349 1732 1369 1757 a
1390 1719 1545 1764 Brutiis‚
1572 1718 1659 1756 hinc
1676 1718 1713 1755 ὅ(
1728 1719 1922 1767 Temesaeus
1933 1717 2082 1761 Genius,
2107 1719 2154 1756 de
2165 1729 2245 1768 quo

1191 1771 1393 1819 proverbio
1413 1770 1567 1813 dicitur,
1596 1768 1803 1817 eademque
1822 1769 2035 1817 intelligitur
2051 1766 2182 1814 fuiffe,
2197 1768 2248 1808 de

1191 1833 1265 1872 qua
1287 1820 1385 1872 apud
1404 1821 1619 1859 Homerum
1641 1819 1718 1859 Od.
1742 1821 1792 1858 A.
1813 1819 1896 1870 183.
1922 1819 2073 1857 Mentes
2093 1819 2158 1858 ait.

1244 1890 1387 1933 Πλέων’
1405 1897 1528 1933 οἴνοπα
1542 1894 1675 1932 Πόντον
1695 1891 1757 1931 ἐπ’
1776 1893 1988 1937 ἀλλοθρᾶους
2005 1891 2197 1938 ἀνθρώπους
2204 1897 2224 1940 ‚⁷

1242 1947 1294 1989 Ες
1313 1948 1477 1993 Τεμέσην
1488 1948 1587 1991 μετὰ
1607 1948 1774 1993 χαλκὸν,
1801 1944 1913 1990 ἅγωέ’
1929 1942 2052 1981 αἴθωνα
2069 1943 2222 1989 σίδηρον.

1190 2010 1320 2049 auetor
1341 2011 1482 2049 Strabo.
1501 2020 1714 2060 quanquam
1738 2009 1877 2047 rursum
1899 2008 2000 2052 sunt,
2028 2010 2092 2057 qui
2111 2008 2241 2048 locum

1188 2061 1290 2100 hunc
1309 2071 1523 2110 corruptum
1543 2060 1786 2109 suspicentur,
1812 2061 1865 2102 &,
1884 2070 1952 2107 pro
1973 2057 2150 2107 Temesen,
2176 2069 2245 2104 ne-¹

1184 2111 1260 2149 scio
1293 2112 1384 2162 quid
1406 2112 1503 2150 aliud
1523 2113 1595 2159 legi
1615 2111 1746 2147 debere
1765 2117 1913 2157 putent;
1945 2108 2004 2146 sed
2023 2120 2094 2156 ego
2107 2135 2118 2152 ,
2145 2120 2243 2158 quo-

1186 2163 1288 2200 niam
1319 2175 1412 2200 mox
1441 2162 1623 2210 sequitur,
1661 2170 1705 2198 c9·
1735 2159 1864 2207 Iapygis
1894 2172 2010 2203 arva,
2040 2160 2078 2196 8<
2110 2159 2241 2197 Strabo

1187 2224 1340 2262 quoque
1355 2213 1393 2250 in
1411 2211 1654 2260 descriptione
1673 2210 1847 2259 iapygiae
1872 2209 2016 2256 Temeses
2042 2210 2239 2254 meminit,

1187 2274 1266 2301 non
1294 2263 1407 2301 video
1437 2262 1527 2310 quid
1549 2260 1770 2300 difficultatis
1790 2270 1852 2299 aut
1875 2262 1955 2298 vitii
1973 2261 2076 2298 locus
2095 2260 2154 2297 hic
2174 2260 2241 2298 ha-

1187 2313 1282 2352 beat.
1310 2314 1377 2352 nifi
1410 2313 1512 2362 quod
1542 2312 1648 2350 suum
1683 2313 1818 2361 cuique
1843 2311 2026 2359 judicium
2054 2311 2241 2359 relinquo,

1187 2364 1365 2403 Micrti..
1393 2364 1489 2403 Tres
1512 2364 1682 2401 Vatican.
1710 2361 1851 2400 Farnes.
1874 2362 2025 2399 Caelest.
2050 2363 2086 2397 ἃ
2109 2373 2238 2407 meus,

1188 2420 1444 2466 Nemesemque,
1474 2414 1566 2453 illud
1582 2413 1727 2452 rectius.
1752 2413 1951 2463 quomodo
1972 2411 2069 2449 estin
2082 2413 2240 2459 Capram

1189 2465 1357 2504 CXOFAN.
1387 2467 1482 2504 Mira
1503 2473 1600 2504 certe
1622 2464 1738 2502 videri
1764 2463 1879 2511 potest
1900 2463 2102 2511 navigatio,
2126 2474 2238 2511 quae,

1189 2527 1276 2554 cum
1295 2518 1418 2554 omnis
1429 2516 1529 2563 Jonii
1543 2515 1649 2554 maris
1671 2516 1836 2553 terminis
1850 2514 2103 2556 contineatur,
2132 2513 2237 2552 dese-2

1182 2575 1237 2603 rat
1264 2565 1425 2617 aliquem
1446 2566 1489 2603 ad
1508 2566 1635 2604 urbem
1651 2592 1663 2610 ‚
1684 2565 1727 2602 ad
1749 2564 1990 2613 Tyrrhenum
2014 2574 2114 2601 mare
2132 2563 2237 2602 fitam

1183 2617 1220 2654 in
1249 2628 1337 2664 agro
1370 2617 1510 2656 Brutio.
1536 2617 1621 2654 licet
1651 2615 1775 2653 fimilis
1805 2614 1924 2652 cursus
1953 2613 2087 2652 adduci
2118 2611 2239 2661 poffer

1183 2678 1230 2705 ex
1262 2667 1313 2709 §Its
1337 2679 1422 2715 707.
1457 2667 1538 2704 infr.
1568 2668 1643 2704 hoc
1671 2667 1786 2708 libro,
1816 2663 1878 2703 sed
1899 2664 1948 2703 ibi
1970 2664 2038 2702 alia
2058 2662 2167 2713 plane
2187 2663 2238 2704 est

1186 2718 1279 2755 ratio
1305 2718 1344 2758 &
1363 2718 1567 2756 institutum
1596 2718 1742 2755 itineris.
1771 2715 1935 2766 plerique
1957 2725 2047 2752 vero
2070 2713 2151 2752 Mff.
2173 2727 2238 2752 com

1187 2768 1284 2806 dices
1295 2769 1371 2814 hic,
1383 2781 1450 2818 pro
1464 2770 1620 2816 Temesen
1634 2796 1644 2813 ‚
1670 2767 1829 2813 habent,
1858 2765 2024 2814 Nemesen
2041 2766 2117 2811 ,vel
2133 2794 2142 2807 ,
2164 2771 2235 2801 Neo

1187 2819 1311 2867 mesen.
1337 2821 1396 2858 sed
1427 2831 1549 2868 neque
1577 2819 1685 2867 hujus
1715 2818 1876 2855 nominis
1909 2817 2062 2855 fluvium
2094 2823 2235 2869 autur?

1190 2869 1276 2907 bern
1299 2872 1391 2908 novi
1408 2871 1444 2907 in
1467 2871 1521 2907 his
1548 2870 1633 2907 oris.
1657 2868 1860 2917 cogitabam
1884 2866 2080 2913 aliquando
2101 2871 2234 2901 Crtmte

1183 2919 1519 2970 senquelegendum
1536 2948 1547 2964 ‚
1575 2931 1669 2967 quae
1683 2920 1763 2957 urbs
1778 2946 1787 2962 ,
1800 2915 2098 2965 promontorium
2115 2916 2149 2949 ὅ(
2163 2912 2232 2951 fluo

1190 2983 1271 3009 vnis
1285 2972 1354 3009 fuit
1374 2974 1413 3009 in
1431 2971 1505 3008 hoc
1515 2970 1631 3008 traetu
1645 2998 1655 3013 ,
1684 2970 1729 3005 de
1744 2977 1819 3014 quo
1833 2964 1917 3001 vide
1933 2982 1948 3000 ι.
1964 2964 2025 3001 luv
2052 2963 2124 3000 ital.
2141 2965 2233 3002 Ant.

1194 3033 1247 3060 ιν.
1261 3034 1408 3071 capre.
1431 3022 1489 3059 sed
1508 3021 1554 3057 de
1565 3019 1775 3066 syllabarum
1791 3016 1953 3063 priorum
1966 3014 2083 3051 modo
2095 3024 2154 3049 me
2168 3012 2229 3051 ad=

1193 3074 1342 3111 monuit
1355 3067 1442 3109 alter
1454 3069 1584 3106 fluvius
1597 3067 1755 3113 Crinisus
1767 3067 1802 3102 in
1815 3065 1932 3102 Sicilia
1949 3093 1955 3105 ,
1974 3064 2032 3100 vel
2044 3063 2231 3110 Crimisus,

1192 3132 1233 3162 ut
1243 3123 1372 3160 rectius
1386 3119 1559 3159 scribitur,
1578 3117 1678 3165 cujus
1698 3124 1801 3153 maro
1817 3114 2012 3153 maine-id,
2028 3113 2084 3161 38.
2097 3114 2232 3151 memi-

1190 3175 1270 3216 nit,
1300 3172 1338 3206 &
1362 3172 1398 3207 in
1423 3169 1523 3216 qu'us
1535 3166 1848 3204 nominelicentia
1861 3169 2006 3203 r'oe'tica
2017 3164 2120 3201 usum
2131 3165 2232 3213 Ροᾶ-

1189 3231 1264 3259 tarn
1286 3229 1393 3259 notat
1413 3219 1554 3256 Servius
1577 3217 1622 3255 ad
1641 3219 1740 3254 lib.i.
1766 3217 1804 3259 J&-
1820 3229 1901 3264 550.
1921 3227 2014 3264 quae
2034 3226 2076 3252 an
2100 3216 2232 3254 inmu-

1189 3280 1266 3313 tato
1294 3271 1412 3311 modo
1440 3268 1679 3318 syllabarum,
1716 3279 1761 3306 an
1788 3267 1973 3307 literarum
1991 3267 2237 3316 permutatio·

1364 3320 1411 3360 M
1424 3332 1461 3359 m
1474 3331 1514 3360 m
1530 3331 1568 3358 m
1581 3331 1619 3359 m
1630 3329 1670 3358 m
1697 3330 1720 3370 a
2189 3326 2241 3365 ne
