<?xml version="1.0" encoding="UTF-8"?>
<!DOCTYPE html PUBLIC "-//W3C//DTD XHTML 1.0 Transitional//EN"
    "http://www.w3.org/TR/xhtml1/DTD/xhtml1-transitional.dtd">
<html xmlns="http://www.w3.org/1999/xhtml" xml:lang="en" lang="en">
 <head>
  <title>
</title>
<meta http-equiv="Content-Type" content="text/html;charset=utf-8" />
  <meta name='ocr-system' content='tesseract 3.04.00' />
  <meta name='ocr-capabilities' content='ocr_page ocr_carea ocr_par ocr_line ocrx_word'/>
</head>
<body>
  <div class='ocr_page' id='page_1' title='image "./publiiovidiinaso02ovid_0106.png"; bbox 0 0 2483 3616; ppageno 0'>
   <div class='ocr_carea' id='block_1_1' title="bbox 695 147 1848 208">
    <p class='ocr_par' dir='ltr' id='par_1_1' title="bbox 695 147 1848 208">
     <span class='ocr_line' id='line_1_1' title="bbox 695 147 1848 208; baseline 0.004 -5"><span class='ocrx_word' id='word_1_1' title='bbox 695 148 754 204; x_wconf 93' lang='lat' dir='ltr'><strong>P.</strong></span> <span class='ocrx_word' id='word_1_2' title='bbox 831 147 1246 206; x_wconf 91' lang='lat' dir='ltr'>OVIDII</span> <span class='ocrx_word' id='word_1_3' title='bbox 1318 147 1848 208; x_wconf 86' lang='lat' dir='ltr'><strong>NASONIS</strong></span> 
     </span>
    </p>
   </div>
   <div class='ocr_carea' id='block_1_2' title="bbox 407 249 2170 1268">
    <p class='ocr_par' dir='ltr' id='par_1_2' title="bbox 407 249 2170 1268">
     <span class='ocr_line' id='line_1_2' title="bbox 515 249 1863 325; baseline 0.001 -17"><span class='ocrx_word' id='word_1_4' title='bbox 515 253 633 309; x_wconf 86' lang='lat' dir='ltr'><strong>Nec</strong></span> <span class='ocrx_word' id='word_1_5' title='bbox 655 251 775 307; x_wconf 73' lang='lat' dir='ltr'><strong>falsa</strong></span> <span class='ocrx_word' id='word_1_6' title='bbox 801 253 1064 325; x_wconf 79' lang='lat' dir='ltr'><strong>Clymene</strong></span> <span class='ocrx_word' id='word_1_7' title='bbox 1090 252 1299 323; x_wconf 89' lang='lat' dir='ltr'><strong>culpam</strong></span> <span class='ocrx_word' id='word_1_8' title='bbox 1321 249 1414 304; x_wconf 89' lang='lat' dir='ltr'><strong>sub</strong></span> <span class='ocrx_word' id='word_1_9' title='bbox 1438 252 1670 323; x_wconf 84' lang='lat' dir='ltr'><strong>imagine</strong></span> <span class='ocrx_word' id='word_1_10' title='bbox 1693 256 1863 318; x_wconf 87' lang='lat' dir='ltr'><strong>celat;</strong></span> 
     </span>
     <span class='ocr_line' id='line_1_3' title="bbox 514 325 1967 399; baseline 0.001 -18"><span class='ocrx_word' id='word_1_11' title='bbox 514 326 748 398; x_wconf 78' lang='lat' dir='ltr'>Pignora</span> <span class='ocrx_word' id='word_1_12' title='bbox 771 327 865 389; x_wconf 87' lang='lat' dir='ltr'><strong>cla,</strong></span> <span class='ocrx_word' id='word_1_13' title='bbox 904 325 1147 396; x_wconf 85' lang='lat' dir='ltr'><strong>genitor;</strong></span> <span class='ocrx_word' id='word_1_14' title='bbox 1186 340 1281 394; x_wconf 90' lang='lat' dir='ltr'><strong>per</strong></span> <span class='ocrx_word' id='word_1_15' title='bbox 1308 340 1443 394; x_wconf 89' lang='lat' dir='ltr'><strong>quae</strong></span> <span class='ocrx_word' id='word_1_16' title='bbox 1469 337 1557 378; x_wconf 90' lang='lat' dir='ltr'><strong>tua</strong></span> <span class='ocrx_word' id='word_1_17' title='bbox 1581 342 1704 378; x_wconf 84' lang='lat' dir='ltr'><strong>vera</strong></span> <span class='ocrx_word' id='word_1_18' title='bbox 1728 342 1967 399; x_wconf 83' lang='lat' dir='ltr'><strong>propago</strong></span> 
     </span>
     <span class='ocr_line' id='line_1_4' title="bbox 517 396 1968 460; baseline 0 -7"><span class='ocrx_word' id='word_1_19' title='bbox 517 399 754 460; x_wconf 80' lang='lat' dir='ltr'><strong>Credat,</strong></span> <span class='ocrx_word' id='word_1_20' title='bbox 792 398 846 450; x_wconf 85' lang='lat'>&amp;</span> <span class='ocrx_word' id='word_1_21' title='bbox 873 398 1015 451; x_wconf 87' lang='lat' dir='ltr'><strong>hunc</strong></span> <span class='ocrx_word' id='word_1_22' title='bbox 1042 396 1228 450; x_wconf 81' lang='lat' dir='ltr'><strong>animis</strong></span> <span class='ocrx_word' id='word_1_23' title='bbox 1253 413 1495 449; x_wconf 89' lang='lat' dir='ltr'><strong>errorem</strong></span> <span class='ocrx_word' id='word_1_24' title='bbox 1519 396 1740 452; x_wconf 82' lang='lat' dir='ltr'><strong>detrahe</strong></span> <span class='ocrx_word' id='word_1_25' title='bbox 1764 399 1968 453; x_wconf 78' lang='lat' dir='ltr'><strong>nostris,</strong></span> 
     </span>
     <span class='ocr_line' id='line_1_5' title="bbox 407 469 1968 542; baseline 0 -16"><span class='ocrx_word' id='word_1_26' title='bbox 407 493 475 542; x_wconf 78' lang='lat'><strong>40</strong></span> <span class='ocrx_word' id='word_1_27' title='bbox 507 472 751 527; x_wconf 80' lang='lat' dir='ltr'><strong>Dixerat.</strong></span> <span class='ocrx_word' id='word_1_28' title='bbox 789 483 840 523; x_wconf 89' lang='lat' dir='ltr'><strong>at</strong></span> <span class='ocrx_word' id='word_1_29' title='bbox 864 469 1079 541; x_wconf 86' lang='lat' dir='ltr'><strong>genitor</strong></span> <span class='ocrx_word' id='word_1_30' title='bbox 1103 469 1309 522; x_wconf 84' lang='lat' dir='ltr'><strong>circum</strong></span> <span class='ocrx_word' id='word_1_31' title='bbox 1341 481 1499 540; x_wconf 89' lang='lat' dir='ltr'><strong>caput</strong></span> <span class='ocrx_word' id='word_1_32' title='bbox 1526 486 1688 524; x_wconf 90' lang='lat' dir='ltr'><strong>omne</strong></span> <span class='ocrx_word' id='word_1_33' title='bbox 1711 471 1968 526; x_wconf 86' lang='lat' dir='ltr'><strong>micantes</strong></span> 
     </span>
     <span class='ocr_line' id='line_1_6' title="bbox 515 541 1851 616; baseline -0.002 -15"><span class='ocrx_word' id='word_1_34' title='bbox 515 543 781 616; x_wconf 88' lang='lat' dir='ltr'><strong>Deposuit</strong></span> <span class='ocrx_word' id='word_1_35' title='bbox 804 542 1013 606; x_wconf 87' lang='lat' dir='ltr'><strong>radios;</strong></span> <span class='ocrx_word' id='word_1_36' title='bbox 1051 542 1378 613; x_wconf 85' lang='lat' dir='ltr'><strong>propiusque</strong></span> <span class='ocrx_word' id='word_1_37' title='bbox 1401 541 1662 596; x_wconf 80' lang='lat' dir='ltr'><strong>accedere</strong></span> <span class='ocrx_word' id='word_1_38' title='bbox 1681 543 1851 614; x_wconf 87' lang='lat' dir='ltr'><strong>juffit:</strong></span> 
     </span>
     <span class='ocr_line' id='line_1_7' title="bbox 511 613 1832 689; baseline 0 -18"><span class='ocrx_word' id='word_1_39' title='bbox 511 617 893 689; x_wconf 82' lang='lat' dir='ltr'><strong>Amplexuque</strong></span> <span class='ocrx_word' id='word_1_40' title='bbox 920 614 1079 678; x_wconf 88' lang='lat' dir='ltr'><strong>dat0,</strong></span> <span class='ocrx_word' id='word_1_41' title='bbox 1115 615 1233 669; x_wconf 89' lang='lat' dir='ltr'><strong>Nec</strong></span> <span class='ocrx_word' id='word_1_42' title='bbox 1262 626 1322 666; x_wconf 90' lang='lat' dir='ltr'><strong>tu</strong></span> <span class='ocrx_word' id='word_1_43' title='bbox 1348 631 1497 667; x_wconf 90' lang='lat' dir='ltr'><strong>meus</strong></span> <span class='ocrx_word' id='word_1_44' title='bbox 1526 613 1628 668; x_wconf 83' lang='lat' dir='ltr'><strong>effe</strong></span> <span class='ocrx_word' id='word_1_45' title='bbox 1651 617 1832 687; x_wconf 82' lang='lat' dir='ltr'><strong>negari</strong></span> 
     </span>
     <span class='ocr_line' id='line_1_8' title="bbox 519 685 1966 761; baseline 0.001 -17"><span class='ocrx_word' id='word_1_46' title='bbox 519 690 730 761; x_wconf 84' lang='lat' dir='ltr'>Dignus</span> <span class='ocrx_word' id='word_1_47' title='bbox 755 707 840 751; x_wconf 90' lang='lat' dir='ltr'><strong>es;</strong></span> <span class='ocrx_word' id='word_1_48' title='bbox 884 688 939 742; x_wconf 66' lang='grc' dir='ltr'><strong>ἃ</strong></span> <span class='ocrx_word' id='word_1_49' title='bbox 965 687 1229 760; x_wconf 88' lang='lat' dir='ltr'><strong>Clymene</strong></span> <span class='ocrx_word' id='word_1_50' title='bbox 1254 703 1436 749; x_wconf 67' lang='lat' dir='ltr'><strong>verm,</strong></span> <span class='ocrx_word' id='word_1_51' title='bbox 1461 685 1562 750; x_wconf 87' lang='lat' dir='ltr'><strong>ait,</strong></span> <span class='ocrx_word' id='word_1_52' title='bbox 1601 688 1772 743; x_wconf 86' lang='lat' dir='ltr'><strong>edidit</strong></span> <span class='ocrx_word' id='word_1_53' title='bbox 1797 704 1966 748; x_wconf 87' lang='lat' dir='ltr'><strong>ortus.</strong></span> 
     </span>
     <span class='ocr_line' id='line_1_9' title="bbox 517 758 2170 833; baseline 0.002 -18"><span class='ocrx_word' id='word_1_54' title='bbox 517 762 758 833; x_wconf 89' lang='lat' dir='ltr'><strong>Quoque</strong></span> <span class='ocrx_word' id='word_1_55' title='bbox 784 762 957 815; x_wconf 86' lang='lat' dir='ltr'><strong>minus</strong></span> <span class='ocrx_word' id='word_1_56' title='bbox 985 760 1229 818; x_wconf 83' lang='lat' dir='ltr'><strong>dubites3</strong></span> <span class='ocrx_word' id='word_1_57' title='bbox 1260 758 1490 830; x_wconf 82' lang='lat' dir='ltr'><strong>quodvis</strong></span> <span class='ocrx_word' id='word_1_58' title='bbox 1515 771 1640 830; x_wconf 90' lang='lat' dir='ltr'><strong>pete</strong></span> <span class='ocrx_word' id='word_1_59' title='bbox 1667 778 1885 819; x_wconf 90' lang='lat' dir='ltr'><strong>munus:</strong></span> <span class='ocrx_word' id='word_1_60' title='bbox 1924 776 1984 820; x_wconf 88' lang='lat' dir='ltr'><strong>ut</strong></span> <span class='ocrx_word' id='word_1_61' title='bbox 2012 762 2170 830; x_wconf 83' lang='lat' dir='ltr'><strong>illud,</strong></span> 
     </span>
     <span class='ocr_line' id='line_1_10' title="bbox 411 829 1827 906; baseline 0.001 -18"><span class='ocrx_word' id='word_1_62' title='bbox 411 855 476 906; x_wconf 73' lang='lat'><strong>45</strong></span> <span class='ocrx_word' id='word_1_63' title='bbox 515 834 616 888; x_wconf 84' lang='lat' dir='ltr'><strong>Me</strong></span> <span class='ocrx_word' id='word_1_64' title='bbox 641 833 940 894; x_wconf 82' lang='lat' dir='ltr'><strong>tribuente,</strong></span> <span class='ocrx_word' id='word_1_65' title='bbox 981 831 1150 894; x_wconf 77' lang='lat' dir='ltr'><strong>feraS,</strong></span> <span class='ocrx_word' id='word_1_66' title='bbox 1190 829 1454 902; x_wconf 80' lang='lat' dir='ltr'><strong>promissis</strong></span> <span class='ocrx_word' id='word_1_67' title='bbox 1481 831 1622 885; x_wconf 87' lang='lat' dir='ltr'><strong>testis</strong></span> <span class='ocrx_word' id='word_1_68' title='bbox 1646 833 1827 890; x_wconf 89' lang='lat' dir='ltr'><strong>adesto</strong></span> 
     </span>
     <span class='ocr_line' id='line_1_11' title="bbox 514 903 1794 976; baseline 0 -16"><span class='ocrx_word' id='word_1_69' title='bbox 514 907 614 961; x_wconf 83' lang='lat' dir='ltr'><strong>Dis</strong></span> <span class='ocrx_word' id='word_1_70' title='bbox 640 905 866 976; x_wconf 87' lang='lat' dir='ltr'><strong>juranda</strong></span> <span class='ocrx_word' id='word_1_71' title='bbox 889 905 1062 976; x_wconf 80' lang='lat' dir='ltr'><strong>paIUS,</strong></span> <span class='ocrx_word' id='word_1_72' title='bbox 1098 903 1266 957; x_wconf 88' lang='lat' dir='ltr'><strong>oculis</strong></span> <span class='ocrx_word' id='word_1_73' title='bbox 1289 903 1567 974; x_wconf 83' lang='lat' dir='ltr'><strong>incognita</strong></span> <span class='ocrx_word' id='word_1_74' title='bbox 1591 906 1794 960; x_wconf 91' lang='lat' dir='ltr'><strong>nostris.</strong></span> 
     </span>
     <span class='ocr_line' id='line_1_12' title="bbox 514 976 1883 1050; baseline 0.001 -17"><span class='ocrx_word' id='word_1_75' title='bbox 514 978 631 1034; x_wconf 82' lang='lat' dir='ltr'><strong>Vix</strong></span> <span class='ocrx_word' id='word_1_76' title='bbox 655 978 791 1032; x_wconf 88' lang='lat' dir='ltr'><strong>bene</strong></span> <span class='ocrx_word' id='word_1_77' title='bbox 815 976 1062 1032; x_wconf 81' lang='lat' dir='ltr'><strong>deflerat:</strong></span> <span class='ocrx_word' id='word_1_78' title='bbox 1103 993 1287 1031; x_wconf 88' lang='lat' dir='ltr'><strong>currus</strong></span> <span class='ocrx_word' id='word_1_79' title='bbox 1316 989 1470 1048; x_wconf 83' lang='lat' dir='ltr'><strong>rogat</strong></span> <span class='ocrx_word' id='word_1_80' title='bbox 1496 977 1583 1031; x_wconf 91' lang='lat' dir='ltr'><strong>ille</strong></span> <span class='ocrx_word' id='word_1_81' title='bbox 1606 992 1883 1050; x_wconf 77' lang='lat' dir='ltr'><strong>paternoS‚</strong></span> 
     </span>
     <span class='ocr_line' id='line_1_13' title="bbox 514 1048 2023 1126; baseline 0.004 -21"><span class='ocrx_word' id='word_1_82' title='bbox 514 1050 684 1124; x_wconf 83' lang='lat' dir='ltr'><strong>Inque</strong></span> <span class='ocrx_word' id='word_1_83' title='bbox 709 1050 856 1104; x_wconf 89' lang='lat' dir='ltr'><strong>diem</strong></span> <span class='ocrx_word' id='word_1_84' title='bbox 879 1049 1149 1121; x_wconf 89' lang='lat' dir='ltr'><strong>alipedum</strong></span> <span class='ocrx_word' id='word_1_85' title='bbox 1170 1048 1254 1120; x_wconf 88' lang='lat' dir='ltr'><strong>jus</strong></span> <span class='ocrx_word' id='word_1_86' title='bbox 1283 1049 1340 1103; x_wconf 85' lang='lat'>&amp;</span> <span class='ocrx_word' id='word_1_87' title='bbox 1365 1050 1716 1106; x_wconf 86' lang='lat' dir='ltr'><strong>moderamen</strong></span> <span class='ocrx_word' id='word_1_88' title='bbox 1741 1070 2023 1126; x_wconf 89' lang='lat' dir='ltr'><strong>equorum.</strong></span> 
     </span>
     <span class='ocr_line' id='line_1_14' title="bbox 514 1121 1944 1199; baseline 0.001 -20"><span class='ocrx_word' id='word_1_89' title='bbox 514 1123 790 1178; x_wconf 88' lang='lat' dir='ltr'><strong>Poenituit</strong></span> <span class='ocrx_word' id='word_1_90' title='bbox 810 1121 997 1193; x_wconf 80' lang='lat' dir='ltr'><strong>jurasse</strong></span> <span class='ocrx_word' id='word_1_91' title='bbox 1019 1135 1241 1194; x_wconf 89' lang='lat' dir='ltr'><strong>patrem.</strong></span> <span class='ocrx_word' id='word_1_92' title='bbox 1281 1123 1375 1196; x_wconf 90' lang='lat' dir='ltr'><strong>qui</strong></span> <span class='ocrx_word' id='word_1_93' title='bbox 1404 1137 1593 1195; x_wconf 89' lang='lat' dir='ltr'><strong>terque</strong></span> <span class='ocrx_word' id='word_1_94' title='bbox 1620 1137 1917 1199; x_wconf 87' lang='lat' dir='ltr'><strong>quaterque</strong></span> <span class='ocrx_word' id='word_1_95' title='bbox 1939 1191 1944 1197; x_wconf 32' lang='grc'><em>,</em></span> 
     </span>
     <span class='ocr_line' id='line_1_15' title="bbox 408 1194 1862 1268; baseline 0.001 -17"><span class='ocrx_word' id='word_1_96' title='bbox 408 1216 476 1266; x_wconf 81' lang='lat'><strong>50</strong></span> <span class='ocrx_word' id='word_1_97' title='bbox 513 1196 846 1254; x_wconf 87' lang='lat' dir='ltr'><strong>Concutiens</strong></span> <span class='ocrx_word' id='word_1_98' title='bbox 870 1194 1064 1251; x_wconf 88' lang='lat' dir='ltr'><strong>illustre</strong></span> <span class='ocrx_word' id='word_1_99' title='bbox 1093 1208 1281 1268; x_wconf 89' lang='lat' dir='ltr'><strong>caput,</strong></span> <span class='ocrx_word' id='word_1_100' title='bbox 1314 1196 1656 1262; x_wconf 84' lang='lat' dir='ltr'><strong>Temeraria,</strong></span> <span class='ocrx_word' id='word_1_101' title='bbox 1695 1197 1862 1265; x_wconf 77' lang='lat' dir='ltr'><strong>dixit,</strong></span> 
     </span>
    </p>
   </div>
   <div class='ocr_carea' id='block_1_3' title="bbox 2246 1273 2376 1335">
    <p class='ocr_par' dir='ltr' id='par_1_3' title="bbox 2246 1273 2376 1335">
     <span class='ocr_line' id='line_1_16' title="bbox 2246 1273 2376 1335; baseline 0.015 -3"><span class='ocrx_word' id='word_1_102' title='bbox 2246 1273 2376 1335; x_wconf 83' lang='lat' dir='ltr'><strong>Vox</strong></span> 
     </span>
    </p>
   </div>
   <div class='ocr_carea' id='block_1_4' title="bbox 279 1414 2371 1471">
    <p class='ocr_par' dir='ltr' id='par_1_4' title="bbox 279 1414 2371 1471">
     <span class='ocr_line' id='line_1_17' title="bbox 279 1414 2371 1471; baseline 0 -13"><span class='ocrx_word' id='word_1_103' title='bbox 279 1431 339 1470; x_wconf 74' lang='lat'><strong>35.</strong></span> <span class='ocrx_word' id='word_1_104' title='bbox 366 1415 529 1467; x_wconf 80' lang='lat' dir='ltr'><strong>Immenfi</strong></span> <span class='ocrx_word' id='word_1_105' title='bbox 547 1415 710 1467; x_wconf 59' lang='lat' dir='ltr'><strong>mundi]</strong></span> <span class='ocrx_word' id='word_1_106' title='bbox 738 1415 786 1454; x_wconf 86' lang='lat' dir='ltr'><strong>Et</strong></span> <span class='ocrx_word' id='word_1_107' title='bbox 809 1426 922 1453; x_wconf 77' lang='lat' dir='ltr'><strong>mox:</strong></span> <span class='ocrx_word' id='word_1_108' title='bbox 953 1416 997 1455; x_wconf 58' lang='grc' dir='ltr'><strong>ἐφ’</strong></span> <span class='ocrx_word' id='word_1_109' title='bbox 1007 1416 1112 1464; x_wconf 59' lang='lat' dir='ltr'><strong>faeta</strong></span> <span class='ocrx_word' id='word_1_110' title='bbox 1133 1414 1176 1464; x_wconf 84' lang='lat' dir='ltr'><strong>est</strong></span> <span class='ocrx_word' id='word_1_111' title='bbox 1197 1415 1266 1453; x_wconf 82' lang='lat' dir='ltr'><strong>im·</strong></span> <span class='ocrx_word' id='word_1_112' title='bbox 1319 1414 1431 1462; x_wconf 81' lang='lat' dir='ltr'><strong>gonia</strong></span> <span class='ocrx_word' id='word_1_113' title='bbox 1445 1444 1455 1462; x_wconf 91' lang='lat'><strong>,</strong></span> <span class='ocrx_word' id='word_1_114' title='bbox 1482 1415 1724 1457; x_wconf 87' lang='lat' dir='ltr'><strong>&amp;Homerus</strong></span> <span class='ocrx_word' id='word_1_115' title='bbox 1743 1416 1803 1459; x_wconf 90' lang='lat' dir='ltr'><strong>lib.</strong></span> <span class='ocrx_word' id='word_1_116' title='bbox 1824 1430 1859 1458; x_wconf 90' lang='lat' dir='ltr'><strong>v.</strong></span> <span class='ocrx_word' id='word_1_117' title='bbox 1883 1416 2013 1469; x_wconf 87' lang='lat' dir='ltr'><strong>Odyff.</strong></span> <span class='ocrx_word' id='word_1_118' title='bbox 2036 1418 2139 1471; x_wconf 88' lang='lat' dir='ltr'><strong>quod</strong></span> <span class='ocrx_word' id='word_1_119' title='bbox 2158 1420 2222 1470; x_wconf 85' lang='lat' dir='ltr'><strong>qui</strong></span> <span class='ocrx_word' id='word_1_120' title='bbox 2241 1420 2371 1468; x_wconf 57' lang='lat' dir='ltr'><strong>volet,</strong></span> 
     </span>
    </p>
   </div>
   <div class='ocr_carea' id='block_1_5' title="bbox 220 1469 1272 1770">
    <p class='ocr_par' dir='ltr' id='par_1_5' title="bbox 227 1469 862 1522">
     <span class='ocr_line' id='line_1_18' title="bbox 227 1469 862 1522; baseline -0.009 -13"><span class='ocrx_word' id='word_1_121' title='bbox 227 1471 335 1522; x_wconf 81' lang='lat' dir='ltr'><strong>menfi</strong></span> <span class='ocrx_word' id='word_1_122' title='bbox 352 1472 443 1521; x_wconf 86' lang='lat' dir='ltr'><strong>copia</strong></span> <span class='ocrx_word' id='word_1_123' title='bbox 462 1470 597 1507; x_wconf 86' lang='lat' dir='ltr'><strong>mundi.</strong></span> <span class='ocrx_word' id='word_1_124' title='bbox 651 1469 862 1506; x_wconf 59' lang='lat' dir='ltr'><strong>Cmrmus.</strong></span> 
     </span>
    </p>

    <p class='ocr_par' dir='ltr' id='par_1_6' title="bbox 220 1516 1267 1622">
     <span class='ocr_line' id='line_1_19' title="bbox 280 1516 1267 1571; baseline -0.004 -12"><span class='ocrx_word' id='word_1_125' title='bbox 280 1524 338 1571; x_wconf 82' lang='lat'><strong>36.</strong></span> <span class='ocrx_word' id='word_1_126' title='bbox 366 1520 492 1559; x_wconf 81' lang='lat' dir='ltr'><em>Phoebe</em></span> <span class='ocrx_word' id='word_1_127' title='bbox 506 1531 606 1570; x_wconf 84' lang='lat' dir='ltr'><strong>pater</strong></span> <span class='ocrx_word' id='word_1_128' title='bbox 620 1548 630 1565; x_wconf 94' lang='lat'><strong>,</strong></span> <span class='ocrx_word' id='word_1_129' title='bbox 649 1517 686 1569; x_wconf 82' lang='lat' dir='ltr'><em>fi</em></span> <span class='ocrx_word' id='word_1_130' title='bbox 713 1520 776 1556; x_wconf 87' lang='lat' dir='ltr'><strong>das</strong></span> <span class='ocrx_word' id='word_1_131' title='bbox 797 1518 899 1568; x_wconf 90' lang='lat' dir='ltr'><strong>usum</strong></span> <span class='ocrx_word' id='word_1_132' title='bbox 920 1516 1010 1556; x_wconf 80' lang='lat' dir='ltr'><strong>mihi</strong></span> <span class='ocrx_word' id='word_1_133' title='bbox 1031 1518 1180 1555; x_wconf 87' lang='lat' dir='ltr'><strong>nominis</strong></span> <span class='ocrx_word' id='word_1_134' title='bbox 1200 1517 1267 1555; x_wconf 88' lang='lat' dir='ltr'><strong>hu-</strong></span> 
     </span>
     <span class='ocr_line' id='line_1_20' title="bbox 220 1569 1130 1622; baseline -0.003 -13"><span class='ocrx_word' id='word_1_135' title='bbox 220 1573 320 1622; x_wconf 82' lang='lat' dir='ltr'><strong>jus.]</strong></span> <span class='ocrx_word' id='word_1_136' title='bbox 351 1573 386 1609; x_wconf 89' lang='lat' dir='ltr'><strong>Si</strong></span> <span class='ocrx_word' id='word_1_137' title='bbox 406 1571 486 1610; x_wconf 87' lang='lat' dir='ltr'><strong>finis</strong></span> <span class='ocrx_word' id='word_1_138' title='bbox 508 1583 570 1608; x_wconf 89' lang='lat' dir='ltr'><strong>me</strong></span> <span class='ocrx_word' id='word_1_139' title='bbox 589 1579 627 1607; x_wconf 88' lang='lat' dir='ltr'><strong>te</strong></span> <span class='ocrx_word' id='word_1_140' title='bbox 649 1578 792 1617; x_wconf 87' lang='lat' dir='ltr'><strong>patrem</strong></span> <span class='ocrx_word' id='word_1_141' title='bbox 814 1581 961 1607; x_wconf 85' lang='lat' dir='ltr'><strong>vocare.</strong></span> <span class='ocrx_word' id='word_1_142' title='bbox 1013 1569 1130 1607; x_wconf 75' lang='lat' dir='ltr'><strong>IDEM.</strong></span> 
     </span>
    </p>

    <p class='ocr_par' dir='ltr' id='par_1_7' title="bbox 224 1619 1272 1770">
     <span class='ocr_line' id='line_1_21' title="bbox 281 1619 1272 1672; baseline -0.004 -12"><span class='ocrx_word' id='word_1_143' title='bbox 281 1635 339 1672; x_wconf 88' lang='lat'><strong>37.</strong></span> <span class='ocrx_word' id='word_1_144' title='bbox 369 1621 507 1669; x_wconf 84' lang='lat' dir='ltr'><strong>Celat.]</strong></span> <span class='ocrx_word' id='word_1_145' title='bbox 537 1620 712 1658; x_wconf 87' lang='lat' dir='ltr'><strong>Meliores</strong></span> <span class='ocrx_word' id='word_1_146' title='bbox 735 1619 903 1666; x_wconf 87' lang='lat' dir='ltr'><strong>codices,</strong></span> <span class='ocrx_word' id='word_1_147' title='bbox 932 1620 1029 1657; x_wconf 81' lang='lat' dir='ltr'><strong>velat</strong></span> <span class='ocrx_word' id='word_1_148' title='bbox 1041 1635 1052 1663; x_wconf 91' lang='lat'>;</span> <span class='ocrx_word' id='word_1_149' title='bbox 1077 1622 1115 1658; x_wconf 60' lang='grc' dir='ltr'><strong>ὃς</strong></span> <span class='ocrx_word' id='word_1_150' title='bbox 1136 1619 1185 1657; x_wconf 86' lang='lat' dir='ltr'><strong>ita</strong></span> <span class='ocrx_word' id='word_1_151' title='bbox 1203 1620 1272 1657; x_wconf 89' lang='lat' dir='ltr'><strong>Vi-</strong></span> 
     </span>
     <span class='ocr_line' id='line_1_22' title="bbox 224 1670 1272 1720; baseline -0.002 -10"><span class='ocrx_word' id='word_1_152' title='bbox 224 1673 364 1710; x_wconf 83' lang='lat' dir='ltr'><strong>vianus.</strong></span> <span class='ocrx_word' id='word_1_153' title='bbox 392 1672 465 1708; x_wconf 79' lang='lat' dir='ltr'><strong>vid.</strong></span> <span class='ocrx_word' id='word_1_154' title='bbox 488 1671 532 1708; x_wconf 89' lang='lat' dir='ltr'><strong>ad</strong></span> <span class='ocrx_word' id='word_1_155' title='bbox 554 1670 664 1720; x_wconf 84' lang='lat' dir='ltr'><strong>Epist.</strong></span> <span class='ocrx_word' id='word_1_156' title='bbox 684 1681 720 1707; x_wconf 79' lang='lat' dir='ltr'><strong>v.</strong></span> <span class='ocrx_word' id='word_1_157' title='bbox 746 1680 827 1717; x_wconf 86' lang='lat'><strong>131.</strong></span> <span class='ocrx_word' id='word_1_158' title='bbox 864 1671 939 1707; x_wconf 88' lang='lat' dir='ltr'><strong>hoc</strong></span> <span class='ocrx_word' id='word_1_159' title='bbox 956 1671 1128 1717; x_wconf 83' lang='lat' dir='ltr'><strong>Virgilius</strong></span> <span class='ocrx_word' id='word_1_160' title='bbox 1158 1671 1272 1717; x_wconf 85' lang='lat' dir='ltr'><strong>dixit,</strong></span> 
     </span>
     <span class='ocr_line' id='line_1_23' title="bbox 224 1722 651 1770; baseline -0.002 -10"><span class='ocrx_word' id='word_1_161' title='bbox 224 1723 284 1761; x_wconf 86' lang='lat' dir='ltr'><strong>lib.</strong></span> <span class='ocrx_word' id='word_1_162' title='bbox 306 1735 356 1761; x_wconf 86' lang='lat' dir='ltr'><strong>1v.</strong></span> <span class='ocrx_word' id='word_1_163' title='bbox 382 1722 543 1760; x_wconf 75' lang='lat' dir='ltr'><strong>Aene‘i‘d.</strong></span> <span class='ocrx_word' id='word_1_164' title='bbox 571 1734 651 1770; x_wconf 78' lang='lat'><strong>172.</strong></span> 
     </span>
    </p>
   </div>
   <div class='ocr_carea' id='block_1_6' title="bbox 277 1794 867 1848">
    <p class='ocr_par' dir='ltr' id='par_1_8' title="bbox 277 1794 867 1848">
     <span class='ocr_line' id='line_1_24' title="bbox 277 1794 867 1848; baseline -0.007 -12"><span class='ocrx_word' id='word_1_165' title='bbox 277 1805 349 1836; x_wconf 86' lang='lat' dir='ltr'><strong>Hoc</strong></span> <span class='ocrx_word' id='word_1_166' title='bbox 363 1796 539 1848; x_wconf 84' lang='lat' dir='ltr'><strong>praetexit</strong></span> <span class='ocrx_word' id='word_1_167' title='bbox 561 1797 698 1834; x_wconf 85' lang='lat' dir='ltr'><strong>nomine</strong></span> <span class='ocrx_word' id='word_1_168' title='bbox 720 1794 867 1844; x_wconf 85' lang='lat' dir='ltr'><strong>culpam.</strong></span> 
     </span>
    </p>
   </div>
   <div class='ocr_carea' id='block_1_7' title="bbox 221 1869 1275 3287">
    <p class='ocr_par' dir='ltr' id='par_1_9' title="bbox 224 1869 1270 2023">
     <span class='ocr_line' id='line_1_25' title="bbox 278 1869 1270 1922; baseline -0.002 -13"><span class='ocrx_word' id='word_1_169' title='bbox 278 1873 337 1922; x_wconf 80' lang='lat'><strong>38.</strong></span> <span class='ocrx_word' id='word_1_170' title='bbox 366 1878 425 1908; x_wconf 80' lang='lat' dir='ltr'><strong>Da</strong></span> <span class='ocrx_word' id='word_1_171' title='bbox 443 1869 605 1920; x_wconf 83' lang='lat' dir='ltr'><strong>genitor.]</strong></span> <span class='ocrx_word' id='word_1_172' title='bbox 634 1874 694 1905; x_wconf 85' lang='lat' dir='ltr'><strong>Da</strong></span> <span class='ocrx_word' id='word_1_173' title='bbox 714 1869 844 1918; x_wconf 85' lang='lat' dir='ltr'><strong>generis</strong></span> <span class='ocrx_word' id='word_1_174' title='bbox 865 1869 1016 1918; x_wconf 81' lang='lat' dir='ltr'><strong>quidam</strong></span> <span class='ocrx_word' id='word_1_175' title='bbox 1033 1896 1042 1912; x_wconf 91' lang='lat'><strong>,</strong></span> <span class='ocrx_word' id='word_1_176' title='bbox 1069 1869 1172 1919; x_wconf 85' lang='lat' dir='ltr'><strong>quod</strong></span> <span class='ocrx_word' id='word_1_177' title='bbox 1184 1881 1270 1919; x_wconf 80' lang='lat' dir='ltr'><strong>pro·</strong></span> 
     </span>
     <span class='ocr_line' id='line_1_26' title="bbox 225 1919 1270 1970; baseline -0.002 -9"><span class='ocrx_word' id='word_1_178' title='bbox 225 1922 333 1967; x_wconf 82' lang='lat' dir='ltr'><strong>babat</strong></span> <span class='ocrx_word' id='word_1_179' title='bbox 364 1923 567 1960; x_wconf 82' lang='lat' dir='ltr'><strong>Vivianus:</strong></span> <span class='ocrx_word' id='word_1_180' title='bbox 594 1932 681 1958; x_wconf 81' lang='lat' dir='ltr'><strong>nam</strong></span> <span class='ocrx_word' id='word_1_181' title='bbox 713 1919 898 1968; x_wconf 81' lang='lat' dir='ltr'><strong>praeceffit</strong></span> <span class='ocrx_word' id='word_1_182' title='bbox 930 1919 1048 1958; x_wconf 87' lang='lat' dir='ltr'><strong>modo</strong></span> <span class='ocrx_word' id='word_1_183' title='bbox 1073 1930 1200 1970; x_wconf 84' lang='lat' dir='ltr'><strong>pater,</strong></span> <span class='ocrx_word' id='word_1_184' title='bbox 1230 1922 1270 1960; x_wconf 64' lang='grc' dir='ltr'><strong>ὃς</strong></span> 
     </span>
     <span class='ocr_line' id='line_1_27' title="bbox 224 1971 810 2023; baseline -0.009 -11"><span class='ocrx_word' id='word_1_185' title='bbox 224 1984 319 2012; x_wconf 84' lang='lat' dir='ltr'><strong>mox</strong></span> <span class='ocrx_word' id='word_1_186' title='bbox 333 1974 466 2023; x_wconf 84' lang='lat' dir='ltr'><strong>genitor</strong></span> <span class='ocrx_word' id='word_1_187' title='bbox 486 1973 619 2009; x_wconf 85' lang='lat' dir='ltr'><strong>iterum</strong></span> <span class='ocrx_word' id='word_1_188' title='bbox 643 1971 810 2020; x_wconf 88' lang='lat' dir='ltr'><strong>sequitur.</strong></span> 
     </span>
    </p>

    <p class='ocr_par' dir='ltr' id='par_1_10' title="bbox 225 2021 1269 2123">
     <span class='ocr_line' id='line_1_28' title="bbox 279 2021 1269 2074; baseline -0.002 -12"><span class='ocrx_word' id='word_1_189' title='bbox 279 2026 338 2074; x_wconf 87' lang='lat'><strong>38.</strong></span> <span class='ocrx_word' id='word_1_190' title='bbox 368 2031 441 2061; x_wconf 88' lang='lat' dir='ltr'><strong>Tua</strong></span> <span class='ocrx_word' id='word_1_191' title='bbox 463 2038 547 2060; x_wconf 81' lang='lat' dir='ltr'><strong>vera</strong></span> <span class='ocrx_word' id='word_1_192' title='bbox 566 2021 736 2072; x_wconf 63' lang='lat' dir='ltr'><strong>propaga]</strong></span> <span class='ocrx_word' id='word_1_193' title='bbox 766 2022 1028 2061; x_wconf 83' lang='lat' dir='ltr'><strong>Gronovianus</strong></span> <span class='ocrx_word' id='word_1_194' title='bbox 1045 2034 1138 2060; x_wconf 86' lang='lat' dir='ltr'><strong>unus</strong></span> <span class='ocrx_word' id='word_1_195' title='bbox 1162 2051 1173 2068; x_wconf 93' lang='lat'><strong>,</strong></span> <span class='ocrx_word' id='word_1_196' title='bbox 1194 2022 1269 2060; x_wconf 81' lang='lat' dir='ltr'><strong>tibi.</strong></span> 
     </span>
     <span class='ocr_line' id='line_1_29' title="bbox 225 2076 559 2123; baseline -0.015 -8"><span class='ocrx_word' id='word_1_197' title='bbox 225 2088 304 2115; x_wconf 87' lang='lat' dir='ltr'><strong>non</strong></span> <span class='ocrx_word' id='word_1_198' title='bbox 326 2076 559 2123; x_wconf 81' lang='lat' dir='ltr'><strong>ineleganter.</strong></span> 
     </span>
    </p>

    <p class='ocr_par' dir='ltr' id='par_1_11' title="bbox 225 2123 1271 2222">
     <span class='ocr_line' id='line_1_30' title="bbox 277 2123 1271 2176; baseline -0.002 -13"><span class='ocrx_word' id='word_1_199' title='bbox 277 2139 337 2176; x_wconf 80' lang='lat'><strong>39.</strong></span> <span class='ocrx_word' id='word_1_200' title='bbox 375 2131 536 2162; x_wconf 89' lang='lat' dir='ltr'><strong>Errorem</strong></span> <span class='ocrx_word' id='word_1_201' title='bbox 584 2123 734 2160; x_wconf 74' lang='lat' dir='ltr'><strong>detrahe.</strong></span> <span class='ocrx_word' id='word_1_202' title='bbox 763 2123 778 2173; x_wconf 90' lang='lat'>]</span> <span class='ocrx_word' id='word_1_203' title='bbox 834 2123 1128 2173; x_wconf 77' lang='lat' dir='ltr'><strong>Ambiguitatem</strong></span> <span class='ocrx_word' id='word_1_204' title='bbox 1172 2124 1271 2162; x_wconf 82' lang='lat' dir='ltr'><strong>tolle.</strong></span> 
     </span>
     <span class='ocr_line' id='line_1_31' title="bbox 225 2174 1196 2222; baseline -0.004 -6"><span class='ocrx_word' id='word_1_205' title='bbox 225 2178 449 2216; x_wconf 70' lang='lat' dir='ltr'><strong>C1orANth.</strong></span> <span class='ocrx_word' id='word_1_206' title='bbox 476 2175 550 2213; x_wconf 76' lang='lat' dir='ltr'><strong>vid.</strong></span> <span class='ocrx_word' id='word_1_207' title='bbox 572 2175 618 2212; x_wconf 84' lang='lat' dir='ltr'><strong>ad</strong></span> <span class='ocrx_word' id='word_1_208' title='bbox 639 2174 816 2222; x_wconf 65' lang='lat' dir='ltr'><strong>Quinem.</strong></span> <span class='ocrx_word' id='word_1_209' title='bbox 840 2187 893 2212; x_wconf 90' lang='lat' dir='ltr'><strong>1v.</strong></span> <span class='ocrx_word' id='word_1_210' title='bbox 916 2175 1026 2212; x_wconf 89' lang='lat' dir='ltr'><strong>Instit.</strong></span> <span class='ocrx_word' id='word_1_211' title='bbox 1051 2176 1154 2212; x_wconf 87' lang='lat' dir='ltr'><strong>Orat.</strong></span> <span class='ocrx_word' id='word_1_212' title='bbox 1169 2188 1196 2212; x_wconf 91' lang='lat'><strong>1.</strong></span> 
     </span>
    </p>

    <p class='ocr_par' dir='ltr' id='par_1_12' title="bbox 278 2225 1168 2277">
     <span class='ocr_line' id='line_1_32' title="bbox 278 2225 1168 2277; baseline -0.002 -12"><span class='ocrx_word' id='word_1_213' title='bbox 278 2242 339 2276; x_wconf 70' lang='lat'><strong>40.</strong></span> <span class='ocrx_word' id='word_1_214' title='bbox 367 2235 483 2277; x_wconf 84' lang='lat' dir='ltr'><strong>Caput</strong></span> <span class='ocrx_word' id='word_1_215' title='bbox 504 2225 640 2274; x_wconf 65' lang='lat' dir='ltr'><strong>omne]</strong></span> <span class='ocrx_word' id='word_1_216' title='bbox 670 2225 848 2262; x_wconf 83' lang='lat' dir='ltr'><strong>Palatinus</strong></span> <span class='ocrx_word' id='word_1_217' title='bbox 863 2253 873 2269; x_wconf 93' lang='lat'><strong>,</strong></span> <span class='ocrx_word' id='word_1_218' title='bbox 901 2226 974 2273; x_wconf 83' lang='lat' dir='ltr'><strong>igne</strong></span> <span class='ocrx_word' id='word_1_219' title='bbox 991 2226 1168 2263; x_wconf 76' lang='lat' dir='ltr'><strong>micantes.</strong></span> 
     </span>
    </p>

    <p class='ocr_par' dir='ltr' id='par_1_13' title="bbox 225 2276 1271 2379">
     <span class='ocr_line' id='line_1_33' title="bbox 278 2276 1271 2328; baseline -0.004 -10"><span class='ocrx_word' id='word_1_220' title='bbox 278 2293 339 2327; x_wconf 79' lang='lat'><strong>41.</strong></span> <span class='ocrx_word' id='word_1_221' title='bbox 366 2276 569 2328; x_wconf 83' lang='lat' dir='ltr'><strong>Deposuit.]</strong></span> <span class='ocrx_word' id='word_1_222' title='bbox 599 2276 743 2325; x_wconf 71' lang='lat' dir='ltr'><strong>seposuit</strong></span> <span class='ocrx_word' id='word_1_223' title='bbox 764 2288 856 2312; x_wconf 85' lang='lat' dir='ltr'><strong>unus</strong></span> <span class='ocrx_word' id='word_1_224' title='bbox 878 2276 1081 2314; x_wconf 86' lang='lat' dir='ltr'><strong>Mediceus.</strong></span> <span class='ocrx_word' id='word_1_225' title='bbox 1103 2278 1142 2314; x_wconf 72' lang='grc' dir='ltr'><strong>ὃ(</strong></span> <span class='ocrx_word' id='word_1_226' title='bbox 1165 2289 1271 2323; x_wconf 85' lang='lat' dir='ltr'><strong>mox,</strong></span> 
     </span>
     <span class='ocr_line' id='line_1_34' title="bbox 225 2325 890 2379; baseline -0.008 -11"><span class='ocrx_word' id='word_1_227' title='bbox 225 2332 378 2369; x_wconf 76' lang='lat' dir='ltr'><strong>accedere</strong></span> <span class='ocrx_word' id='word_1_228' title='bbox 394 2328 479 2379; x_wconf 75' lang='lat' dir='ltr'><strong>jusso</strong></span> <span class='ocrx_word' id='word_1_229' title='bbox 494 2357 503 2373; x_wconf 93' lang='lat'>‚</span> <span class='ocrx_word' id='word_1_230' title='bbox 530 2327 688 2365; x_wconf 78' lang='lat' dir='ltr'><strong>malebat</strong></span> <span class='ocrx_word' id='word_1_231' title='bbox 711 2325 890 2364; x_wconf 79' lang='lat' dir='ltr'><strong>Heinsius.</strong></span> 
     </span>
    </p>

    <p class='ocr_par' dir='ltr' id='par_1_14' title="bbox 221 2377 1274 2469">
     <span class='ocr_line' id='line_1_35' title="bbox 281 2377 1274 2430; baseline -0.002 -12"><span class='ocrx_word' id='word_1_232' title='bbox 281 2394 338 2428; x_wconf 70' lang='grc'><strong>44.</strong></span> <span class='ocrx_word' id='word_1_233' title='bbox 370 2383 513 2430; x_wconf 74' lang='lat' dir='ltr'><strong>Qoque</strong></span> <span class='ocrx_word' id='word_1_234' title='bbox 533 2379 649 2416; x_wconf 86' lang='lat' dir='ltr'><strong>minus</strong></span> <span class='ocrx_word' id='word_1_235' title='bbox 672 2377 845 2427; x_wconf 54' lang='lat' dir='ltr'><strong>dubiten]</strong></span> <span class='ocrx_word' id='word_1_236' title='bbox 876 2379 1045 2429; x_wconf 56' lang='lat' dir='ltr'><strong>§Quodque</strong></span> <span class='ocrx_word' id='word_1_237' title='bbox 1066 2390 1161 2416; x_wconf 87' lang='lat' dir='ltr'><strong>unus</strong></span> <span class='ocrx_word' id='word_1_238' title='bbox 1184 2378 1274 2416; x_wconf 79' lang='lat' dir='ltr'><strong>Lei-</strong></span> 
     </span>
     <span class='ocr_line' id='line_1_36' title="bbox 221 2431 355 2469; baseline 0 0"><span class='ocrx_word' id='word_1_239' title='bbox 221 2431 355 2469; x_wconf 72' lang='lat' dir='ltr'><strong>dentis.</strong></span> 
     </span>
    </p>

    <p class='ocr_par' dir='ltr' id='par_1_15' title="bbox 226 2479 1272 2632">
     <span class='ocr_line' id='line_1_37' title="bbox 282 2479 1272 2529; baseline -0.003 -10"><span class='ocrx_word' id='word_1_240' title='bbox 282 2495 340 2528; x_wconf 73' lang='grc'><strong>44.</strong></span> <span class='ocrx_word' id='word_1_241' title='bbox 369 2487 416 2518; x_wconf 83' lang='lat' dir='ltr'><strong>Et</strong></span> <span class='ocrx_word' id='word_1_242' title='bbox 447 2480 536 2517; x_wconf 85' lang='lat' dir='ltr'><strong>illud</strong></span> <span class='ocrx_word' id='word_1_243' title='bbox 569 2487 628 2516; x_wconf 86' lang='lat' dir='ltr'><strong>Me</strong></span> <span class='ocrx_word' id='word_1_244' title='bbox 656 2479 825 2517; x_wconf 74' lang='lat' dir='ltr'><strong>tribuente</strong></span> <span class='ocrx_word' id='word_1_245' title='bbox 846 2479 975 2529; x_wconf 54' lang='lat' dir='ltr'><strong>feren]</strong></span> <span class='ocrx_word' id='word_1_246' title='bbox 1004 2486 1048 2516; x_wconf 92' lang='lat' dir='ltr'><strong>Ut</strong></span> <span class='ocrx_word' id='word_1_247' title='bbox 1071 2482 1170 2526; x_wconf 72' lang='lat' dir='ltr'><strong>feras</strong></span> <span class='ocrx_word' id='word_1_248' title='bbox 1192 2491 1272 2516; x_wconf 85' lang='lat' dir='ltr'><strong>me-</strong></span> 
     </span>
     <span class='ocr_line' id='line_1_38' title="bbox 226 2531 1270 2579; baseline -0.003 -9"><span class='ocrx_word' id='word_1_249' title='bbox 226 2532 347 2570; x_wconf 77' lang='lat' dir='ltr'><strong>liores.</strong></span> <span class='ocrx_word' id='word_1_250' title='bbox 376 2534 414 2569; x_wconf 87' lang='lat'>&amp;</span> <span class='ocrx_word' id='word_1_251' title='bbox 447 2544 559 2575; x_wconf 76' lang='lat' dir='ltr'><strong>mox,</strong></span> <span class='ocrx_word' id='word_1_252' title='bbox 597 2544 716 2567; x_wconf 84' lang='lat' dir='ltr'><strong>currus</strong></span> <span class='ocrx_word' id='word_1_253' title='bbox 746 2541 865 2578; x_wconf 83' lang='lat' dir='ltr'><strong>rogat,</strong></span> <span class='ocrx_word' id='word_1_254' title='bbox 903 2543 981 2567; x_wconf 89' lang='lat' dir='ltr'><strong>non</strong></span> <span class='ocrx_word' id='word_1_255' title='bbox 1004 2531 1103 2579; x_wconf 88' lang='lat' dir='ltr'><strong>petit.</strong></span> <span class='ocrx_word' id='word_1_256' title='bbox 1135 2539 1175 2567; x_wconf 87' lang='lat' dir='ltr'><strong>ut</strong></span> <span class='ocrx_word' id='word_1_257' title='bbox 1205 2531 1270 2567; x_wconf 85' lang='lat' dir='ltr'><strong>inf.</strong></span> 
     </span>
     <span class='ocr_line' id='line_1_39' title="bbox 232 2582 827 2632; baseline -0.005 -12"><span class='ocrx_word' id='word_1_258' title='bbox 232 2583 315 2632; x_wconf 86' lang='lat'><strong>183.</strong></span> <span class='ocrx_word' id='word_1_259' title='bbox 339 2584 377 2619; x_wconf 64' lang='grc' dir='ltr'><strong>ὅ(</strong></span> <span class='ocrx_word' id='word_1_260' title='bbox 399 2595 462 2618; x_wconf 84' lang='lat'><strong>111.</strong></span> <span class='ocrx_word' id='word_1_261' title='bbox 490 2582 573 2618; x_wconf 70' lang='lat'><strong>288.</strong></span> <span class='ocrx_word' id='word_1_262' title='bbox 626 2582 827 2618; x_wconf 58' lang='lat' dir='ltr'><strong>Heinsius.</strong></span> 
     </span>
    </p>

    <p class='ocr_par' dir='ltr' id='par_1_16' title="bbox 225 2630 1274 2823">
     <span class='ocr_line' id='line_1_40' title="bbox 283 2630 1274 2681; baseline -0.002 -12"><span class='ocrx_word' id='word_1_263' title='bbox 283 2646 341 2680; x_wconf 68' lang='lat'><strong>45.</strong></span> <span class='ocrx_word' id='word_1_264' title='bbox 370 2631 581 2681; x_wconf 80' lang='lat' dir='ltr'><strong>Promiffis.]</strong></span> <span class='ocrx_word' id='word_1_265' title='bbox 611 2630 766 2677; x_wconf 75' lang='lat' dir='ltr'><strong>Promzffi</strong></span> <span class='ocrx_word' id='word_1_266' title='bbox 785 2631 931 2678; x_wconf 84' lang='lat' dir='ltr'><strong>plurimi</strong></span> <span class='ocrx_word' id='word_1_267' title='bbox 952 2638 1120 2668; x_wconf 86' lang='lat' dir='ltr'><strong>veterum</strong></span> <span class='ocrx_word' id='word_1_268' title='bbox 1139 2659 1149 2675; x_wconf 92' lang='lat'>‚</span> <span class='ocrx_word' id='word_1_269' title='bbox 1172 2631 1274 2668; x_wconf 86' lang='lat' dir='ltr'><strong>&amp;ita</strong></span> 
     </span>
     <span class='ocr_line' id='line_1_41' title="bbox 231 2679 1274 2728; baseline -0.005 -7"><span class='ocrx_word' id='word_1_270' title='bbox 231 2679 345 2721; x_wconf 79' lang='lat' dir='ltr'><strong>edidit</strong></span> <span class='ocrx_word' id='word_1_271' title='bbox 366 2682 616 2719; x_wconf 75' lang='lat' dir='ltr'><strong>Bersrnannus.</strong></span> <span class='ocrx_word' id='word_1_272' title='bbox 643 2680 689 2716; x_wconf 81' lang='lat' dir='ltr'><strong>sie</strong></span> <span class='ocrx_word' id='word_1_273' title='bbox 710 2682 769 2717; x_wconf 86' lang='lat' dir='ltr'><strong>lib.</strong></span> <span class='ocrx_word' id='word_1_274' title='bbox 794 2693 820 2715; x_wconf 91' lang='lat'><strong>1.</strong></span> <span class='ocrx_word' id='word_1_275' title='bbox 844 2681 978 2717; x_wconf 82' lang='lat' dir='ltr'><strong>Amor.</strong></span> <span class='ocrx_word' id='word_1_276' title='bbox 1000 2693 1091 2719; x_wconf 79' lang='lat' dir='ltr'><strong>vm.</strong></span> <span class='ocrx_word' id='word_1_277' title='bbox 1114 2694 1172 2718; x_wconf 87' lang='lat'><strong>21.</strong></span> <span class='ocrx_word' id='word_1_278' title='bbox 1197 2681 1274 2728; x_wconf 85' lang='lat' dir='ltr'><strong>ser-</strong></span> 
     </span>
     <span class='ocr_line' id='line_1_42' title="bbox 225 2730 1272 2780; baseline -0.005 -9"><span class='ocrx_word' id='word_1_279' title='bbox 225 2735 342 2774; x_wconf 74' lang='lat' dir='ltr'><strong>monis</strong></span> <span class='ocrx_word' id='word_1_280' title='bbox 375 2733 487 2780; x_wconf 83' lang='lat' dir='ltr'><strong>testem</strong></span> <span class='ocrx_word' id='word_1_281' title='bbox 519 2743 563 2768; x_wconf 74' lang='lat' dir='ltr'><strong>ex</strong></span> <span class='ocrx_word' id='word_1_282' title='bbox 594 2731 699 2767; x_wconf 80' lang='lat' dir='ltr'><strong>MSS.</strong></span> <span class='ocrx_word' id='word_1_283' title='bbox 722 2732 759 2767; x_wconf 85' lang='lat'>&amp;</span> <span class='ocrx_word' id='word_1_284' title='bbox 781 2731 830 2766; x_wconf 86' lang='lat' dir='ltr'><strong>ita</strong></span> <span class='ocrx_word' id='word_1_285' title='bbox 855 2730 958 2778; x_wconf 80' lang='lat' dir='ltr'><strong>saepe</strong></span> <span class='ocrx_word' id='word_1_286' title='bbox 983 2732 1117 2768; x_wconf 84' lang='lat' dir='ltr'><strong>Cicero</strong></span> <span class='ocrx_word' id='word_1_287' title='bbox 1141 2733 1179 2769; x_wconf 66' lang='grc' dir='ltr'><strong>ὅς</strong></span> <span class='ocrx_word' id='word_1_288' title='bbox 1202 2730 1272 2768; x_wconf 80' lang='lat' dir='ltr'><strong>alii.</strong></span> 
     </span>
     <span class='ocr_line' id='line_1_43' title="bbox 227 2785 484 2823; baseline -0.016 0"><span class='ocrx_word' id='word_1_289' title='bbox 227 2785 484 2823; x_wconf 43' lang='lat' dir='ltr'><strong>Rumam-Nus.</strong></span> 
     </span>
    </p>

    <p class='ocr_par' dir='ltr' id='par_1_17' title="bbox 224 2831 1275 3287">
     <span class='ocr_line' id='line_1_44' title="bbox 283 2831 1274 2882; baseline -0.005 -10"><span class='ocrx_word' id='word_1_290' title='bbox 283 2836 342 2882; x_wconf 76' lang='grc'><strong>46.</strong></span> <span class='ocrx_word' id='word_1_291' title='bbox 372 2835 451 2872; x_wconf 84' lang='lat' dir='ltr'><strong>Diis</strong></span> <span class='ocrx_word' id='word_1_292' title='bbox 463 2832 623 2882; x_wconf 77' lang='lat' dir='ltr'><strong>juranda</strong></span> <span class='ocrx_word' id='word_1_293' title='bbox 639 2832 777 2882; x_wconf 52' lang='lat' dir='ltr'><strong>palan]</strong></span> <span class='ocrx_word' id='word_1_294' title='bbox 804 2833 864 2869; x_wconf 81' lang='lat' dir='ltr'><strong>De</strong></span> <span class='ocrx_word' id='word_1_295' title='bbox 893 2831 1015 2879; x_wconf 79' lang='lat' dir='ltr'><strong>Stygia</strong></span> <span class='ocrx_word' id='word_1_296' title='bbox 1037 2832 1173 2869; x_wconf 80' lang='lat' dir='ltr'><strong>Palude</strong></span> <span class='ocrx_word' id='word_1_297' title='bbox 1194 2832 1274 2868; x_wconf 82' lang='lat' dir='ltr'><strong>Ser—</strong></span> 
     </span>
     <span class='ocr_line' id='line_1_45' title="bbox 232 2882 1275 2934; baseline -0.007 -10"><span class='ocrx_word' id='word_1_298' title='bbox 232 2887 312 2924; x_wconf 81' lang='lat' dir='ltr'><strong>vius</strong></span> <span class='ocrx_word' id='word_1_299' title='bbox 334 2885 528 2934; x_wconf 62' lang='lat' dir='ltr'><strong>explanans</strong></span> <span class='ocrx_word' id='word_1_300' title='bbox 549 2882 634 2920; x_wconf 81' lang='lat' dir='ltr'><strong>illud</strong></span> <span class='ocrx_word' id='word_1_301' title='bbox 657 2883 758 2931; x_wconf 83' lang='lat' dir='ltr'><strong>Virg.</strong></span> <span class='ocrx_word' id='word_1_302' title='bbox 779 2884 816 2920; x_wconf 84' lang='lat' dir='ltr'><strong>in</strong></span> <span class='ocrx_word' id='word_1_303' title='bbox 839 2895 875 2920; x_wconf 88' lang='lat' dir='ltr'><strong>v.</strong></span> <span class='ocrx_word' id='word_1_304' title='bbox 903 2896 931 2919; x_wconf 86' lang='lat'><strong>1.</strong></span> <span class='ocrx_word' id='word_1_305' title='bbox 959 2882 1023 2918; x_wconf 84' lang='lat' dir='ltr'><strong>Dii</strong></span> <span class='ocrx_word' id='word_1_306' title='bbox 1044 2884 1138 2930; x_wconf 82' lang='lat' dir='ltr'><strong>cujus</strong></span> <span class='ocrx_word' id='word_1_307' title='bbox 1152 2883 1275 2931; x_wconf 85' lang='lat' dir='ltr'><strong>jurare</strong></span> 
     </span>
     <span class='ocr_line' id='line_1_46' title="bbox 231 2932 1273 2988; baseline -0.009 -15"><span class='ocrx_word' id='word_1_308' title='bbox 231 2938 381 2980; x_wconf 84' lang='lat' dir='ltr'><strong>timent,</strong></span> <span class='ocrx_word' id='word_1_309' title='bbox 409 2949 451 2975; x_wconf 62' lang='lat' dir='ltr'><strong>ey</strong></span> <span class='ocrx_word' id='word_1_310' title='bbox 461 2933 586 2982; x_wconf 81' lang='lat' dir='ltr'><strong>fallere</strong></span> <span class='ocrx_word' id='word_1_311' title='bbox 609 2947 760 2977; x_wconf 81' lang='lat' dir='ltr'><strong>numen,</strong></span> <span class='ocrx_word' id='word_1_312' title='bbox 787 2935 858 2970; x_wconf 80' lang='lat' dir='ltr'><strong>ait:</strong></span> <span class='ocrx_word' id='word_1_313' title='bbox 897 2933 976 2969; x_wconf 78' lang='lat' dir='ltr'><strong>Sive</strong></span> <span class='ocrx_word' id='word_1_314' title='bbox 1002 2941 1133 2980; x_wconf 82' lang='lat' dir='ltr'><strong>propter</strong></span> <span class='ocrx_word' id='word_1_315' title='bbox 1164 2932 1273 2988; x_wconf 54' lang='lat' dir='ltr'><strong>VictoT</strong></span> 
     </span>
     <span class='ocr_line' id='line_1_47' title="bbox 232 2982 1273 3033; baseline -0.005 -10"><span class='ocrx_word' id='word_1_316' title='bbox 232 2988 304 3027; x_wconf 66' lang='lat' dir='ltr'><strong>riae</strong></span> <span class='ocrx_word' id='word_1_317' title='bbox 326 2989 490 3033; x_wconf 78' lang='lat' dir='ltr'><strong>fitvorem</strong></span> <span class='ocrx_word' id='word_1_318' title='bbox 523 2985 632 3032; x_wconf 67' lang='lat' dir='ltr'><strong>Stygis</strong></span> <span class='ocrx_word' id='word_1_319' title='bbox 664 2983 771 3030; x_wconf 70' lang='lat' dir='ltr'><strong>filiae.</strong></span> <span class='ocrx_word' id='word_1_320' title='bbox 829 2989 925 3019; x_wconf 81' lang='lat' dir='ltr'><strong>Nam</strong></span> <span class='ocrx_word' id='word_1_321' title='bbox 970 2983 1098 3018; x_wconf 83' lang='lat' dir='ltr'><strong>dicitur</strong></span> <span class='ocrx_word' id='word_1_322' title='bbox 1121 2982 1273 3030; x_wconf 75' lang='lat' dir='ltr'><strong>statuiſje</strong></span> 
     </span>
     <span class='ocr_line' id='line_1_48' title="bbox 224 3033 1272 3086; baseline -0.006 -12"><span class='ocrx_word' id='word_1_323' title='bbox 224 3038 418 3086; x_wconf 50' lang='lat' dir='ltr'><strong>&#39;Juppitem</strong></span> <span class='ocrx_word' id='word_1_324' title='bbox 446 3046 486 3073; x_wconf 88' lang='lat' dir='ltr'><strong>ut</strong></span> <span class='ocrx_word' id='word_1_325' title='bbox 499 3033 609 3084; x_wconf 79' lang='lat' dir='ltr'><strong>siquis</strong></span> <span class='ocrx_word' id='word_1_326' title='bbox 622 3033 791 3082; x_wconf 67' lang='lat' dir='ltr'><strong>ftft’ll‘ff’t</strong></span> <span class='ocrx_word' id='word_1_327' title='bbox 810 3034 879 3080; x_wconf 79' lang='lat' dir='ltr'><strong>ejus</strong></span> <span class='ocrx_word' id='word_1_328' title='bbox 900 3046 1027 3069; x_wconf 84' lang='lat' dir='ltr'><strong>numen</strong></span> <span class='ocrx_word' id='word_1_329' title='bbox 1053 3061 1064 3077; x_wconf 83' lang='lat'><strong>,</strong></span> <span class='ocrx_word' id='word_1_330' title='bbox 1091 3047 1158 3068; x_wconf 86' lang='lat' dir='ltr'><strong>uno</strong></span> <span class='ocrx_word' id='word_1_331' title='bbox 1179 3046 1272 3068; x_wconf 85' lang='lat' dir='ltr'><strong>anno</strong></span> 
     </span>
     <span class='ocr_line' id='line_1_49' title="bbox 234 3083 1273 3133; baseline -0.007 -8"><span class='ocrx_word' id='word_1_332' title='bbox 234 3100 278 3125; x_wconf 54' lang='grc' dir='ltr'><strong>ι*</strong></span> <span class='ocrx_word' id='word_1_333' title='bbox 308 3101 431 3124; x_wconf 78' lang='lat' dir='ltr'><strong>novem</strong></span> <span class='ocrx_word' id='word_1_334' title='bbox 463 3085 578 3123; x_wconf 79' lang='lat' dir='ltr'><strong>diebus</strong></span> <span class='ocrx_word' id='word_1_335' title='bbox 609 3084 652 3121; x_wconf 82' lang='lat' dir='ltr'><strong>ab</strong></span> <span class='ocrx_word' id='word_1_336' title='bbox 675 3083 843 3133; x_wconf 58' lang='lat' dir='ltr'><strong>ambrosia</strong></span> <span class='ocrx_word' id='word_1_337' title='bbox 867 3096 910 3124; x_wconf 69' lang='lat'><strong>(5¹</strong></span> <span class='ocrx_word' id='word_1_338' title='bbox 932 3086 1065 3119; x_wconf 60' lang='lat' dir='ltr'><strong>nefrat-e</strong></span> <span class='ocrx_word' id='word_1_339' title='bbox 1081 3083 1273 3132; x_wconf 75' lang='lat' dir='ltr'><strong>prohibere-</strong></span> 
     </span>
     <span class='ocr_line' id='line_1_50' title="bbox 224 3134 1274 3185; baseline -0.003 -13"><span class='ocrx_word' id='word_1_340' title='bbox 224 3134 304 3172; x_wconf 58' lang='lat' dir='ltr'><strong>&#39;tan</strong></span> <span class='ocrx_word' id='word_1_341' title='bbox 342 3138 442 3175; x_wconf 72' lang='lat' dir='ltr'><strong>Ratio</strong></span> <span class='ocrx_word' id='word_1_342' title='bbox 470 3146 588 3174; x_wconf 76' lang='lat' dir='ltr'><strong>autem</strong></span> <span class='ocrx_word' id='word_1_343' title='bbox 620 3135 687 3181; x_wconf 82' lang='lat' dir='ltr'><strong>est,</strong></span> <span class='ocrx_word' id='word_1_344' title='bbox 719 3149 826 3185; x_wconf 82' lang='lat' dir='ltr'><strong>quam</strong></span> <span class='ocrx_word' id='word_1_345' title='bbox 841 3135 947 3183; x_wconf 82' lang='lat' dir='ltr'><strong>supra</strong></span> <span class='ocrx_word' id='word_1_346' title='bbox 979 3134 1145 3170; x_wconf 81' lang='lat' dir='ltr'><strong>diximus.</strong></span> <span class='ocrx_word' id='word_1_347' title='bbox 1200 3135 1274 3171; x_wconf 84' lang='lat' dir='ltr'><strong>Ideo</strong></span> 
     </span>
     <span class='ocr_line' id='line_1_51' title="bbox 228 3184 1274 3238; baseline -0.001 -18"><span class='ocrx_word' id='word_1_348' title='bbox 228 3195 290 3238; x_wconf 75' lang='lat' dir='ltr'><strong>per</strong></span> <span class='ocrx_word' id='word_1_349' title='bbox 300 3192 430 3233; x_wconf 62' lang='lat' dir='ltr'><strong>Stygem</strong></span> <span class='ocrx_word' id='word_1_350' title='bbox 444 3189 507 3225; x_wconf 87' lang='lat' dir='ltr'><strong>Dii</strong></span> <span class='ocrx_word' id='word_1_351' title='bbox 522 3188 646 3233; x_wconf 82' lang='lat' dir='ltr'><strong>jurant</strong></span> <span class='ocrx_word' id='word_1_352' title='bbox 659 3214 670 3229; x_wconf 90' lang='lat'><strong>,</strong></span> <span class='ocrx_word' id='word_1_353' title='bbox 683 3186 741 3236; x_wconf 84' lang='lat' dir='ltr'><strong>qui</strong></span> <span class='ocrx_word' id='word_1_354' title='bbox 763 3185 903 3232; x_wconf 80' lang='lat' dir='ltr'><strong>tristitia</strong></span> <span class='ocrx_word' id='word_1_355' title='bbox 917 3184 1144 3232; x_wconf 68' lang='lat' dir='ltr'><strong>contrariuest</strong></span> <span class='ocrx_word' id='word_1_356' title='bbox 1164 3195 1274 3220; x_wconf 84' lang='lat' dir='ltr'><strong>aeter-</strong></span> 
     </span>
     <span class='ocr_line' id='line_1_52' title="bbox 229 3234 1274 3287; baseline 0.001 -14"><span class='ocrx_word' id='word_1_357' title='bbox 229 3235 351 3275; x_wconf 73' lang='lat' dir='ltr'><strong>nitati.</strong></span> <span class='ocrx_word' id='word_1_358' title='bbox 379 3237 483 3275; x_wconf 81' lang='lat' dir='ltr'><strong>Haec</strong></span> <span class='ocrx_word' id='word_1_359' title='bbox 502 3239 573 3276; x_wconf 87' lang='lat' dir='ltr'><strong>ille.</strong></span> <span class='ocrx_word' id='word_1_360' title='bbox 599 3238 660 3276; x_wconf 85' lang='lat' dir='ltr'><strong>De</strong></span> <span class='ocrx_word' id='word_1_361' title='bbox 680 3248 752 3287; x_wconf 85' lang='lat' dir='ltr'><strong>qua</strong></span> <span class='ocrx_word' id='word_1_362' title='bbox 763 3236 875 3275; x_wconf 86' lang='lat' dir='ltr'><strong>etiam</strong></span> <span class='ocrx_word' id='word_1_363' title='bbox 887 3234 1081 3284; x_wconf 80' lang='lat' dir='ltr'><strong>Hefiodus-</strong></span> <span class='ocrx_word' id='word_1_364' title='bbox 1090 3235 1128 3274; x_wconf 86' lang='lat' dir='ltr'><strong>in</strong></span> <span class='ocrx_word' id='word_1_365' title='bbox 1142 3235 1274 3278; x_wconf 78' lang='lat' dir='ltr'><strong>Theo-</strong></span> 
     </span>
    </p>
   </div>
   <div class='ocr_carea' id='block_1_8' title="bbox 1320 1465 1806 1516">
    <p class='ocr_par' dir='ltr' id='par_1_18' title="bbox 1320 1465 1806 1516">
     <span class='ocr_line' id='line_1_53' title="bbox 1320 1465 1806 1516; baseline 0.014 -14"><span class='ocrx_word' id='word_1_366' title='bbox 1320 1465 1406 1503; x_wconf 89' lang='lat' dir='ltr'><strong>inde</strong></span> <span class='ocrx_word' id='word_1_367' title='bbox 1428 1475 1537 1516; x_wconf 88' lang='lat' dir='ltr'><strong>petat.</strong></span> <span class='ocrx_word' id='word_1_368' title='bbox 1592 1470 1806 1509; x_wconf 63' lang='lat' dir='ltr'><strong>Cmrmus.</strong></span> 
     </span>
    </p>
   </div>
   <div class='ocr_carea' id='block_1_9' title="bbox 1327 1519 2374 1616">
    <p class='ocr_par' dir='ltr' id='par_1_19' title="bbox 1327 1519 2374 1616">
     <span class='ocr_line' id='line_1_54' title="bbox 1327 1519 2374 1607; baseline 0.008 -53"><span class='ocrx_word' id='word_1_369' title='bbox 1327 1528 1432 1606; x_wconf 45' lang='lat' dir='ltr'><strong>Fqg.</strong></span> <span class='ocrx_word' id='word_1_370' title='bbox 1461 1519 1527 1607; x_wconf 54' lang='grc' dir='ltr'><strong>Ῥίὲκ</strong></span> <span class='ocrx_word' id='word_1_371' title='bbox 1561 1519 1640 1558; x_wconf 87' lang='lat' dir='ltr'><strong>bene</strong></span> <span class='ocrx_word' id='word_1_372' title='bbox 1672 1519 1855 1571; x_wconf 52' lang='lat' dir='ltr'><strong>desierat]</strong></span> <span class='ocrx_word' id='word_1_373' title='bbox 1897 1520 2057 1559; x_wconf 80' lang='lat' dir='ltr'><strong>Subaudi</strong></span> <span class='ocrx_word' id='word_1_374' title='bbox 2086 1521 2202 1572; x_wconf 88' lang='lat' dir='ltr'><strong>loqui.</strong></span> <span class='ocrx_word' id='word_1_375' title='bbox 2245 1522 2300 1560; x_wconf 85' lang='lat' dir='ltr'><strong>Ita</strong></span> <span class='ocrx_word' id='word_1_376' title='bbox 2332 1526 2374 1569; x_wconf 52' lang='lat' dir='ltr'><strong>vj,</strong></span> 
     </span>
     <span class='ocr_line' id='line_1_55' title="bbox 1357 1580 1523 1616; baseline 0.006 -11"><span class='ocrx_word' id='word_1_377' title='bbox 1357 1580 1376 1605; x_wconf 90' lang='lat' dir='ltr'><strong>a</strong></span> <span class='ocrx_word' id='word_1_378' title='bbox 1409 1581 1482 1616; x_wconf 86' lang='lat'><strong>.27</strong></span> <span class='ocrx_word' id='word_1_379' title='bbox 1516 1599 1523 1606; x_wconf 93' lang='lat'><strong>.</strong></span> 
     </span>
    </p>
   </div>
   <div class='ocr_carea' id='block_1_10' title="bbox 1327 1620 2376 1913">
    <p class='ocr_par' dir='ltr' id='par_1_20' title="bbox 1380 1620 2347 1672">
     <span class='ocr_line' id='line_1_56' title="bbox 1380 1620 2347 1672; baseline 0.007 -16"><span class='ocrx_word' id='word_1_380' title='bbox 1380 1620 1446 1657; x_wconf 82' lang='lat' dir='ltr'><strong>Vix</strong></span> <span class='ocrx_word' id='word_1_381' title='bbox 1467 1620 1545 1657; x_wconf 86' lang='lat' dir='ltr'><strong>bene</strong></span> <span class='ocrx_word' id='word_1_382' title='bbox 1567 1621 1730 1672; x_wconf 75' lang='lat' dir='ltr'><strong>desieram</strong></span> <span class='ocrx_word' id='word_1_383' title='bbox 1743 1651 1755 1668; x_wconf 90' lang='lat'><strong>,</strong></span> <span class='ocrx_word' id='word_1_384' title='bbox 1782 1622 1920 1661; x_wconf 89' lang='lat' dir='ltr'><strong>rettulit</strong></span> <span class='ocrx_word' id='word_1_385' title='bbox 1941 1622 1997 1660; x_wconf 80' lang='lat' dir='ltr'><strong>ille</strong></span> <span class='ocrx_word' id='word_1_386' title='bbox 2018 1622 2117 1660; x_wconf 85' lang='lat' dir='ltr'><strong>mihi.</strong></span> <span class='ocrx_word' id='word_1_387' title='bbox 2176 1624 2347 1663; x_wconf 78' lang='lat' dir='ltr'><strong>C10FAN.</strong></span> 
     </span>
    </p>

    <p class='ocr_par' dir='ltr' id='par_1_21' title="bbox 1329 1671 2373 1760">
     <span class='ocr_line' id='line_1_57' title="bbox 1380 1671 2373 1725; baseline 0.007 -17"><span class='ocrx_word' id='word_1_388' title='bbox 1380 1671 1440 1717; x_wconf 84' lang='lat'><strong>48.</strong></span> <span class='ocrx_word' id='word_1_389' title='bbox 1467 1678 1574 1722; x_wconf 84' lang='lat' dir='ltr'><strong>Inque</strong></span> <span class='ocrx_word' id='word_1_390' title='bbox 1606 1674 1708 1711; x_wconf 88' lang='lat' dir='ltr'><strong>diem.</strong></span> <span class='ocrx_word' id='word_1_391' title='bbox 1733 1674 1749 1723; x_wconf 93' lang='lat'>]</span> <span class='ocrx_word' id='word_1_392' title='bbox 1798 1681 1928 1725; x_wconf 78' lang='lat' dir='ltr'><strong>Perque</strong></span> <span class='ocrx_word' id='word_1_393' title='bbox 1970 1673 2060 1711; x_wconf 85' lang='lat' dir='ltr'><strong>diem</strong></span> <span class='ocrx_word' id='word_1_394' title='bbox 2098 1673 2301 1714; x_wconf 84' lang='lat' dir='ltr'><strong>Thuaneus</strong></span> <span class='ocrx_word' id='word_1_395' title='bbox 2333 1678 2373 1715; x_wconf 68' lang='grc' dir='ltr'><strong>ὅτ.</strong></span> 
     </span>
     <span class='ocr_line' id='line_1_58' title="bbox 1329 1722 1601 1760; baseline 0.007 -3"><span class='ocrx_word' id='word_1_396' title='bbox 1329 1732 1424 1758; x_wconf 88' lang='lat' dir='ltr'><strong>unus</strong></span> <span class='ocrx_word' id='word_1_397' title='bbox 1447 1722 1601 1760; x_wconf 86' lang='lat' dir='ltr'><strong>Heinfii.</strong></span> 
     </span>
    </p>

    <p class='ocr_par' dir='ltr' id='par_1_22' title="bbox 1327 1771 2376 1913">
     <span class='ocr_line' id='line_1_59' title="bbox 1378 1771 2376 1828; baseline 0.007 -20"><span class='ocrx_word' id='word_1_398' title='bbox 1378 1771 1437 1818; x_wconf 83' lang='lat'><strong>48.</strong></span> <span class='ocrx_word' id='word_1_399' title='bbox 1464 1777 1643 1823; x_wconf 80' lang='lat' dir='ltr'><strong>Equorum</strong></span> <span class='ocrx_word' id='word_1_400' title='bbox 1663 1774 1871 1825; x_wconf 76' lang='lat' dir='ltr'><strong>alipedum]</strong></span> <span class='ocrx_word' id='word_1_401' title='bbox 1900 1775 1985 1813; x_wconf 87' lang='lat' dir='ltr'><strong>Hos</strong></span> <span class='ocrx_word' id='word_1_402' title='bbox 2006 1776 2099 1814; x_wconf 83' lang='lat' dir='ltr'><strong>infra</strong></span> <span class='ocrx_word' id='word_1_403' title='bbox 2114 1805 2124 1822; x_wconf 93' lang='lat'><strong>,</strong></span> <span class='ocrx_word' id='word_1_404' title='bbox 2149 1791 2247 1828; x_wconf 86' lang='lat' dir='ltr'><strong>equos</strong></span> <span class='ocrx_word' id='word_1_405' title='bbox 2270 1777 2376 1815; x_wconf 75' lang='lat' dir='ltr'><strong>volu-&#39;</strong></span> 
     </span>
     <span class='ocr_line' id='line_1_60' title="bbox 1328 1823 2373 1912; baseline 0.008 -53"><span class='ocrx_word' id='word_1_406' title='bbox 1328 1836 1396 1911; x_wconf 53' lang='grc' dir='ltr'><strong>εἶξε</strong></span> <span class='ocrx_word' id='word_1_407' title='bbox 1438 1823 1535 1912; x_wconf 56' lang='lat' dir='ltr'><strong>discsit.</strong></span> <span class='ocrx_word' id='word_1_408' title='bbox 1572 1824 1634 1864; x_wconf 90' lang='lat' dir='ltr'><strong>lib.</strong></span> <span class='ocrx_word' id='word_1_409' title='bbox 1663 1837 1709 1862; x_wconf 89' lang='lat'><strong>11.</strong></span> <span class='ocrx_word' id='word_1_410' title='bbox 1740 1826 1874 1864; x_wconf 84' lang='lat' dir='ltr'><strong>Amor.</strong></span> <span class='ocrx_word' id='word_1_411' title='bbox 1902 1826 2004 1876; x_wconf 81' lang='lat' dir='ltr'><strong>Eleg.</strong></span> <span class='ocrx_word' id='word_1_412' title='bbox 2030 1840 2061 1866; x_wconf 92' lang='lat'><strong>1.</strong></span> <span class='ocrx_word' id='word_1_413' title='bbox 2083 1828 2132 1865; x_wconf 87' lang='lat' dir='ltr'><strong>ait</strong></span> <span class='ocrx_word' id='word_1_414' title='bbox 2153 1828 2233 1867; x_wconf 87' lang='lat' dir='ltr'><strong>solis</strong></span> <span class='ocrx_word' id='word_1_415' title='bbox 2257 1840 2373 1879; x_wconf 86' lang='lat' dir='ltr'><strong>equos</strong></span> 
     </span>
     <span class='ocr_line' id='line_1_61' title="bbox 1327 1885 1541 1913; baseline 0.014 -3"><span class='ocrx_word' id='word_1_416' title='bbox 1327 1885 1346 1910; x_wconf 87' lang='lat' dir='ltr'><strong>a</strong></span> <span class='ocrx_word' id='word_1_417' title='bbox 1386 1885 1426 1912; x_wconf 84' lang='lat' dir='ltr'><strong>os</strong></span> <span class='ocrx_word' id='word_1_418' title='bbox 1449 1886 1468 1912; x_wconf 85' lang='lat' dir='ltr'><strong>e</strong></span> <span class='ocrx_word' id='word_1_419' title='bbox 1500 1887 1541 1913; x_wconf 87' lang='lat' dir='ltr'><strong>e:</strong></span> 
     </span>
    </p>
   </div>
   <div class='ocr_carea' id='block_1_11' title="bbox 1377 1937 2336 1991">
    <p class='ocr_par' dir='ltr' id='par_1_23' title="bbox 1377 1937 2336 1991">
     <span class='ocr_line' id='line_1_62' title="bbox 1377 1937 2336 1991; baseline 0.006 -18"><span class='ocrx_word' id='word_1_420' title='bbox 1377 1942 1425 1974; x_wconf 89' lang='lat' dir='ltr'><strong>Et</strong></span> <span class='ocrx_word' id='word_1_421' title='bbox 1445 1947 1610 1975; x_wconf 81' lang='lat' dir='ltr'><strong>revocant</strong></span> <span class='ocrx_word' id='word_1_422' title='bbox 1632 1937 1748 1975; x_wconf 81' lang='lat' dir='ltr'><strong>niveos</strong></span> <span class='ocrx_word' id='word_1_423' title='bbox 1760 1937 1844 1987; x_wconf 76' lang='lat' dir='ltr'><strong>fhlis</strong></span> <span class='ocrx_word' id='word_1_424' title='bbox 1865 1940 1978 1977; x_wconf 82' lang='lat' dir='ltr'><strong>euntis</strong></span> <span class='ocrx_word' id='word_1_425' title='bbox 1998 1955 2108 1991; x_wconf 85' lang='lat' dir='ltr'><strong>equos.</strong></span> <span class='ocrx_word' id='word_1_426' title='bbox 2163 1937 2336 1980; x_wconf 64' lang='lat' dir='ltr'><strong>Cxorm.</strong></span> 
     </span>
    </p>
   </div>
   <div class='ocr_carea' id='block_1_12' title="bbox 1327 2002 2374 2503">
    <p class='ocr_par' dir='ltr' id='par_1_24' title="bbox 1327 2002 2374 2303">
     <span class='ocr_line' id='line_1_63' title="bbox 1378 2002 2374 2054; baseline 0.008 -18"><span class='ocrx_word' id='word_1_427' title='bbox 1378 2011 1434 2047; x_wconf 76' lang='lat'><strong>51.</strong></span> <span class='ocrx_word' id='word_1_428' title='bbox 1465 2005 1535 2036; x_wconf 84' lang='lat' dir='ltr'><strong>Vox</strong></span> <span class='ocrx_word' id='word_1_429' title='bbox 1567 2014 1642 2037; x_wconf 86' lang='lat' dir='ltr'><strong>mea</strong></span> <span class='ocrx_word' id='word_1_430' title='bbox 1666 2003 1768 2048; x_wconf 68' lang='lat' dir='ltr'><strong>faeta</strong></span> <span class='ocrx_word' id='word_1_431' title='bbox 1791 2012 1853 2038; x_wconf 82' lang='lat' dir='ltr'><strong>tua</strong></span> <span class='ocrx_word' id='word_1_432' title='bbox 1874 2002 1956 2052; x_wconf 85' lang='lat' dir='ltr'><strong>est.]</strong></span> <span class='ocrx_word' id='word_1_433' title='bbox 1986 2004 2166 2054; x_wconf 85' lang='lat' dir='ltr'><strong>Excerpta</strong></span> <span class='ocrx_word' id='word_1_434' title='bbox 2187 2005 2374 2044; x_wconf 82' lang='lat' dir='ltr'><strong>vetustiffi-</strong></span> 
     </span>
     <span class='ocr_line' id='line_1_64' title="bbox 1328 2050 2373 2101; baseline 0.008 -15"><span class='ocrx_word' id='word_1_435' title='bbox 1328 2061 1388 2086; x_wconf 86' lang='lat' dir='ltr'><strong>ma</strong></span> <span class='ocrx_word' id='word_1_436' title='bbox 1420 2050 1597 2089; x_wconf 82' lang='lat' dir='ltr'><strong>Theatin.</strong></span> <span class='ocrx_word' id='word_1_437' title='bbox 1628 2053 1743 2089; x_wconf 87' lang='lat' dir='ltr'><strong>Rom.</strong></span> <span class='ocrx_word' id='word_1_438' title='bbox 1793 2066 1864 2089; x_wconf 83' lang='lat' dir='ltr'><strong>vox</strong></span> <span class='ocrx_word' id='word_1_439' title='bbox 1895 2064 1958 2090; x_wconf 77' lang='lat' dir='ltr'><strong>tua</strong></span> <span class='ocrx_word' id='word_1_440' title='bbox 1982 2057 2086 2101; x_wconf 66' lang='lat' dir='ltr'><strong>satta</strong></span> <span class='ocrx_word' id='word_1_441' title='bbox 2120 2070 2208 2094; x_wconf 84' lang='lat' dir='ltr'><strong>mea.</strong></span> <span class='ocrx_word' id='word_1_442' title='bbox 2239 2056 2373 2094; x_wconf 87' lang='lat' dir='ltr'><strong>scilicet</strong></span> 
     </span>
     <span class='ocr_line' id='line_1_65' title="bbox 1328 2102 2372 2149; baseline 0.008 -13"><span class='ocrx_word' id='word_1_443' title='bbox 1328 2111 1412 2136; x_wconf 83' lang='lat' dir='ltr'><strong>mea</strong></span> <span class='ocrx_word' id='word_1_444' title='bbox 1443 2102 1682 2149; x_wconf 81' lang='lat' dir='ltr'><strong>promistione</strong></span> <span class='ocrx_word' id='word_1_445' title='bbox 1719 2111 1758 2140; x_wconf 88' lang='lat' dir='ltr'><strong>tu</strong></span> <span class='ocrx_word' id='word_1_446' title='bbox 1789 2103 1906 2141; x_wconf 80' lang='lat' dir='ltr'><strong>audax</strong></span> <span class='ocrx_word' id='word_1_447' title='bbox 1940 2105 1979 2142; x_wconf 88' lang='lat'>&amp;</span> <span class='ocrx_word' id='word_1_448' title='bbox 1999 2107 2213 2144; x_wconf 88' lang='lat' dir='ltr'><strong>temerarius</strong></span> <span class='ocrx_word' id='word_1_449' title='bbox 2244 2108 2372 2144; x_wconf 69' lang='lat' dir='ltr'><strong>faetus.</strong></span> 
     </span>
     <span class='ocr_line' id='line_1_66' title="bbox 1328 2153 2373 2203; baseline 0.007 -16"><span class='ocrx_word' id='word_1_450' title='bbox 1328 2160 1497 2199; x_wconf 72' lang='lat' dir='ltr'><strong>excerpta</strong></span> <span class='ocrx_word' id='word_1_451' title='bbox 1529 2153 1754 2197; x_wconf 74' lang='lat' dir='ltr'><strong>Calandrae;</strong></span> <span class='ocrx_word' id='word_1_452' title='bbox 1795 2168 1866 2190; x_wconf 81' lang='lat' dir='ltr'><strong>vox</strong></span> <span class='ocrx_word' id='word_1_453' title='bbox 1897 2154 1962 2191; x_wconf 85' lang='lat' dir='ltr'><strong>tibi</strong></span> <span class='ocrx_word' id='word_1_454' title='bbox 1983 2158 2086 2202; x_wconf 59' lang='lat' dir='ltr'><strong>faeta</strong></span> <span class='ocrx_word' id='word_1_455' title='bbox 2118 2170 2194 2193; x_wconf 87' lang='lat' dir='ltr'><strong>mea</strong></span> <span class='ocrx_word' id='word_1_456' title='bbox 2215 2156 2267 2203; x_wconf 86' lang='lat' dir='ltr'><strong>est.</strong></span> <span class='ocrx_word' id='word_1_457' title='bbox 2301 2164 2373 2194; x_wconf 86' lang='lat' dir='ltr'><strong>tres</strong></span> 
     </span>
     <span class='ocr_line' id='line_1_67' title="bbox 1327 2203 2372 2256; baseline 0.006 -18"><span class='ocrx_word' id='word_1_458' title='bbox 1327 2210 1532 2250; x_wconf 79' lang='lat' dir='ltr'><strong>quatuorve</strong></span> <span class='ocrx_word' id='word_1_459' title='bbox 1555 2203 1638 2248; x_wconf 71' lang='lat' dir='ltr'><strong>alii,</strong></span> <span class='ocrx_word' id='word_1_460' title='bbox 1665 2218 1736 2240; x_wconf 87' lang='lat' dir='ltr'><strong>vox</strong></span> <span class='ocrx_word' id='word_1_461' title='bbox 1758 2218 1833 2241; x_wconf 86' lang='lat' dir='ltr'><strong>mea</strong></span> <span class='ocrx_word' id='word_1_462' title='bbox 1857 2218 1935 2241; x_wconf 84' lang='lat' dir='ltr'><strong>voce</strong></span> <span class='ocrx_word' id='word_1_463' title='bbox 1956 2215 2018 2241; x_wconf 86' lang='lat' dir='ltr'><strong>tua</strong></span> <span class='ocrx_word' id='word_1_464' title='bbox 2039 2206 2091 2253; x_wconf 87' lang='lat' dir='ltr'><strong>est.</strong></span> <span class='ocrx_word' id='word_1_465' title='bbox 2130 2218 2201 2256; x_wconf 83' lang='lat' dir='ltr'><strong>ego</strong></span> <span class='ocrx_word' id='word_1_466' title='bbox 2235 2206 2261 2243; x_wconf 88' lang='lat' dir='ltr'><strong>fi</strong></span> <span class='ocrx_word' id='word_1_467' title='bbox 2283 2218 2372 2245; x_wconf 86' lang='lat' dir='ltr'><strong>meo</strong></span> 
     </span>
     <span class='ocr_line' id='line_1_68' title="bbox 1329 2252 2307 2303; baseline 0.006 -15"><span class='ocrx_word' id='word_1_468' title='bbox 1329 2252 1474 2289; x_wconf 86' lang='lat' dir='ltr'><strong>arbitrio</strong></span> <span class='ocrx_word' id='word_1_469' title='bbox 1498 2265 1551 2290; x_wconf 86' lang='lat' dir='ltr'><strong>res</strong></span> <span class='ocrx_word' id='word_1_470' title='bbox 1575 2263 1765 2302; x_wconf 83' lang='lat' dir='ltr'><strong>ageretur,</strong></span> <span class='ocrx_word' id='word_1_471' title='bbox 1792 2255 1886 2302; x_wconf 89' lang='lat' dir='ltr'><strong>prius</strong></span> <span class='ocrx_word' id='word_1_472' title='bbox 1907 2257 2141 2303; x_wconf 84' lang='lat' dir='ltr'><strong>praeferrem.</strong></span> <span class='ocrx_word' id='word_1_473' title='bbox 2175 2257 2307 2295; x_wconf 65' lang='lat' dir='ltr'><strong>Euam.</strong></span> 
     </span>
    </p>

    <p class='ocr_par' dir='ltr' id='par_1_25' title="bbox 1329 2304 2373 2503">
     <span class='ocr_line' id='line_1_69' title="bbox 1385 2304 2373 2354; baseline 0.007 -15"><span class='ocrx_word' id='word_1_474' title='bbox 1385 2316 1440 2351; x_wconf 74' lang='lat'><strong>54.</strong></span> <span class='ocrx_word' id='word_1_475' title='bbox 1469 2310 1604 2352; x_wconf 87' lang='lat' dir='ltr'><strong>Magna</strong></span> <span class='ocrx_word' id='word_1_476' title='bbox 1619 2305 1706 2354; x_wconf 84' lang='lat' dir='ltr'><strong>petis</strong></span> <span class='ocrx_word' id='word_1_477' title='bbox 1725 2304 1952 2354; x_wconf 53' lang='lat' dir='ltr'><strong>Phaethon]</strong></span> <span class='ocrx_word' id='word_1_478' title='bbox 1980 2306 2042 2343; x_wconf 91' lang='lat' dir='ltr'><strong>Ob</strong></span> <span class='ocrx_word' id='word_1_479' title='bbox 2074 2307 2169 2343; x_wconf 84' lang='lat' dir='ltr'><strong>hanc</strong></span> <span class='ocrx_word' id='word_1_480' title='bbox 2201 2307 2373 2347; x_wconf 81' lang='lat' dir='ltr'><strong>videlicet</strong></span> 
     </span>
     <span class='ocr_line' id='line_1_70' title="bbox 1330 2353 2372 2408; baseline 0.006 -18"><span class='ocrx_word' id='word_1_481' title='bbox 1330 2353 1488 2391; x_wconf 78' lang='lat' dir='ltr'><strong>cauffam</strong></span> <span class='ocrx_word' id='word_1_482' title='bbox 1511 2366 1602 2391; x_wconf 81' lang='lat' dir='ltr'><strong>mox</strong></span> <span class='ocrx_word' id='word_1_483' title='bbox 1624 2366 1710 2392; x_wconf 84' lang='lat' dir='ltr'><strong>euin</strong></span> <span class='ocrx_word' id='word_1_484' title='bbox 1734 2363 1845 2392; x_wconf 86' lang='lat' dir='ltr'><strong>vocat</strong></span> <span class='ocrx_word' id='word_1_485' title='bbox 1867 2356 2142 2404; x_wconf 82' lang='lat' dir='ltr'><strong>Magnanimum</strong></span> <span class='ocrx_word' id='word_1_486' title='bbox 2156 2374 2167 2393; x_wconf 89' lang='lat'><em>:</em></span> <span class='ocrx_word' id='word_1_487' title='bbox 2206 2363 2372 2408; x_wconf 77' lang='lat' dir='ltr'><strong>Dumque</strong></span> 
     </span>
     <span class='ocr_line' id='line_1_71' title="bbox 1329 2405 2373 2458; baseline 0.006 -18"><span class='ocrx_word' id='word_1_488' title='bbox 1329 2417 1369 2440; x_wconf 88' lang='lat' dir='ltr'><strong>ea</strong></span> <span class='ocrx_word' id='word_1_489' title='bbox 1391 2405 1637 2453; x_wconf 77' lang='lat' dir='ltr'><strong>magnanimus</strong></span> <span class='ocrx_word' id='word_1_490' title='bbox 1658 2405 1841 2442; x_wconf 66' lang='lat' dir='ltr'><strong>Phaethon</strong></span> <span class='ocrx_word' id='word_1_491' title='bbox 1853 2406 2008 2443; x_wconf 86' lang='lat' dir='ltr'><strong>miratur</strong></span> <span class='ocrx_word' id='word_1_492' title='bbox 2020 2408 2183 2458; x_wconf 72' lang='lat' dir='ltr'><strong>,opusque</strong></span> <span class='ocrx_word' id='word_1_493' title='bbox 2194 2408 2373 2458; x_wconf 61' lang='lat' dir='ltr'><strong>Perspicit-&gt;</strong></span> 
     </span>
     <span class='ocr_line' id='line_1_72' title="bbox 1333 2454 1855 2503; baseline 0.004 -11"><span class='ocrx_word' id='word_1_494' title='bbox 1333 2454 1391 2492; x_wconf 77' lang='lat' dir='ltr'><strong>Sic</strong></span> <span class='ocrx_word' id='word_1_495' title='bbox 1414 2455 1606 2493; x_wconf 87' lang='lat' dir='ltr'><strong>Lucretius</strong></span> <span class='ocrx_word' id='word_1_496' title='bbox 1626 2455 1685 2492; x_wconf 89' lang='lat' dir='ltr'><strong>lib.</strong></span> <span class='ocrx_word' id='word_1_497' title='bbox 1713 2468 1749 2493; x_wconf 92' lang='lat' dir='ltr'><strong>v.</strong></span> <span class='ocrx_word' id='word_1_498' title='bbox 1770 2468 1855 2503; x_wconf 76' lang='lat'><strong>400.</strong></span> 
     </span>
    </p>
   </div>
   <div class='ocr_carea' id='block_1_13' title="bbox 1379 2518 2324 2821">
    <p class='ocr_par' dir='ltr' id='par_1_26' title="bbox 1379 2518 2324 2821">
     <span class='ocr_line' id='line_1_73' title="bbox 1381 2518 2245 2569; baseline 0.002 -14"><span class='ocrx_word' id='word_1_499' title='bbox 1381 2524 1438 2555; x_wconf 92' lang='lat' dir='ltr'><strong>At</strong></span> <span class='ocrx_word' id='word_1_500' title='bbox 1450 2529 1550 2568; x_wconf 84' lang='lat' dir='ltr'><strong>pater</strong></span> <span class='ocrx_word' id='word_1_501' title='bbox 1571 2518 1778 2569; x_wconf 79' lang='lat' dir='ltr'><strong>omnipotens</strong></span> <span class='ocrx_word' id='word_1_502' title='bbox 1793 2518 1868 2563; x_wconf 86' lang='lat' dir='ltr'><strong>‚ira</strong></span> <span class='ocrx_word' id='word_1_503' title='bbox 1891 2529 1967 2556; x_wconf 89' lang='lat' dir='ltr'><strong>tum</strong></span> <span class='ocrx_word' id='word_1_504' title='bbox 1981 2520 2129 2569; x_wconf 82' lang='lat' dir='ltr'><strong>percitus</strong></span> <span class='ocrx_word' id='word_1_505' title='bbox 2148 2521 2222 2558; x_wconf 85' lang='lat' dir='ltr'><strong>acri</strong></span> <span class='ocrx_word' id='word_1_506' title='bbox 2235 2550 2245 2566; x_wconf 91' lang='lat'>‚</span> 
     </span>
     <span class='ocr_line' id='line_1_74' title="bbox 1381 2569 2320 2619; baseline 0.003 -13"><span class='ocrx_word' id='word_1_507' title='bbox 1381 2570 1657 2618; x_wconf 81' lang='lat' dir='ltr'><strong>Magnanimum</strong></span> <span class='ocrx_word' id='word_1_508' title='bbox 1679 2569 1903 2606; x_wconf 71' lang='lat' dir='ltr'><strong>Phaethonta</strong></span> <span class='ocrx_word' id='word_1_509' title='bbox 1925 2571 2051 2619; x_wconf 83' lang='lat' dir='ltr'><strong>repenti</strong></span> <span class='ocrx_word' id='word_1_510' title='bbox 2061 2571 2227 2618; x_wconf 84' lang='lat' dir='ltr'><strong>fulminis</strong></span> <span class='ocrx_word' id='word_1_511' title='bbox 2247 2572 2320 2609; x_wconf 64' lang='lat' dir='ltr'><strong>ictu</strong></span> 
     </span>
     <span class='ocr_line' id='line_1_75' title="bbox 1379 2620 2244 2670; baseline 0.003 -14"><span class='ocrx_word' id='word_1_512' title='bbox 1379 2620 1600 2657; x_wconf 82' lang='lat' dir='ltr'><strong>Deturbavit</strong></span> <span class='ocrx_word' id='word_1_513' title='bbox 1618 2621 1711 2670; x_wconf 84' lang='lat' dir='ltr'><strong>equis</strong></span> <span class='ocrx_word' id='word_1_514' title='bbox 1732 2621 1769 2655; x_wconf 86' lang='lat' dir='ltr'><strong>in</strong></span> <span class='ocrx_word' id='word_1_515' title='bbox 1792 2629 1947 2662; x_wconf 79' lang='lat' dir='ltr'><strong>terram3</strong></span> <span class='ocrx_word' id='word_1_516' title='bbox 1969 2620 2087 2669; x_wconf 81' lang='lat' dir='ltr'><strong>solque</strong></span> <span class='ocrx_word' id='word_1_517' title='bbox 2108 2622 2244 2659; x_wconf 79' lang='lat' dir='ltr'><strong>cadenti</strong></span> 
     </span>
     <span class='ocr_line' id='line_1_76' title="bbox 1379 2668 2246 2719; baseline 0.006 -14"><span class='ocrx_word' id='word_1_518' title='bbox 1379 2670 1538 2713; x_wconf 82' lang='lat' dir='ltr'><strong>Obvius,</strong></span> <span class='ocrx_word' id='word_1_519' title='bbox 1563 2680 1743 2705; x_wconf 84' lang='lat' dir='ltr'><strong>aeternam</strong></span> <span class='ocrx_word' id='word_1_520' title='bbox 1757 2668 1902 2718; x_wconf 80' lang='lat' dir='ltr'><strong>suscepit</strong></span> <span class='ocrx_word' id='word_1_521' title='bbox 1923 2669 2087 2719; x_wconf 82' lang='lat' dir='ltr'><strong>lampada</strong></span> <span class='ocrx_word' id='word_1_522' title='bbox 2109 2673 2246 2710; x_wconf 82' lang='lat' dir='ltr'><strong>mundi.</strong></span> 
     </span>
     <span class='ocr_line' id='line_1_77' title="bbox 1381 2719 2324 2772; baseline 0.008 -18"><span class='ocrx_word' id='word_1_523' title='bbox 1381 2719 1608 2769; x_wconf 60' lang='lat' dir='ltr'><strong>Disjeetosque</strong></span> <span class='ocrx_word' id='word_1_524' title='bbox 1627 2719 1753 2767; x_wconf 81' lang='lat' dir='ltr'><strong>redegit</strong></span> <span class='ocrx_word' id='word_1_525' title='bbox 1771 2733 1868 2769; x_wconf 83' lang='lat' dir='ltr'><strong>equos</strong></span> <span class='ocrx_word' id='word_1_526' title='bbox 1883 2747 1892 2763; x_wconf 90' lang='lat'>‚</span> <span class='ocrx_word' id='word_1_527' title='bbox 1905 2720 2092 2772; x_wconf 86' lang='lat' dir='ltr'><strong>vinxitque</strong></span> <span class='ocrx_word' id='word_1_528' title='bbox 2115 2726 2324 2763; x_wconf 65' lang='lat' dir='ltr'><strong>trementes?</strong></span> 
     </span>
     <span class='ocr_line' id='line_1_78' title="bbox 1383 2770 2311 2821; baseline 0.009 -16"><span class='ocrx_word' id='word_1_529' title='bbox 1383 2770 1467 2806; x_wconf 81' lang='lat' dir='ltr'><strong>Inde</strong></span> <span class='ocrx_word' id='word_1_530' title='bbox 1478 2771 1587 2818; x_wconf 77' lang='lat' dir='ltr'><strong>suum</strong></span> <span class='ocrx_word' id='word_1_531' title='bbox 1601 2779 1661 2819; x_wconf 89' lang='lat' dir='ltr'><strong>per</strong></span> <span class='ocrx_word' id='word_1_532' title='bbox 1683 2770 1748 2806; x_wconf 86' lang='lat' dir='ltr'><strong>iter</strong></span> <span class='ocrx_word' id='word_1_533' title='bbox 1768 2772 1938 2807; x_wconf 77' lang='lat' dir='ltr'><strong>recreavit</strong></span> <span class='ocrx_word' id='word_1_534' title='bbox 1961 2775 2083 2809; x_wconf 66' lang='lat' dir='ltr'><strong>cuneta</strong></span> <span class='ocrx_word' id='word_1_535' title='bbox 2100 2773 2311 2821; x_wconf 76' lang='lat' dir='ltr'><strong>gubernans.</strong></span> 
     </span>
    </p>
   </div>
   <div class='ocr_carea' id='block_1_14' title="bbox 1328 2832 2372 3023">
    <p class='ocr_par' dir='ltr' id='par_1_27' title="bbox 1328 2832 2372 3023">
     <span class='ocr_line' id='line_1_79' title="bbox 1331 2832 2372 2886; baseline 0.007 -17"><span class='ocrx_word' id='word_1_536' title='bbox 1331 2832 1402 2869; x_wconf 88' lang='lat' dir='ltr'><strong>Sed</strong></span> <span class='ocrx_word' id='word_1_537' title='bbox 1433 2833 1531 2870; x_wconf 89' lang='lat' dir='ltr'><strong>hunc</strong></span> <span class='ocrx_word' id='word_1_538' title='bbox 1564 2833 1727 2871; x_wconf 85' lang='lat' dir='ltr'><strong>Lucretii</strong></span> <span class='ocrx_word' id='word_1_539' title='bbox 1755 2833 1883 2871; x_wconf 83' lang='lat' dir='ltr'><strong>locum</strong></span> <span class='ocrx_word' id='word_1_540' title='bbox 1905 2834 1996 2872; x_wconf 77' lang='lat' dir='ltr'><strong>vidit</strong></span> <span class='ocrx_word' id='word_1_541' title='bbox 2028 2835 2189 2885; x_wconf 80' lang='lat' dir='ltr'><strong>primum</strong></span> <span class='ocrx_word' id='word_1_542' title='bbox 2213 2867 2223 2882; x_wconf 90' lang='lat'>‚</span> <span class='ocrx_word' id='word_1_543' title='bbox 2271 2839 2372 2886; x_wconf 88' lang='lat' dir='ltr'><strong>quod</strong></span> 
     </span>
     <span class='ocr_line' id='line_1_80' title="bbox 1328 2883 2372 2928; baseline 0.005 -8"><span class='ocrx_word' id='word_1_544' title='bbox 1328 2883 1462 2928; x_wconf 86' lang='lat' dir='ltr'><strong>sciam,</strong></span> <span class='ocrx_word' id='word_1_545' title='bbox 1491 2883 1714 2922; x_wconf 65' lang='lat' dir='ltr'><strong>doetiffimus</strong></span> <span class='ocrx_word' id='word_1_546' title='bbox 1745 2884 1824 2928; x_wconf 85' lang='lat' dir='ltr'><strong>vir,</strong></span> <span class='ocrx_word' id='word_1_547' title='bbox 1865 2885 2022 2923; x_wconf 83' lang='lat' dir='ltr'><strong>Obertus</strong></span> <span class='ocrx_word' id='word_1_548' title='bbox 2054 2887 2231 2924; x_wconf 83' lang='lat' dir='ltr'><strong>Gifanius.</strong></span> <span class='ocrx_word' id='word_1_549' title='bbox 2286 2888 2372 2926; x_wconf 83' lang='lat' dir='ltr'><strong>Tali</strong></span> 
     </span>
     <span class='ocr_line' id='line_1_81' title="bbox 1330 2933 2371 2982; baseline 0.005 -12"><span class='ocrx_word' id='word_1_550' title='bbox 1330 2942 1453 2970; x_wconf 84' lang='lat' dir='ltr'><strong>autem</strong></span> <span class='ocrx_word' id='word_1_551' title='bbox 1484 2935 1634 2982; x_wconf 77' lang='lat' dir='ltr'><strong>ingenio</strong></span> <span class='ocrx_word' id='word_1_552' title='bbox 1667 2933 1737 2971; x_wconf 79' lang='lat' dir='ltr'><strong>effe</strong></span> <span class='ocrx_word' id='word_1_553' title='bbox 1764 2935 1920 2982; x_wconf 80' lang='lat' dir='ltr'><strong>juvenes</strong></span> <span class='ocrx_word' id='word_1_554' title='bbox 1953 2937 2060 2974; x_wconf 77' lang='lat' dir='ltr'><strong>tradit</strong></span> <span class='ocrx_word' id='word_1_555' title='bbox 2081 2937 2290 2975; x_wconf 83' lang='lat' dir='ltr'><strong>Aristoteles</strong></span> <span class='ocrx_word' id='word_1_556' title='bbox 2311 2938 2371 2975; x_wconf 88' lang='lat' dir='ltr'><strong>lib.</strong></span> 
     </span>
     <span class='ocr_line' id='line_1_82' title="bbox 1329 2985 1968 3023; baseline 0.003 -2"><span class='ocrx_word' id='word_1_557' title='bbox 1329 2996 1375 3021; x_wconf 87' lang='lat'><strong>11.</strong></span> <span class='ocrx_word' id='word_1_558' title='bbox 1405 2985 1703 3022; x_wconf 82' lang='lat' dir='ltr'><strong>Rhetoricorum.</strong></span> <span class='ocrx_word' id='word_1_559' title='bbox 1759 2985 1968 3023; x_wconf 64' lang='lat' dir='ltr'><strong>CioFAn-us.</strong></span> 
     </span>
    </p>
   </div>
   <div class='ocr_carea' id='block_1_15' title="bbox 1328 3035 2373 3338">
    <p class='ocr_par' dir='ltr' id='par_1_28' title="bbox 1328 3035 2373 3338">
     <span class='ocr_line' id='line_1_83' title="bbox 1382 3035 2370 3086; baseline 0.006 -16"><span class='ocrx_word' id='word_1_560' title='bbox 1382 3047 1437 3082; x_wconf 68' lang='lat'><strong>54.</strong></span> <span class='ocrx_word' id='word_1_561' title='bbox 1465 3037 1566 3082; x_wconf 70' lang='lat' dir='ltr'><strong>Qae</strong></span> <span class='ocrx_word' id='word_1_562' title='bbox 1586 3049 1652 3072; x_wconf 85' lang='lat' dir='ltr'><strong>non</strong></span> <span class='ocrx_word' id='word_1_563' title='bbox 1684 3035 1858 3086; x_wconf 80' lang='lat' dir='ltr'><strong>viribus.]</strong></span> <span class='ocrx_word' id='word_1_564' title='bbox 1898 3043 1968 3073; x_wconf 86' lang='lat' dir='ltr'><strong>Nee</strong></span> <span class='ocrx_word' id='word_1_565' title='bbox 1999 3037 2133 3074; x_wconf 75' lang='lat' dir='ltr'><strong>viribus</strong></span> <span class='ocrx_word' id='word_1_566' title='bbox 2162 3039 2370 3076; x_wconf 72' lang='lat' dir='ltr'><strong>conveniant</strong></span> 
     </span>
     <span class='ocr_line' id='line_1_84' title="bbox 1329 3085 1772 3123; baseline -0.002 -1"><span class='ocrx_word' id='word_1_567' title='bbox 1329 3085 1511 3122; x_wconf 87' lang='lat' dir='ltr'><strong>meliores.</strong></span> <span class='ocrx_word' id='word_1_568' title='bbox 1569 3087 1772 3123; x_wconf 67' lang='lat' dir='ltr'><strong>Heinsius.</strong></span> 
     </span>
     <span class='ocr_line' id='line_1_85' title="bbox 1384 3135 2052 3185; baseline 0.003 -14"><span class='ocrx_word' id='word_1_569' title='bbox 1384 3149 1441 3183; x_wconf 76' lang='lat'><strong>55.</strong></span> <span class='ocrx_word' id='word_1_570' title='bbox 1470 3135 1630 3185; x_wconf 55' lang='lat' dir='ltr'><strong>Annua]</strong></span> <span class='ocrx_word' id='word_1_571' title='bbox 1659 3135 1764 3185; x_wconf 83' lang='lat' dir='ltr'><strong>Aufis</strong></span> <span class='ocrx_word' id='word_1_572' title='bbox 1786 3149 1878 3173; x_wconf 89' lang='lat' dir='ltr'><strong>unus</strong></span> <span class='ocrx_word' id='word_1_573' title='bbox 1901 3138 2052 3175; x_wconf 80' lang='lat' dir='ltr'><strong>Moreti.</strong></span> 
     </span>
     <span class='ocr_line' id='line_1_86' title="bbox 1386 3185 2373 3238; baseline 0.006 -17"><span class='ocrx_word' id='word_1_574' title='bbox 1386 3196 1444 3234; x_wconf 79' lang='lat'><strong>57.</strong></span> <span class='ocrx_word' id='word_1_575' title='bbox 1474 3187 1677 3234; x_wconf 80' lang='lat' dir='ltr'><strong>Contingere</strong></span> <span class='ocrx_word' id='word_1_576' title='bbox 1692 3185 1795 3235; x_wconf 84' lang='lat' dir='ltr'><strong>poffit.</strong></span> <span class='ocrx_word' id='word_1_577' title='bbox 1815 3187 1830 3236; x_wconf 94' lang='lat'>]</span> <span class='ocrx_word' id='word_1_578' title='bbox 1859 3194 1924 3224; x_wconf 82' lang='lat' dir='ltr'><strong>Fas</strong></span> <span class='ocrx_word' id='word_1_579' title='bbox 1937 3186 1988 3235; x_wconf 79' lang='lat' dir='ltr'><strong>fit</strong></span> <span class='ocrx_word' id='word_1_580' title='bbox 2008 3187 2181 3235; x_wconf 78' lang='lat' dir='ltr'><strong>praestare</strong></span> <span class='ocrx_word' id='word_1_581' title='bbox 2216 3191 2373 3238; x_wconf 80' lang='lat' dir='ltr'><strong>opinor,</strong></span> 
     </span>
     <span class='ocr_line' id='line_1_87' title="bbox 1328 3236 2369 3287; baseline 0.004 -14"><span class='ocrx_word' id='word_1_582' title='bbox 1328 3236 1431 3287; x_wconf 86' lang='lat' dir='ltr'><strong>quod</strong></span> <span class='ocrx_word' id='word_1_583' title='bbox 1452 3236 1489 3275; x_wconf 90' lang='lat' dir='ltr'><strong>in</strong></span> <span class='ocrx_word' id='word_1_584' title='bbox 1510 3237 1692 3275; x_wconf 86' lang='lat' dir='ltr'><strong>nonnullis</strong></span> <span class='ocrx_word' id='word_1_585' title='bbox 1713 3244 1822 3275; x_wconf 78' lang='lat' dir='ltr'><strong>extat.</strong></span> <span class='ocrx_word' id='word_1_586' title='bbox 1834 3238 1946 3276; x_wconf 83' lang='lat' dir='ltr'><strong>Multi</strong></span> <span class='ocrx_word' id='word_1_587' title='bbox 1958 3265 1968 3283; x_wconf 90' lang='lat'><strong>,</strong></span> <span class='ocrx_word' id='word_1_588' title='bbox 1972 3239 2034 3286; x_wconf 79' lang='lat' dir='ltr'><strong>fas</strong></span> <span class='ocrx_word' id='word_1_589' title='bbox 2047 3238 2098 3287; x_wconf 86' lang='lat' dir='ltr'><strong>est.</strong></span> <span class='ocrx_word' id='word_1_590' title='bbox 2125 3240 2219 3281; x_wconf 78' lang='lat' dir='ltr'><strong>Puto</strong></span> <span class='ocrx_word' id='word_1_591' title='bbox 2231 3249 2369 3285; x_wconf 79' lang='lat' dir='ltr'><strong>tamen,</strong></span> 
     </span>
     <span class='ocr_line' id='line_1_88' title="bbox 2302 3299 2370 3338; baseline -0.015 0"><span class='ocrx_word' id='word_1_592' title='bbox 2302 3299 2370 3338; x_wconf 61' lang='lat' dir='ltr'><strong>Par.</strong></span> 
     </span>
    </p>
   </div>
  </div>
 </body>
</html>
