2483 3616
237 195 344 247 934

718 178 778 235 P.
853 166 1271 235 OVIDII
1342 173 1874 237 NASONIS

439 306 501 358 15
539 290 720 361 Quam
747 291 906 354 mihi,
942 289 1238 360 cognitiUS,
1274 289 1367 360 qui
1394 291 1509 344 sum
1534 306 1770 349 mutatus
1795 293 1859 348 ab
1884 292 1997 348 illis.

543 364 697 419 Neve
723 364 826 416 mei
852 379 962 415 non
987 375 1117 416 nota
1141 360 1238 415 tibi
1261 360 1321 414 fit
1346 360 1514 415 causs'a
1541 363 1763 427 furoris;

547 436 738 491 Litore
764 435 818 486 in
841 433 1023 487 Italico
1039 471 1054 496 ,
1096 431 1352 488 Messania
1375 434 1588 486 moenia
1613 449 1829 501 contra,

544 508 712 577 Scylla
736 505 868 559 mihi
890 506 995 560 visa
1019 507 1107 560 est.
1148 505 1327 578 pudor
1350 505 1426 558 est
1450 505 1696 575 prorniffa
1712 546 1727 569 ‚
1764 524 2055 583 precesque
2071 555 2085 575 ,

547 577 943 651 Blanditiasque
967 596 1137 641 mea3‚
1175 589 1556 649 contemtaque
1584 577 1744 632 verba
1768 578 1981 634 referre.

433 670 504 704 20
541 654 618 705 At
643 664 731 714 tu,
768 650 872 705 five
896 651 1096 722 aliquid
1119 649 1269 720 regni
1301 649 1375 703 est
1397 649 1453 703 in
1480 650 1746 712 carmine;
1788 667 2006 706 carmen

541 723 654 777 Ore
681 741 838 779 move
864 723 1010 777 sacro
1035 741 1046 776 :
1086 722 1190 777 five
1217 722 1581 792 expugnacior
1607 723 1769 777 herba
1791 721 1894 783 est;

542 796 713 852 Utere
737 795 951 850 tentatis
975 794 1227 868 operosae
1251 795 1448 849 viribus
1473 794 1683 849 herbae.

547 871 666 924 Nec
687 867 936 923 medeare
961 868 1120 931 mihi,
1156 868 1410 939 sanesque
1435 868 1565 921 haec
1590 869 1807 921 vulnera
1833 868 2058 924 mando:

536 943 580 997 F
582 943 776 1013 ineque
804 940 876 994 nil
902 957 1034 1011 opus
1059 939 1147 994 est.
1188 954 1394 1009 partem
1421 939 1554 993 ferat
1577 940 1663 993 illa
1688 941 1891 995 caloriS.

434 1031 501 1083 25
540 1017 615 1069 At
638 1013 800 1068 Circe
829 1016 1029 1084 (neque
1054 1013 1199 1067 enim
1226 1011 1452 1065 flammis
1476 1011 1635 1066 habet
1661 1012 1831 1084 aptius
1856 1014 1959 1067 ulla

539 1086 761 1142 Talibus
783 1086 1089 1156 ingenium3
1132 1087 1221 1139 seu
1247 1083 1414 1138 caussa
1439 1083 1514 1137 est
1538 1085 1687 1155 hujus
1711 1085 1766 1138 in
1790 1085 1928 1157 ips‘213

537 1160 644 1215 Seu
674 1159 854 1214 Venus
879 1157 1082 1212 indicio
1105 1157 1231 1211 facit
1258 1156 1362 1211 hoc
1388 1154 1582 1211 offensa
1607 1160 1855 1228 paterno)

537 1231 695 1286 Talia
720 1230 878 1284 verba
908 1229 1073 1284 refert
1101 1249 1112 1283 :
1152 1229 1351 1284 Melius
1376 1230 1658 1301 sequerere
1686 1230 1987 1293 volentem,

537 1305 941 1375 Optantemque
966 1303 1155 1357 eadem
1176 1348 1187 1362 .
1228 1302 1488 1373 parilique
1514 1302 1765 1374 cupidine
1790 1315 2017 1375 captam.

434 1395 500 1443 30
538 1377 745 1449 Dignus
769 1392 879 1430 eras
906 1393 918 1429 2
957 1375 1099 1430 ultro
1126 1387 1338 1447 poteras
1363 1375 1623 1447 certeque
1649 1376 1853 1447 rogari:

303 1598 359 1636 15.
387 1587 462 1636 Qi
472 1587 555 1637 sum
576 1586 775 1637 mutatu5.]
806 1586 881 1636 Qi
896 1587 960 1634 fim
980 1586 1222 1626 scribendum.
1240 1588 1290 1626 ita

252 1638 385 1676 Noster
403 1648 500 1677 amat
511 1639 625 1689 loqui.
655 1640 756 1677 aliter
776 1639 905 1676 vetusti
923 1639 1014 1676 libri.
1043 1639 1187 1676 Hems.

304 1690 359 1726 16.
388 1696 485 1726 Neve
505 1704 569 1726 mec
592 1703 659 1726 non
680 1700 761 1726 nota
784 1687 907 1738 tibifit
930 1689 1039 1736 caussa
1051 1688 1215 1738 furoris]
1246 1689 1288 1726 In

248 1750 326 1776 uno
358 1741 525 1778 Vatican.
567 1741 691 1787 Cauffa
721 1740 856 1776 doloris.
899 1741 1069 1777 Cxorm.
1105 1746 1177 1776 Nec
1206 1750 1289 1776 nota

249 1788 409 1827 Zinzerl.
426 1791 599 1828 Promuls.
622 1791 710 1827 Ctit.
734 1802 808 1838 cap.
827 1802 903 1827 xxi.

304 1851 358 1884 17.
390 1842 501 1877 Litore
528 1841 565 1877 in
594 1840 749 1888 Italico]
793 1840 892 1876 Italia
924 1839 985 1877 sex
1005 1841 1096 1878 libri.
1117 1840 1200 1878 vide
1222 1842 1287 1879 inf.

245 1889 292 1926 ad
313 1902 373 1927 xv.
392 1903 426 1937 9.
452 1891 584 1929 deinde
604 1891 772 1939 Messania
793 1891 953 1938 plurimi,
975 1891 1020 1928 de
1043 1904 1119 1941 quo
1139 1891 1223 1929 vide
1242 1891 1287 1930 ad

241 1939 304 1978 lib.
328 1954 372 1978 11.
392 1943 475 1987 679.
504 1941 607 1977 litora
626 1952 744 1978 contra
765 1942 874 1978 etiam
899 1942 1062 1991 quinque
1084 1942 1184 1987 libri,
1213 1943 1287 1981 ele-

244 1999 347 2038 ganti
372 1994 604 2038 repetitione.

299 2053 358 2078 20.
388 2047 442 2077 At
468 2053 530 2086 tu,
554 2041 629 2090 five
646 2041 787 2092 aliquod
809 2055 950 2090 regnum
968 2041 1011 2089 est
1032 2041 1070 2078 in
1092 2043 1284 2093 carmine]

242 2091 398 2139 Aliquid
424 2093 629 2141 Cantabrig.
658 2093 724 2129 sec.
744 2093 851 2130 Palat.
876 2094 914 2129 δε
936 2095 1101 2140 quinque
1123 2094 1193 2131 alii.
1220 2094 1287 2130 ali-

242 2142 333 2190 quod
361 2143 453 2190 regni
483 2143 643 2180 Florent.
672 2143 693 2179 S
728 2144 868 2187 Marci,
896 2143 1038 2180 Zulich.
1059 2155 1126 2192 pro
1148 2144 1285 2183 diversa

241 2191 403 2229 lefftione
419 2222 428 2236 ,
451 2193 588 2241 aliquid
605 2194 709 2240 regni.
741 2193 884 2237 Scribe,
1086 2201 1093 2207 ·

292 2249 347 2279 At
368 2243 431 2279 tibi
449 2242 523 2289 five
542 2244 678 2294 aliquid
697 2244 791 2293 regni
811 2244 853 2292 est
872 2245 911 2281 in
933 2243 1097 2283 carmine.

241 2300 307 2338 ut,
336 2306 368 2328 v.
391 2294 478 2330 Fast.
502 2296 583 2332 261.

291 2343 447 2391 Forfitan
469 2345 506 2381 in
526 2345 651 2382 teneris
671 2355 813 2382 tantum
834 2358 910 2383 mea
931 2358 1033 2394 regna
1054 2345 1180 2383 coronis

290 2394 360 2442 Effe
373 2405 481 2443 putes.
511 2397 653 2433 Hfims.
680 2397 767 2433 Vici.
786 2396 829 2434 ad
848 2397 906 2433 lib.
928 2409 954 2434 1.
978 2400 1106 2434 Amor.
1131 2409 1157 2434 1.
1184 2409 1214 2445 ς.

289 2455 348 2480 21.
378 2447 613 2493 Expugnacior
636 2447 741 2483 herba
764 2446 843 2495 est.]
880 2447 982 2494 Quid
1003 2447 1028 2483 fi
1047 2448 1158 2495 legas,
1178 2456 1283 2496 expu-

233 2495 400 2541 gnantior
417 2524 426 2538 ‚
453 2496 489 2534 id
511 2499 610 2534 enim
632 2499 744 2545 magis
757 2497 876 2535 aestive
888 2497 1078 2535 diceretur.
1107 2500 1281 2536 Micrtt.

241 2544 284 2579 In
301 2556 386 2580 meo
398 2549 604 2595 antiquiore
620 2576 629 2589 ‚
658 2549 908 2596 expugnantior
922 2547 1025 2584 herba
1039 2547 1092 2594 est.
1109 2549 1279 2587 CxOFAN.

238 2596 472 2641 Expugnatior
495 2599 527 2634 S.
551 2599 665 2646 Marci
681 2626 690 2642 ‚
719 2601 825 2646 prim.
846 2599 953 2637 Palat.
973 2598 1187 2646 Bernegger.
1201 2601 1279 2637 alii-

239 2654 312 2697 que
340 2656 384 2680 ex
412 2647 620 2685 melioribus
638 2661 712 2685 non
735 2651 852 2696 pauci.
881 2650 1002 2685 Scribe
1017 2677 1025 2692 ‚
1042 2651 1276 2696 expugnacior.

242 2693 380 2729 dicium
406 2695 534 2733 Amor.
557 2699 614 2734 lib,
634 2711 677 2734 11.
702 2699 802 2746 Eleg.
825 2712 876 2736 vt.
897 2698 943 2735 vs.
956 2710 1013 2747 23.
1045 2699 1186 2736 Hrms.
1206 2708 1276 2737 Hoc

239 2744 429 2798 pugnacior
448 2746 597 2782 (jantab.
619 2751 654 2782 ὅ(
677 2758 746 2784 tres
764 2749 833 2785 alii.
861 2749 1077 2796 oppugnatur
1097 2749 1204 2788 Leid.

292 2805 349 2835 2-3·
391 2800 537 2843 Fmeque
578 2796 628 2831 nil
665 2798 777 2845 opus.]
839 2799 879 2835 In
929 2799 1061 2834 eodem
1102 2811 1189 2836 meo
1237 2802 1275 2837 δε

237 2843 389 2880 Caelest.
426 2850 495 2880 Hoc
529 2846 616 2880 nihi
648 2846 698 2879 nil
726 2856 801 2893 opus
819 2848 871 2892 est.
900 2849 1066 2883 CIOFAN.
1098 2849 1179 2884 Fine
1199 2860 1276 2898 opus

236 2893 281 2937 est
311 2894 404 2929 nullo
434 2895 550 2931 multi.
585 2896 616 2931 S.
640 2896 755 2932 Marci
784 2899 820 2932 δε
856 2908 947 2932 nnus
976 2896 1120 2933 ssonon.
1149 2903 1193 2933 Et
1216 2913 1274 2935 ne-

235 2957 299 2991 que
320 2944 370 2979 nil
387 2954 461 2991 opus
485 2945 537 2990 est.
568 2945 671 2982 multi
690 2954 799 2981 etlam
817 2974 826 2988 ‚
857 2953 924 2981 Hoc
948 2946 1035 2981 mihi
1059 2946 1110 2981 nil
1130 2956 1207 2994 opus
1219 2949 1273 2994 est.

232 2994 331 3037 duo,
363 2994 403 3031 fic
423 2996 519 3031 mihi.
549 2995 627 3038 alii,
662 2995 738 3030 Fine
757 2995 847 3031 nihil
864 3005 941 3042 opus
962 2995 1013 3039 est.
1045 2997 1275 3045 FInequeopus

232 3044 326 3080 nullo
367 3045 514 3082 Thuan.
543 3046 622 3081 Sive
651 3056 726 3092 opus
753 3047 794 3092 est
823 3045 927 3081 nullo.
956 3044 1087 3087 Forte,
1116 3053 1191 3081 Hac
1220 3057 1273 3094 ope

234 3095 286 3130 m'l
314 3106 391 3142 opus
419 3096 472 3141 est.
510 3096 651 3132 Hunis.
680 3096 731 3130 Sic
759 3096 846 3131 mihi
875 3095 926 3132 nil
946 3104 1022 3142 opus
1042 3095 1084 3141 est
1105 3095 1272 3143 Vaticqn.

234 3146 271 3179 ὃ(
285 3145 384 3182 ssiiil.
405 3158 506 3183 unus.
524 3146 582 3181 hoc
606 3159 734 3195 quoque
753 3145 802 3181 nil
824 3156 898 3194 opus
923 3146 964 3192 esi
986 3146 1156 3182 Gronov.
1176 3147 1272 3184 forte

231 3193 424 3241 legendum
444 3225 452 3240 ‚
475 3195 522 3243 sic
544 3210 674 3245 quoque
693 3195 745 3231 m'l
761 3196 825 3244 opis
845 3195 898 3242 est,
928 3195 1069 3232 etiamsi
1092 3207 1152 3232 me
1174 3197 1273 3234 sana-

231 3254 309 3286 res,
346 3247 431 3282 nihl]
464 3246 654 3293 proficeres
681 3247 776 3294 apud
807 3258 891 3290 me,
928 3247 992 3294 qui
1021 3246 1207 3293 deponere
1230 3248 1273 3284 1'1-

231 3292 307 3330 ium
339 3307 505 3334 amorem
534 3298 647 3343 nolo,
674 3308 744 3335 nec
764 3298 874 3335 etiam
895 3295 1058 3346 possem,
1085 3296 1145 3336 sed
1168 3297 1272 3337 effice

2294 1449 2396 1516 Et,

1345 1594 1387 1625 ut
1406 1586 1464 1625 illa
1483 1594 1623 1636 partem
1644 1587 1755 1624 ferat:
1775 1585 1949 1635 ponenda
1961 1584 2155 1624 veroliaec
2164 1585 2319 1625 verbain
2335 1590 2418 1636 pa?

1345 1638 1514 1675 renthefi.
1542 1638 1587 1675 de
1620 1637 1686 1674 illis
1715 1637 1895 1685 particulis
1911 1664 1921 1680 ‚
1941 1634 1990 1686 fic
2012 1649 2142 1686 quoque
2162 1636 2246 1674 vide
2265 1638 2310 1676 ad
2331 1650 2397 1679 111.

1347 1690 1428 1726 Art.
1449 1700 1521 1727 am.
1540 1689 1624 1736 265.
1646 1690 1685 1725 ὅ(
1704 1688 1799 1725 alibi.
1827 1687 1956 1724 Eum.

1400 1751 1459 1785 24.
1489 1746 1629 1775 Partem
1641 1741 1738 1785 ferat
1759 1738 1822 1775 illa
1844 1736 2004 1787 caloris.]
2036 1737 2077 1774 In
2100 1737 2250 1775 Caelest.
2264 1738 2392 1779 &uno

1347 1790 1434 1827 Vat.
1467 1789 1533 1826 Illa
1551 1789 1683 1825 doloris.
1713 1789 1882 1826 (horim.

1400 1853 1456 1889 25.
1489 1847 1607 1890 Neque
1625 1839 1716 1876 enim
1734 1838 1890 1889 flammis
1909 1838 2011 1875 habet
2032 1837 2146 1887 aptius
2157 1838 2232 1875 ulla
2252 1839 2393 1878 Talibus·

1343 1891 1556 1941 ingenium]
1587 1891 1645 1928 Sic
1666 1891 1714 1928 est
1733 1893 1770 1928 in
1788 1902 1877 1928 meo
1899 1889 2106 1928 vetustiore.
2136 1889 2178 1925 ln
2197 1889 2312 1927 altero
2327 1903 2392 1928 ve-

1343 1942 1385 1980 ro
1403 1971 1412 1986 ,
1442 1942 1583 1980 duobus
1605 1942 1725 1979 Vatic.
1747 1942 1785 1979 ὃς
1806 1941 1957 1978 Caelest.
1976 1940 2128 1987 legitur,
2158 1944 2277 1989 Neque
2295 1942 2389 1979 enim

1340 1992 1496 2042 flammis
1524 1992 1631 2030 altius
1651 1991 1736 2027 ulla.
1764 2002 1858 2039 quae
1875 1990 1986 2027 lectio
2008 1988 2104 2025 haud
2126 1990 2233 2037 plane
2253 1991 2301 2028 est
2331 1993 2389 2030 in-

1345 2045 1539 2081 concinna.
1565 2043 1734 2079 CiorAN.
1765 2041 1823 2078 Sic
1842 2052 1994 2089 quoque
2018 2039 2303 2086 multicodices,
2324 2041 2388 2081 sed

1342 2095 1432 2143 quid
1455 2093 1496 2131 fit
1514 2094 1691 2142 ingenium
1712 2091 1820 2128 altius
1834 2091 1995 2140 flammis
2013 2090 2074 2127 vix
2098 2092 2215 2138 capio.
2244 2091 2303 2129 sed
2324 2102 2386 2141 ap-

1342 2145 1413 2181 tius
1441 2157 1486 2182 ex
1516 2156 1621 2182 more
1653 2143 1763 2181 nostri
1792 2144 1929 2179 Fo'e'tae
1960 2140 2008 2178 est
2037 2140 2382 2188 accommodatius,

1339 2194 1442 2243 quod
1467 2196 1569 2233 citius
1589 2194 1750 2242 concipit
1770 2203 1949 2230 amorem.
1979 2193 2028 2228 ita
2048 2191 2150 2227 Anni
2173 2189 2297 2240 luflbus
2313 2193 2387 2241 apti

1337 2257 1397 2282 xv.
1412 2247 1479 2294 Ep.
1494 2258 1551 2283 21.
1580 2245 1735 2282 Animus
1756 2243 1921 2280 caloribus
1933 2252 2032 2290 aptus
2044 2254 2073 2281 1.
2097 2242 2384 2291 Art.237.Apta

1337 2297 1456 2333 veneri
1486 2307 1619 2345 corpora
1642 2307 1737 2333 xvix.
1761 2294 1828 2342 Ep.
1852 2306 1939 2343 253.
1963 2294 2000 2330 &
2020 2303 2113 2342 quae
2132 2293 2287 2341 plurima
2306 2293 2384 2332 col-

1335 2346 1397 2395 ligi
1418 2347 1559 2396 poffent
1579 2346 1720 2383 similia.
1746 2344 1879 2382 Euam.

1388 2400 1447 2435 26.
1473 2404 1535 2434 Seu
1564 2396 1674 2444 cauffiz
1702 2395 1745 2442 est
1771 2395 1875 2444 hujus
1899 2394 1937 2432 in
1960 2392 2068 2443 ipsa.]
2098 2393 2140 2431 In
2161 2404 2239 2431 uno
2260 2394 2381 2435 Vatic.

1335 2448 1421 2496 Ejus
1442 2449 1480 2485 in
1500 2449 1582 2497 ipsa.
1609 2447 1778 2484 CroFAN.

1388 2498 1445 2536 28.
1472 2505 1623 2548 Sequere.
1643 2497 1657 2547 ]
1693 2498 1821 2545 Lego,
1840 2496 2016 2546 sequerere
2031 2524 2039 2538 ,
2067 2506 2114 2532 ne
2138 2493 2268 2543 syllaba
2289 2497 2382 2534 coni

1334 2558 1519 2598 queratur.
1542 2550 1690 2586 Cousr.
1719 2547 1813 2584 FAN.
1840 2552 2015 2596 Sequerere
2027 2546 2226 2595 sequentem
2238 2546 2381 2585 Barbet-

1334 2600 1512 2636 videntem
1537 2599 1698 2636 Florent.
1718 2598 1753 2635 S.
1773 2599 1903 2634 Marci.

1386 2662 1444 2699 30.
1473 2650 1568 2686 Ultro
1582 2659 1716 2698 poteras
1730 2675 1740 2692 ‚
1769 2647 1922 2695 certeque
1943 2645 2093 2695 rogari]
2124 2647 2212 2683 Non
2221 2649 2379 2694 poteras}

1331 2700 1389 2737 sed
1404 2701 1518 2749 potius
1542 2701 1718 2746 reperitur
1740 2700 1777 2735 in
1799 2698 1905 2735 bonis
1919 2696 2194 2741 exemplaribus.
2224 2700 2376 2737 cousr.

1334 2751 1430 2788 FAN.
1453 2749 1578 2787 Sensus
1600 2749 1670 2792 est,
1700 2748 1828 2796 dignus
1850 2759 1925 2785 eras
1946 2749 1983 2783 &
2008 2756 2105 2782 certe
2118 2753 2260 2793 poteras
2275 2748 2370 2785 ultro

1333 2801 1463 2848 rogari.
1474 2798 1625 2848 quidam
1637 2797 1859 2846 distinguunt
1871 2797 1948 2845 post
1959 2796 2064 2838 uitro,
2075 2795 2176 2844 quod
2191 2796 2281 2834 mihi
2293 2790 2384 2835 non'

1333 2851 1516 2898 probatur.
1536 2849 1583 2886 est
1603 2858 1727 2886 autem
1749 2846 1963 2894 conjunctio
1977 2874 1986 2888 ,
2017 2859 2080 2892 que
2093 2874 2102 2889 ‚
2136 2846 2225 2882 dure
2245 2848 2281 2883 in
2300 2856 2372 2886 ter-

1329 2902 1421 2938 tium
1443 2900 1609 2936 translata
1629 2899 1768 2935 locum.
1789 2897 1996 2933 GLAREAN.
2018 2895 2112 2931 Ultro
2126 2906 2259 2944 poteras
2272 2899 2369 2936 estin

1330 2950 1472 2987 duobus
1491 2949 1605 2991 meis,
1633 2949 1670 2984 &
1693 2946 1842 2995 quidem
1867 2945 1975 2983 recie.
2013 2946 2055 2982 In
2078 2958 2154 2982 uno
2180 2948 2300 2985 Vatic.
2326 2954 2370 2984 Ut

1324 3010 1459 3048 poteras
1478 2998 1633 3045 ultroque
1647 3007 1747 3045 potes.
1775 2996 1875 3045 quod
1907 3009 1984 3033 non
2015 2996 2217 3033 admodum
2240 2998 2368 3044 probo.

1331 3050 1497 3086 CIOFAN.
1527 3053 1694 3095 certoque
1722 3048 1827 3094 prim.
1858 3047 1966 3083 Palat.
1999 3047 2204 3093 Canrabrig.
2239 3049 2366 3086 Urbin.

1329 3101 1367 3137 &
1384 3099 1444 3135 sex
1467 3098 1535 3135 alii.
1555 3107 1704 3146 certeque
1726 3098 1901 3145 fragmen.
1923 3096 2136 3134 Boxlioiini.
2150 3108 2300 3147 certoque
2318 3097 2368 3135 ri-

1324 3150 1396 3198 gori
1419 3150 1525 3196 prim.
1549 3148 1655 3185 Pal-at.
1677 3146 1697 3184 a
1721 3159 1832 3184 manu
1852 3149 1979 3194 prima.
1999 3157 2128 3195 poteras
2149 3147 2239 3182 ultro
2261 3150 2365 3195 prim.

1327 3202 1464 3236 Moret.
1503 3198 1626 3246 dignus
1673 3211 1750 3234 eras
1789 3197 1880 3233 ultro
1915 3208 1999 3234 certe
2027 3206 2223 3246 poterasque
2258 3211 2368 3247 rogare
2437 3185 2470 3208 ’ἱ

1324 3251 1431 3298 prim.
1453 3249 1586 3286 Erfurt.
1609 3249 1646 3285 ὃ(
1665 3257 1736 3285 tres
1753 3248 1825 3284 alii.
1845 3249 1945 3295 quod
1970 3259 2051 3295 prae
2073 3247 2217 3295 vulgata
2239 3248 2366 3294 placet.

1325 3299 1450 3339 Const.
1472 3298 1639 3338 Fanensis
1667 3299 1705 3338 in
1728 3298 1973 3337 Colleetaneis
1995 3306 2146 3344 monet,
2169 3298 2281 3347 potius
2299 3310 2366 3347 pro

2311 3357 2366 3400 Pe:
