2483 3616
101 165 241 222 1070

571 129 1126 195 P.‘OVIDII
1201 129 1732 192 NASONIS

398 253 653 310 Constitit
681 272 693 308 :
734 267 893 323 atque
919 247 1106 302 oculos
1130 246 1463 300 circumtulit
1487 248 1612 320 igne
1639 252 1916 308 micantes

256 336 354 399 675
391 329 613 384 Territa
640 326 792 381 turba
818 334 992 395 pavet.
1033 318 1295 392 cognovit
1319 320 1539 375 numina
1563 325 1729 380 castos

398 401 652 458 Evinthus
676 399 809 451 vitri-i
833 396 1006 450 crines
1031 394 1240 450 albente
1262 392 1539 448 sacerdos:

400 475 474 531 Et
502 477 648 530 Deus
674 488 770 535 en,
806 470 955 525 Deus
980 487 1081 531 en;
1126 466 1429 539 linguisque
1456 466 1753 540 animisque
1776 470 1949 528 favete
1966 514 1981 538 ‚

402 547 660 620 Quisquis
684 545 837 609 adeS,
876 542 1030 598 dixit.
1070 541 1162 606 fis,
1201 543 1234 593 ὁ
1262 541 1653 612 pulcherrime,
1691 541 1829 597 visus

404 621 621 675 Utiliter
648 637 659 674 ε
702 619 1038 691 populosque
1059 617 1212 687 juves

405 694 663 767 Quisquis
688 691 860 755 adest,
889 688 1084 762 juffum
1109 702 1431 743 venerantur
1455 706 1690 751 numen;
1736 688 1788 742 &
1818 705 2004 744 omnes

262 696 366 750 680

1237 626 1328 668 tua
1351 614 1491 670 sacra
1519 616 1774 669 colentes

402 768 443 823 W
459 768 585 822 erba
609 763 896 823 sacerdotis
920 762 1160 817 referunt
1184 761 1452 833 geminata
1478 781 1488 816 :
1532 763 1790 834 piumque

406 839 685 896 AEneadae
710 836 971 912 praestant
998 836 1054 890 δε
1079 848 1264 891 mente
1291 835 1345 888 &
1371 852 1510 890 voce
1536 833 1795 890 favorem.

404 915 615 969 Adnuit
640 914 719 967 his
747 930 759 965 ε
800 911 1070 982 motisque
1097 908 1250 964 Deus
1278 922 1389 962 rata
1414 910 1640 981 pignora
1665 908 1831 964 cristis
1848 953 1862 973 ,

408 986 526 1042 Ter
553 985 780 1060 repetita
804 983 956 1039 dedit
980 983 1187 1038 vibrata
1210 981 1354 1036 fibila
1377 983 1574 1054 lingua.

264 1062 367 1130 685
406 1059 558 1115 Tum
583 1059 833 1132 gradibus
856 1056 1040 1113 nitidis
1065 1055 1364 1118 delabitur;
1405 1073 1607 1129 oraque
1632 1068 1782 1112 retro

407 1131 450 1188 F
453 1132 600 1189 lefflt
628 1152 640 1187 :
682 1133 740 1187 δε
765 1132 1006 1205 antiquas
1033 1131 1269 1185 abiturus
1296 1128 1510 1202 respicit
1535 1148 1675 1184 aras:

407 1208 785 1279 Adsuetasque
809 1205 1037 1268 domm,
1076 1203 1416 1275 habitataque
1443 1205 1642 1277 templa
1665 1202 1866 1258 salutat.

412 1280 544 1336 Inde
575 1297 672 1353 per
697 1278 904 1351 injeffis
931 1278 1250 1350 adopertam
1279 1276 1504 1331 floribus
1529 1279 1717 1350 ingens

411 1353 589 1427 Serpit
613 1354 872 1419 humum;
908 1350 1188 1426 flectitque
1212 1349 1376 1406 sinus:
1405 1350 1754 1425 mediamque
1779 1367 1875 1423 per
1900 1348 2093 1405 urbem

170 1570 258 1619 673.
284 1565 439 1616 Pavet]
469 1572 610 1604 Pavent
632 1566 720 1605 Sixi.
737 1574 778 1605 ut
797 1579 861 1605 111.
885 1577 969 1614 529.

171 1622 257 1667 675.
284 1618 457 1668 Cognovit
479 1618 655 1662 numina,
681 1618 784 1664 castos
807 1617 980 1655 Evinetus
1000 1615 1098 1654 vitta
1109 1616 1175 1654 cri-

123 1685 179 1709 nes
201 1671 335 1708 albente
351 1668 546 1720 sacerdon]
576 1669 748 1707 Vatican.
765 1668 891 1707 Ursini
912 1670 951 1706 &
975 1668 1176 1713 lib.meus,

125 1722 289 1759 Numina
319 1720 425 1767 castus
454 1731 526 1760 cac.
561 1719 690 1770 Atque
720 1721 768 1757 ita
797 1731 952 1770 quoque
977 1719 1069 1768 legit
1099 1719 1178 1757 Ob.

125 1773 298 1811 Gifanius
328 1772 419 1818 (ind.
440 1772 553 1809 Lucr.
578 1772 616 1809 in
637 1770 800 1821 Epitheta
829 1771 1026 1820 geminata)
1047 1783 1094 1807 ex
1112 1783 1177 1808 an-

124 1823 236 1872 tiquis
254 1822 372 1867 libris,
401 1824 438 1860 &
459 1834 544 1861 vera
563 1822 613 1861 est
630 1822 755 1861 lectio.
785 1822 956 1860 ClOFAN.
982 1821 1098 1869 Custos
1112 1821 1180 1858 cri-

125 1887 184 1911 nes
204 1873 337 1912 rectius
358 1875 464 1920 prim.
482 1874 594 1912 Palat.
613 1875 722 1923 prim.
740 1874 911 1911 Vatican.
924 1873 1056 1911 Urbin.
1070 1874 1178 1921 prim.

1996 1427 2099 1494 690
2136 1421 2288 1479 Tenn

1283 1564 1420 1614 Lingua
1429 1565 1564 1611 favens
1581 1563 1672 1612 adstt
1694 1563 1885 1609 nostrorum
1904 1561 2013 1601 oblita
2034 1562 2222 1608 laborumss

1336 1619 1439 1664 {Luae
1452 1644 1464 1661 ,
1486 1625 1569 1665 puto
1582 1643 1593 1660 ,
1621 1615 1788 1653 dedidicit
1796 1617 1878 1666 jam
1898 1615 1987 1652 bona
2006 1613 2115 1653 verba
2134 1614 2240 1666 loqui.

1231 1667 1446 1716 JuvenaHs:

1343 1724 1395 1755 Ite
1414 1717 1523 1766 igitur
1538 1718 1635 1767 pueri
1646 1746 1656 1762 ,
1684 1716 1811 1766 linguis
1832 1717 2030 1767 animisque
2040 1718 2179 1763 favete.

1235 1770 1382 1808 Servius
1403 1769 1600 1818 explanans
1623 1768 1712 1807 illud
1732 1769 1902 1818 Virgilii,
1931 1774 1998 1806 Ore
2010 1771 2136 1815 favete
2152 1781 2289 1807 omnes:

1234 1827 1330 1868 Apso
1342 1849 1352 1864 ‚
1381 1821 1504 1870 inquit
1516 1848 1526 1865 ,
1547 1821 1706 1869 sermone
1718 1820 1797 1869 usus
1809 1819 1853 1868 est
1865 1849 1876 1866 ‚
1905 1819 2130 1869 &sacrificio
2144 1847 2155 1864 ‚
2175 1830 2219 1859 (ν’
2236 1819 2292 1855 lu-

1235 1873 1303 1911 dis.
1333 1879 1432 1910 Nam
1452 1871 1492 1909 in
1507 1872 1622 1921 sacris
1643 1871 1873 1909 taciturnitas
1886 1900 1896 1917 ,
1925 1871 1965 1908 in
1983 1870 2077 1908 ludis
2094 1870 2294 1918 necessarius

125 1926 219 1974 Reg.
239 1931 321 1962 tert.
340 1924 481 1962 Medic.
501 1926 611 1973 prim.
627 1925 907 1974 Erfurt.aliique
918 1925 1038 1963 multi.
1054 1933 1090 1962 at
1102 1924 1178 1962 duo
1224 1926 1340 1972 favor
1361 1923 1426 1970 est,
1455 1936 1556 1974 quem
1570 1932 1704 1973 propter
1718 1923 1879 1973 plausum
1889 1921 2029 1969 futuris
2045 1920 2292 1968 spectatoribus

127 1988 215 2014 curn
241 1975 451 2023 Cantabrig.
471 1976 510 2012 &
532 1975 676 2013 Norico
690 2003 700 2019 ,
719 1975 843 2023 custos,
865 1989 996 2014 numen
1019 1976 1184 2023 Acastus.
1238 1977 1314 2013 dat.
1342 1981 1454 2012 Favet
1474 1985 1594 2012 autem
1613 1988 1671 2011 ore
1687 1976 1766 2023 quis
1781 1974 1888 2010 etiam
1912 1980 1974 2020 per
1994 1970 2293 2009 taciturnitatem.

126 2026 186 2066 sex
218 2037 285 2075 pro
309 2025 446 2063 diversa
473 2024 650 2063 leerione.
668 2027 706 2063 in
721 2037 798 2063 uno
818 2027 920 2065 ssafil.
946 2026 1111 2074 Acaflos;
1141 2035 1182 2064 ut

128 2089 272 2116 nomen
292 2076 486 2115 sacerdotis
505 2074 570 2120 fit,
595 2076 712 2124 qualis
730 2075 790 2113 ille
810 2078 1041 2123 quiPeleum
1061 2078 1185 2115 lustra-

128 2129 182 2167 vit
203 2137 325 2165 morte
353 2128 510 2166 fraterna
529 2135 747 2165 nocentem.
774 2126 835 2163 sed
860 2127 940 2173 casti
961 2128 1068 2163 crines
1090 2129 1184 2165 bene

125 2179 161 2217 se
191 2178 338 2217 habent.
373 2178 422 2217 fic
447 2179 470 2216 l.
500 2191 545 2216 11.
574 2177 710 2216 Fastot.
737 2178 799 2215 26.
834 2177 940 2226 Casta
962 2176 1184 2226 fhcerdotum

129 2240 282 2280 tempora
299 2230 392 2268 dixit
432 2230 578 2267 Hiems.

179 2284 266 2328 677.
295 2286 351 2318 En
372 2286 468 2318 Deus
486 2280 529 2328 est
543 2309 553 2326 ,
582 2285 678 2322 Deus
690 2278 772 2330 effi]
814 2277 926 2317 Liber
947 2279 1101 2318 Caelest.
1130 2283 1186 2317 En

132 2337 241 2376 Deus,
263 2346 306 2369 en
320 2332 659 2380 Deusest.C101=AN.
673 2331 765 2377 Alii,
779 2335 824 2367 Et
841 2336 932 2368 Deus
941 2330 984 2378 est
995 2359 1006 2377 ,
1024 2336 1119 2368 Deus
1131 2331 1186 2379 est.

133 2383 294 2432 Neapol.
322 2386 358 2422 ὃ(
390 2386 557 2434 quinque
588 2383 660 2421 alii.
694 2387 750 2420 En
783 2389 875 2419 Deus
889 2411 899 2426 ,
936 2396 979 2419 en
1011 2387 1106 2419 Deus
1131 2382 1190 2428 est.

135 2445 246 2478 unus,
263 2439 319 2472 En
339 2440 432 2472 Dens
453 2447 510 2475 ω’.
537 2434 644 2473 multi
666 2433 808 2478 alii‚En
819 2439 914 2471 Deus
925 2433 992 2479 eli,
1021 2439 1115 2471 Deus
1132 2433 1188 2479 est.

139 2485 272 2524 Scribe.
308 2491 378 2530 Et,
420 2492 513 2523 Deus
538 2500 604 2531 en,
642 2490 738 2523 Deus
764 2498 817 2522 en.
844 2483 892 2523 fic
924 2485 1058 2535 Sibylla
1089 2484 1188 2533 apud

140 2535 271 2584 virgil.
295 2542 408 2581 Deus,
431 2552 499 2575 ecce
520 2543 627 2576 Deus.
656 2538 695 2575 &
710 2537 956 2586 Amphiaraus
979 2536 1077 2587 apud
1098 2537 1189 2576 Stat.

142 2584 266 2623 Theb.
285 2601 349 2625 111.
369 2590 452 2634 644.

374 2645 468 2677 Deus
484 2654 553 2678 ecce
563 2638 767 2688 furentibus
786 2638 916 2688 obstat,

196 2691 279 2724 Ecce
299 2693 403 2725 Deus.

147 2736 208 2775 Sic
226 2737 331 2775 Silius
350 2738 410 2775 lib.
430 2752 483 2778 xx.
503 2755 584 2789 552.

200 2794 340 2826 Dextra
360 2801 422 2833 en,
448 2804 489 2826 en
510 2792 664 2831 dextera.

149 2852 264 2884 mort,
293 2838 486 2889 linguisque
504 2842 700 2889 animisque
729 2845 837 2893 prim.
857 2844 960 2884 Bafil.
974 2847 1012 2884 δε
1035 2855 1106 2885 tres
1126 2846 1201 2887 alii.

151 2891 280 2936 multi,
304 2890 431 2939 linguis
458 2891 667 2941 animisque.
693 2897 820 2942 vulgo,
843 2896 973 2935 animis
995 2897 1202 2948 linguisque.

152 2944 301 2981 Hnms.

204 2997 290 3041 677.
317 2992 465 3030 Animis
489 2992 681 3044 linguisque
691 2994 854 3044 favete]
884 2996 1006 3035 Alibi:

208 3045 368 3094 Prospera
391 3045 452 3081 lux
474 3044 585 3081 oritur
599 3073 607 3088 ,
636 3046 828 3093 linguisque
847 3046 1043 3098 animisque
1053 3048 1202 3094 favete:

261 3103 367 3133 Istinc
387 3095 532 3132 dicenda
552 3095 729 3146 bonosum
751 3096 839 3133 bona
859 3097 968 3134 verba
984 3098 1049 3136 die.
1084 3100 1151 3137 Et:

211 3148 364 3195 Sedj'am
382 3156 501 3196 pompa
526 3147 624 3182 venit
638 3175 647 3189 ,
674 3147 799 3196 linguis
827 3149 1179 3199 animisquefa‘vete,

265 3206 406 3246 Tempus
425 3197 516 3244 adest
530 3197 671 3247 plausus
684 3227 693 3243 ‚
722 3213 827 3236 aurea
845 3210 966 3249 pompa
986 3201 1101 3240 venit.
1136 3202 1204 3240 Et:

213 3260 278 3285 esre
291 3254 421 3295 jacient
438 3249 549 3298 populi
567 3259 650 3285 rime
664 3278 673 3293 ‚
703 3250 783 3287 ciam
805 3252 903 3288 venit
914 3264 1021 3288 aurea
1037 3261 1184 3304 pompa,

352 3300 840 3352 secerdotessstlyeqzsilursyte
851 3303 943 3353 snos.
996 3304 1064 3342 Et:

1239 2027 1373 2064 Horat.
1405 2032 1533 2063 Favete
1542 2025 1685 2072 linguis,
1704 2023 1865 2061 carmina
1877 2035 1944 2058 non
1951 2021 2049 2071 prius
2063 2021 2188 2058 audita
2207 2029 2296 2060 Mu-

1230 2078 1358 2126 sarum
1378 2076 1551 2125 sacerdos.
1589 2075 1698 2113 Haec
1716 2075 1788 2112 ille.
1819 2073 1958 2110 Seneca
1978 2071 2024 2110 de
2047 2073 2135 2110 Vita
2155 2072 2296 2112 Beata:

1239 2127 1385 2176 Qoties
1413 2127 1544 2165 mentio
1562 2126 1748 2175 sacrarum
1771 2123 1973 2162 litterarum
1991 2123 2210 2169 intervenit,
2230 2125 2298 2170 fa-

1241 2189 1322 2214 vete
1348 2177 1488 2225 linguis.
1529 2183 1601 2212 Hoc
1629 2174 1761 2219 verbo,
1789 2187 1883 2219 non,
1911 2185 1953 2212 ut
1978 2173 2153 2222 plerique,
2181 2175 2299 2223 existi-

1241 2237 1368 2273 mant,
1393 2226 1630 2278 abstrahitur,
1650 2225 1714 2277 sed
1733 2225 1926 2275 imperatur
1935 2223 2120 2275 filentium
2133 2253 2142 2270 ‚
2171 2235 2213 2262 ut
2231 2226 2299 2263 rite

1235 2277 1332 2329 poffit
1352 2278 1470 2328 peragi
1491 2278 1634 2328 sacrum
1647 2305 1658 2324 ‚
1687 2276 1788 2315 nulla
1809 2276 1908 2316 mala
1926 2289 2008 2314 voce
2024 2276 2083 2314 vel
2102 2289 2156 2314 ore
2175 2276 2297 2325 obstre-

1235 2339 1350 2380 pente.
1378 2329 1551 2368 Gronau.

1293 2381 1381 2427 678.
1405 2381 1577 2431 {Quisquis
1595 2379 1729 2431 adest]
1758 2379 1857 2417 Ades
1868 2379 1976 2419 multi
1991 2378 2300 2432 castigatioreS.in

1244 2432 1374 2478 Ibide,
1404 2445 1467 2482 90.

1374 2498 1546 2550 Quisquis
1562 2499 1644 2537 ades
1654 2497 1769 2549 sacris
1791 2512 1845 2536 ore
1857 2499 1985 2546 favete
2002 2499 2086 2536 meis
2099 2527 2110 2543 ,

1298 2550 1468 2600 Qiisquis
1486 2551 1568 2588 ades
1578 2550 1695 2601 fizcris
1707 2578 1719 2597 ‚
1746 2549 1909 2600 lugubria
1929 2550 2034 2588 dicite
2054 2548 2178 2589 verba.

1249 2615 1386 2656 deinde
1405 2617 1500 2655 infra
1518 2616 1593 2656 hoc
1605 2644 1618 2663 ,

1303 2682 1474 2732 Quisquis
1490 2682 1584 2729 adest
1596 2710 1607 2727 ‚
1635 2680 1756 2731 visum
1775 2691 1997 2720 venerantur
2017 2691 2159 2719 numen.

1253 2756 1333 2783 non
1356 2753 1569 2790 veneratur,
1598 2744 1708 2793 prim.
1726 2743 1837 2782 Palat.
1856 2752 1939 2781 tert.
1960 2740 2099 2778 Medic.
2124 2739 2304 2777 Oxon.&

1253 2807 1396 2835 novem
1427 2794 1503 2832 alii.
1519 2795 1650 2846 juffum
1679 2807 1811 2832 numen
1827 2795 1933 2842 prim.
1955 2789 2244 2839 Hamburgenfis
2265 2792 2304 2828 &

1255 2849 1332 2887 duo
1355 2846 1428 2885 alii.
1456 2846 1603 2885 Hzms.

1307 2897 1394 2942 678.
1422 2896 1472 2933 Sis
1491 2924 1502 2942 ,
1545 2897 1563 2934 ὃ
1587 2890 1854 2947 pulcherrime]
1892 2892 2010 2942 Sisque
2038 2890 2146 2930 §tres
2175 2891 2307 2942 scripti.

1258 2950 1376 2988 IDEM.

1310 3004 1398 3046 679.
1427 3004 1502 3035 Tua
1515 2994 1667 3046 stura]
1698 2994 1762 3031 Pia
1778 2995 1884 3041 stura
1901 2995 2008 3043 prim.
2027 2994 2182 3033 Moreti.

1311 3049 1398 3086 681.
1424 3046 1630 3096 Referunt.]
1660 3052 1826 3094 Repetunt
1849 3054 1930 3083 tert.
1954 3045 2093 3083 Medic.

1312 3099 1396 3137 682.
1424 3104 1471 3137 Et
1491 3113 1571 3136 voce
1586 3108 1629 3136 ey·
1651 3105 1765 3133 mente
1776 3097 1942 3142 savorem
1955 3095 2101 3134 Annuit
2121 3094 2206 3144 his.]
2235 3095 2313 3135 Le&

1261 3163 1307 3202 ge
1330 3179 1340 3197 ,
1376 3158 1418 3190 ut
1447 3151 1582 3188 habent
1611 3148 1688 3185 duo
1720 3146 1842 3185 Varie.
1874 3159 1978 3186 meus
2007 3149 2044 3185 δε
2077 3147 2228 3186 Caelest.
2264 3151 2312 3184 Et

1263 3213 1376 3242 mente
1405 3211 1448 3240 ω’
1474 3214 1564 3238 voce.
1595 3196 1757 3237 Primum
1779 3198 1878 3236 enim
1903 3208 2030 3237 mente
2053 3199 2310 3246 concipimus;

1263 3254 1422 3298 deinde,
1458 3264 1553 3300 quae
1583 3250 1848 3298 concepimus,
1877 3251 2111 3298 proferimus.
2140 3250 2312 3286 Cremu.

1265 3306 1384 3346 inanis
1415 3303 1635 3344 oiservatio:
1664 3312 1751 3342 nam
1783 3313 1847 3341 cur
1869 3313 1956 3352 ergo
1977 3302 2013 3340 in
2035 3300 2218 3346 formula,
2247 3299 2317 3354 lin-

2225 3362 2317 3398 gulis
