2483 3616
430 165 1676 249 METAMORPHOSEON
1749 169 2060 232 L1B.XV.

2179 186 2311 244 1079

451 292 619 346 Arma
642 287 821 338 ferunt
847 281 1022 353 nigras
1050 281 1190 335 inter
1221 281 1532 354 crepitantia
1557 279 1753 341 nubes,

453 356 853 426 Terribilesque
880 354 1054 416 tubas,
1088 353 1374 426 auditaque
1401 373 1601 409 cornua
1627 353 1782 408 coelo

308 438 409 510 785
448 426 841 488 Praemonuiffe
868 426 1027 481 nefas.
1071 425 1276 479 Phoebi
1303 444 1520 498 quoque
1544 426 1698 481 tristis
1722 426 1900 495 imago

450 501 656 559 Lurida
680 501 911 555 sollicitis
938 497 1224 569 praebebat
1253 498 1450 553 lumina
1480 500 1646 554 terris.

454 576 621 646 Saepe
645 574 789 629 faces
815 571 951 626 visae
975 571 1164 625 mediis
1189 570 1375 625 ardere
1401 571 1491 624 sub
1518 570 1660 625 astris
1686 591 1697 625 :

454 649 622 720 Saepe
648 647 787 701 inter
811 645 1020 699 nimbos
1045 656 1227 715 guttae
1255 643 1502 698 cecidere
1527 657 1797 698 cruentae.

457 722 715 775 Caerulus
744 718 799 772 &
824 718 1030 772 vultum
1056 716 1326 788 ferrugine
1352 715 1576 770 Lucifer
1604 719 1716 770 atra

317 817 418 869 790
460 793 671 865 Sparsus
697 803 807 846 erat
834 809 844 844 :
885 788 1037 862 sparfi
1062 789 1303 843 Lunares
1326 788 1575 860 sanguine
1600 805 1803 845 currus,

463 865 662 921 Tristia.
686 864 829 918 mille
855 862 984 917 locis
1010 861 1221 934 Stygius
1246 860 1399 915 dedit
1427 861 1605 915 omina
1630 862 1807 924 bub03

458 939 614 996 Mille
639 937 767 991 locis
790 935 1080 989 lacrimavit
1105 935 1234 988 ebur

1261 952 1272 986 ε
1316 947 1606 1015 cantusque
1633 934 1879 990 feruntur

465 1010 684 1073 Auditi,
725 1006 906 1063 sanctis
934 1006 988 1061 &
1013 1005 1173 1061 verba
1199 1007 1422 1061 minacia
1443 1007 1587 1060 lums.

463 1083 696 1140 victima
723 1081 863 1135 nulla
890 1080 1002 1133 litat
1028 1097 1039 1133 ε
1080 1096 1411 1152 magnosque
1435 1079 1623 1134 instare
1648 1080 1907 1135 tumultus

319 1177 414 1233 795
459 1156 616 1211 Fibra
639 1167 855 1217 monet;
895 1152 1210 1226 caesumque
1235 1164 1395 1224 caput
1421 1154 1685 1224 reperitur
1709 1154 1763 1208 in
1790 1153 1941 1207 extis,

466 1231 632 1301 Inque
659 1227 810 1290 for0‚
847 1226 1160 1298 circumque
1186 1225 1409 1289 domm,
1448 1224 1504 1278 δε
1531 1227 1728 1297 templa
1753 1226 2000 1280 Deorum

471 1300 780 1358 Nocturnos
807 1297 1018 1353 ululaffe
1041 1316 1226 1361 canes3
1268 1297 1586 1372 umbrasque
1611 1298 1857 1353 silentum

470 1372 733 1430 Erravisse
759 1372 972 1435 ferunt;
1013 1385 1327 1445 motamque
1352 1372 1674 1427 tremoribus
1700 1371 1908 1428 urbem.

235 1590 320 1638 784.
346 1593 465 1628 Arma
483 1585 726 1638 crepitantia]
756 1585 895 1624 Similia
915 1584 1080 1635 prodigia
1102 1585 1230 1634 paffim

185 1642 402 1690 obsequens
417 1669 426 1685 ‚
453 1639 513 1677 sed
534 1639 638 1687 saepe
659 1639 753 1676 vitio
774 1638 1002 1675 librariorum
1016 1645 1206 1685 corruptus
1220 1664 1231 1680 ,

183 1701 314 1733 narrat.
340 1694 390 1731 ita
412 1703 488 1740 cap.
508 1702 646 1727 Lxxixx.
675 1695 716 1725 In
735 1688 943 1738 Cephalenia
963 1687 1067 1724 turba
1087 1687 1125 1724 in
1144 1687 1232 1724 caelo

186 1754 329 1782 cantare
350 1743 427 1790 visa
448 1770 458 1786 ,
496 1741 559 1778 ubi
584 1740 782 1788 legendum
813 1752 898 1777 cum
923 1738 1105 1782 Heinsio,
1134 1737 1233 1776 tuba.

188 1805 321 1832 lxxvi.
347 1795 477 1839 Consae
505 1804 607 1829 arma
625 1792 662 1828 in
681 1791 769 1828 caelo
790 1790 909 1827 volare
929 1790 1019 1839 visa.
1046 1789 1109 1827 ubi
1131 1789 1233 1828 idem

188 1844 368 1889 malebat,
385 1843 521 1893 sonare.
540 1850 580 1880 ut
602 1841 735 1880 Noster
757 1843 794 1880 in
814 1841 904 1879 Fast.
922 1853 958 1880 V.
982 1852 1063 1889 549.

237 1907 455 1993 Faller,ban
476 1918 579 1943 arma
592 1904 722 1954 sonant
736 1932 746 1950 ‚
772 1917 841 1942 non
854 1902 1042 1952 fallimur,
1061 1914 1164 1940 arma
1177 1903 1234 1952 fi'·

332 1971 377 1993 na
403 1966 478 1994 ant·

153 2065 156 2068 Α
191 2021 293 2060 idem
307 2021 521 2069 Obsequens
532 2032 610 2070 cap.
623 2031 731 2058 CXXV.
744 2020 926 2058 clamorem
939 2019 1168 2068 crepitumque
1179 2031 1237 2055 ar-

193 2085 332 2110 morum
352 2070 560 2108 Antiochiae
581 2071 630 2106 his
648 2070 825 2107 auditum.
846 2071 884 2107 δε
907 2071 955 2107 ita
976 2069 1071 2107 alibi.
1091 2082 1135 2106 an
1148 2081 1240 2106 vero

192 2134 341 2171 cap.cv.
360 2123 469 2159 etiam
484 2120 834 2170 crepituslegendum
846 2120 911 2166 fit,
941 2132 1025 2158 cum
1038 2119 1242 2164 Scheffero‚

191 2173 363 2211 nondum
375 2172 526 2210 statuere
539 2171 685 2220 poffim,
704 2182 789 2207 cum
801 2171 849 2207 ibi
860 2182 937 2207 non
951 2171 996 2207 de
1008 2171 1100 2207 sono
1112 2171 1149 2207 in
1161 2181 1243 2207 cae-

187 2224 227 2262 lo
241 2252 251 2270 ‚
278 2223 338 2261 sed
358 2222 454 2271 apud
476 2223 613 2260 inferos
632 2221 773 2263 audito,
792 2228 928 2267 agatur.
948 2219 1137 2264 fremitum
1159 2230 1236 2257 cer-

189 2283 227 2313 te
254 2274 438 2323 eleganter
469 2272 726 2310 eruditiffimus
756 2271 907 2318 Juvenis
930 2269 1236 2317 Oudendorpius,

192 2326 252 2364 cui
275 2325 399 2374 plura,
425 2323 450 2362 ss
473 2324 574 2361 Deus
602 2323 711 2366 velit,
739 2321 880 2370 respub.
896 2321 1051 2358 literaria
1069 2320 1237 2365 debebit,

190 2376 401 2418 illustravit,
437 2374 496 2412 sed
528 2374 641 2422 magis
669 2381 796 2410 tamen
824 2373 861 2409 in
890 2371 1054 2420 crepitum
1073 2371 1239 2415 inclino,

193 2428 279 2476 quia
310 2427 437 2464 omnia
468 2425 526 2463 illa
555 2423 721 2474 prodigia
743 2423 946 2471 imaginem
968 2433 1077 2459 verae
1097 2432 1243 2470 pugnae

194 2477 533 2526 repraesentabant3
564 2477 601 2513 in
622 2475 683 2513 illa
698 2486 790 2511 vero
809 2481 893 2510 ante
913 2473 1096 2521 proelium
1111 2473 1245 2509 milites

194 2539 296 2566 arma
321 2527 418 2564 hasta
445 2527 506 2564 vel
536 2525 659 2574 gladio
691 2532 890 2562 concutere
917 2523 1107 2568 solebant,
1145 2523 1246 2560 unde

197 2579 354 2626 crepitus
370 2605 379 2621 ‚
401 2578 465 2626 qui
481 2577 630 2626 junctus
654 2574 951 2613 clamoribellico
975 2582 1153 2611 terrorem
1176 2574 1248 2611 ho-

195 2630 301 2668 stibus
328 2628 541 2666 incutiebat.
572 2626 657 2664 vide
679 2637 774 2675 quae
796 2626 1009 2662 notavimus
1030 2624 1076 2662 ad
1099 2625 1247 2663 Petron.

198 2692 276 2728 cap.
301 2691 381 2716 Lvr.
400 2679 438 2716 ὃς
456 2689 551 2727 quae
570 2677 695 2725 paffim
718 2677 769 2714 rei
790 2676 956 2713 militaris
974 2675 1164 2722 scriptores
1183 2675 1246 2712 ha-

197 2728 295 2766 bent.
325 2729 487 2778 denique
515 2737 646 2776 crepare
668 2729 705 2764 ὅ(
725 2726 885 2773 crepitare
905 2726 1050 2773 proprie
1070 2736 1170 2761 arma
1193 2725 1248 2762 di-

202 2778 235 2867 ἷτί
256 2779 436 2825 eleganter
457 2779 585 2817 docuit
603 2776 849 2816 Broulthufius
869 2776 914 2814 ad
931 2776 1087 2813 similem
1104 2775 1249 2814 Tibulli

217 2839 330 2866 ocum
351 2839 397 2864 11.
420 2842 456 2874 ς.

255 2903 379 2950 Atque
400 2897 503 2935 tubas
518 2925 527 2941 ,
554 2910 657 2949 atque
677 2914 780 2939 arma
794 2902 918 2948 ferunt
941 2898 1148 2948 crepitantia
1168 2897 1250 2936 coelo

307 2949 449 2987 Audita
462 2977 472 2994 ‚
498 2959 541 2989 (9⁴
560 2948 648 2985 lucos
662 2952 877 3005 praecinuiſje
890 2952 1029 3000 fugam.

207 3029 458 3119 &igrasssinter
488 3026 593 3064 nubes
621 3026 731 3064 etiam
758 3029 900 3069 Mureti
927 3031 965 3069 δί
995 3038 1155 3080 quatuor
1181 3029 1254 3067 alii·

234 3093 314 3119 ene.
373 3092 474 3116 URM.
907 3103 910 3105 ψ

261 3155 347 3191 792.
377 3141 479 3179 Mille
497 3140 574 3178 locis
597 3141 802 3179 lacrimavit
814 3139 933 3188 elbum]
961 3144 1079 3191 Ebur,
1106 3145 1180 3183 hoc
1192 3143 1254 3186 est,

209 3194 443 3283 figiulacrum
465 3206 511 3230 ex
523 3192 633 3230 ebore
647 3192 873 3231 confectum.
902 3191 957 3228 Ita
968 3191 1256 3242 Virg.1.Ge0rg.

212 3257 236 3293 4
263 3258 298 3283 0.

262 3313 309 3347 Et
327 3309 489 3360 moestum
508 3308 700 3349 illacrimat
721 3309 854 3360 templis
876 3307 973 3359 ebur.

2192 1438 2322 1495 Non

1283 1581 1514 1636 Significavit
1534 1583 1573 1621 δε
1594 1584 1671 1623 hoc
1691 1583 1863 1623 Tibullus
1879 1580 1940 1621 lib.
1960 1593 2006 1619 11.
2023 1578 2115 1627 eleg.
2135 1589 2169 1627 ς.

1335 1649 1383 1682 Et
1393 1643 1589 1694 fimulacra
1608 1647 1724 1685 Deum
1744 1647 1908 1685 lacrimas
1919 1644 2044 1695 fudisse
2064 1651 2219 1693 repentes.
2234 1689 2242 1695 ·
2328 1686 2340 1694 Ἴ

1288 1696 1399 1744 Julius
1413 1706 1598 1744 praeterea
1616 1700 1832 1748 Obsequens
1861 1709 1937 1745 cap.
1958 1706 2098 1734 cxx111.
2125 1691 2210 1740 Lupi
2229 1702 2265 1726 m
2279 1700 2340 1724 ur·-

1289 1747 1326 1784 b‘
1345 1745 1435 1796 'vfi'
1472 1750 1633 1787 noffurni
1654 1750 1812 1787 ululatus
1830 1747 1954 1799 flebiles
1977 1759 2103 1784 canum
2122 1740 2238 1779 auditi
2257 1754 2267 1776 .·
2288 1735 2340 1787 fi-

1289 1799 1486 1837 mulacrum
1507 1801 1807 1849 Martissudavit
1828 1816 1838 1836 .·
1859 1798 1999 1846 fulmen
2019 1805 2093 1833 tota
2116 1791 2197 1830 urbe
2213 1799 2343 1840 perva-

1286 1859 1411 1898 gatum
1436 1849 1597 1899 pleraque
1628 1852 1768 1889 deorum
1788 1849 1983 1899 simulacra
2005 1843 2162 1892 decuffit‚
2191 1840 2343 1879 homines

1289 1900 1527 1938 exanimavit.
1555 1902 1726 1941 CroFAN.
1755 1900 1859 1940 Mille
1881 1899 1959 1937 locis
1975 1898 2218 1946 lacrymantur
2235 1904 2345 1935 aves,

1293 1951 1425 1989 Codex
1448 1951 1595 2000 Sprotii.

1347 2032 1432 2069 792.
1461 2026 1706 2076 Cumasque]
1745 2022 1992 2063 Broulzhufius
2027 2017 2205 2061 malebat,
2240 2014 2346 2064 plan:

1295 2074 1445 2128 fiasque.
1472 2075 1533 2112 sed
1567 2088 1689 2112 cantus
1719 2076 1779 2112 hic
1809 2074 1889 2111 sunt
1917 2085 2037 2116 voces,
2072 2068 2173 2120 quasi
2192 2065 2343 2104 oraculo

1296 2122 1415 2161 editae
1437 2152 1447 2167 ‚
1483 2126 1606 2172 quales
1634 2126 1738 2174 saepe
1767 2124 1913 2162 auditae
1939 2124 2034 2160 inter
2056 2120 2187 2158 omina
2213 2116 2346 2154 habita.

1296 2172 1382 2208 vide
1401 2174 1446 2211 ad
1466 2174 1526 2211 lib.
1546 2187 1616 2212 v11.
1639 2176 1673 2213 8.
1697 2178 1735 2213 ὅ(
1758 2176 1976 2213 Emmenes.
1998 2168 2347 2219 adVirg.1.Georg.

1299 2223 1384 2269 476·
1403 2224 1514 2272 sacris
1533 2225 1617 2263 lucis
1637 2227 1838 2265 Vaticanus
1861 2227 1897 2263 &
1910 2225 2039 2263 decem
2054 2218 2233 2270 alii.filvis
2244 2228 2351 2255 unus.

1354 2303 1438 2341 795.
1466 2291 1679 2341 caesumque
1697 2288 1827 2340 caput]
1856 2289 1984 2328 Senec.
2008 2287 2143 2336 Oede.
2158 2285 2243 2324 vers.
2257 2285 2352 2334 960.v

1301 2348 1347 2380 Et
1367 2343 1479 2393 capita
1497 2341 1637 2390 paribus
1659 2341 1741 2378 bina
1765 2340 1968 2389 consurgunt
1993 2339 2075 2375 toris
2090 2366 2099 2382 ‚
2121 2337 2183 2385 sed
2210 2347 2352 2374 utrum-

1300 2408 1365 2443 que
1384 2395 1516 2443 caesum
1534 2392 1648 2430 tenuis
1666 2391 1840 2442 abscondit
1857 2401 1956 2440 caput
1970 2389 2186 2427 membrana.
2212 2387 2353 2426 Plinius·

1299 2446 1360 2483 lib.
1383 2458 1436 2482 lx.
1457 2456 1515 2494 37.
1543 2450 1658 2493 Caput
1680 2453 1838 2480 extorum
1861 2441 1965 2489 tristis
1985 2440 2101 2485 ostenti
2122 2438 2255 2488 caesum
2268 2451 2355 2487 quo·

1301 2510 1365 2546 que
1395 2496 1456 2544 est,
1484 2504 1730 2543 praeterquam
1749 2493 1787 2530 in
1801 2491 2038 2542 sollicitudine
2058 2503 2096 2526 ac
2116 2499 2209 2526 metu
2228 2505 2239 2525 .-
2268 2498 2353 2525 tum

1302 2547 1394 2583 enim
1422 2546 1561 2597 perimit
1591 2558 1702 2581 curas.
1730 2544 1790 2581 ubi
1815 2543 2078 2590 Dalecampius
2097 2541 2355 2588 interpretatur

1303 2597 1421 2635 cultro
1455 2596 1650 2635 victimarii
1681 2594 1821 2632 tactum
1850 2594 1910 2631 vel
1937 2593 2184 2631 vulneratum.
2221 2589 2354 2626 Livius
2418 2596 2434 2605 “

1303 2660 1392 2685 VlII.
1421 2660 1456 2696 9.
1495 2646 1598 2684 Decio
1629 2655 1730 2695 caput
1743 2645 1904 2693 jecinoris
1926 2657 1948 2681 a
1967 2641 2149 2689 familiari
2162 2649 2263 2689 parte
2281 2652 2356 2675 cae-

1297 2699 1380 2747 sum
1398 2699 1540 2748 aruspex
1558 2697 1690 2734 dicitur
1708 2694 1874 2744 ostendiffe
1889 2724 1899 2740 ,
1926 2693 2057 2743 alioqui
2082 2700 2251 2740 acceptam
2275 2689 2358 2724 Diis

1302 2749 1446 2796 hostiam
1469 2751 1538 2798 eſje.
1565 2747 1664 2786 unde
1693 2746 1819 2784 fraude
1839 2746 2131 2784 victimariorum
2156 2743 2229 2777 hoc
2249 2739 2356 2785 saepe

1303 2799 1469 2837 accidisse
1492 2799 1599 2836 facile
1625 2798 1672 2836 est
1691 2798 1878 2847 colligere.
1902 2797 2034 2834 Euam.

1356 2862 1442 2899 797.
1472 2852 1665 2886 Nofft'urnos
1691 2848 1832 2896 ululasse
1864 2844 2000 2898 canen]
2039 2841 2128 2877 Hoc
2159 2851 2203 2875 ex
2234 2837 2354 2894 Obse-

1306 2903 1453 2952 quentis
1473 2901 1590 2939 verbis
1611 2899 1764 2946 intelligi
1776 2899 1874 2935 licet.
1904 2895 2041 2928 Verum
2057 2918 2067 2933 ‚
2095 2888 2197 2944 qUQd
2209 2888 2358 2925 altVlr-

1307 2953 1437 3001 gilius,
1468 2953 1586 3001 majus
1617 2950 1678 2986 est:
1707 2947 1916 2992 Pecudcsque
1938 2942 2080 2978 locutae.
2116 2938 2212 2976 Vide
2231 2938 2292 2976 sub
2313 2938 2358 2986 fi<

1308 3015 1395 3041 nem
1421 3003 1483 3041 lib.
1505 3016 1533 3039 1.
1557 3003 1692 3042 Georg.
1722 2995 1890 3031 Cxomu.

1363 3064 1447 3101 797.
1475 3050 1684 3095 Umbrasqae
1696 3043 1904 3093 filentum.]
1937 3042 2076 3080 silentes
2097 3041 2203 3089 prim.
2223 3040 2360 3080 Erfurt.

1312 3106 1349 3141 δε
1373 3100 1511 3138 Medic.
1533 3098 1755 3134 chartaceus.
1784 3094 1856 3132 vid.
1885 3095 1946 3132 lib.
1965 3106 2053 3131 xm.
2074 3105 2132 3140 25.
2162 3094 2360 3129 Nofturnas

1313 3152 1423 3188 etiam
1458 3161 1555 3185 canes
1585 3148 1691 3196 prim.
1721 3146 1970 3183 Twisdenius.
2010 3143 2108 3180 Vide
2130 3142 2247 3180 Notas
2266 3143 2362 3180 libro

1312 3213 1377 3238 111.
1402 3201 1440 3236 in
1460 3198 1578 3236 fabula
1600 3197 1812 3234 Actaeonis.
1841 3197 1984 3233 Heia-s.

1365 3250 1449 3298 798.
1477 3247 1692 3299 Erraviffe.]
1739 3246 1900 3297 Eripuiffi’
1935 3245 2066 3284 Urbin.
2107 3255 2174 3293 pro
2215 3243 2364 3293 erupiffe.

1309 3301 1426 3343 lom,

1420 3350 1425 3353 ’
2160 3354 2244 3393 799·
2275 3349 2363 3390 Vm:
