2483 3616
350 148 1592 215 METAMORPHOSEON
1665 155 1808 214 L113.
1870 157 2011 217 XV.

2139 171 2270 226 1025

403 273 787 341 Paullatimque
814 283 1072 336 t1·emen3‚
1113 273 1166 327 &
1195 275 1438 329 nondum
1462 273 1666 346 poplite
1688 270 1844 324 firmo

394 343 674 405 Constitit,
714 343 902 411 adjutis
927 344 1105 416 aliquo
1133 348 1414 401 conamine
1440 347 1630 401 nervis,

256 432 353 488 225
394 416 523 469 Inde
548 416 725 470 valens
754 418 1020 488 veloxque
1047 418 1147 471 fuit
1174 437 1184 471 :
1226 419 1556 490 spatiumque
1576 418 1823 487 juventae
1883 487 1893 497 ο

396 487 614 541 Transit
642 506 654 541 ε
697 489 782 551 &‚
821 488 1040 542 emensis
1066 491 1229 545 medii
1254 508 1471 562 quoque
1501 492 1756 560 temporis
1779 504 1954 550 anms,

397 558 625 614 Labitur
652 561 910 615 occiduae
935 578 1030 632 per
1056 563 1156 616 iter
1184 562 1391 616 declive
1419 561 1672 616 senectae.

393 630 609 685 Subruit
634 633 761 686 haec
788 634 904 687 aevi
930 634 1328 707 demoliturque
1352 633 1540 705 prioris

392 702 615 757 Robora
641 724 652 758 z
693 704 899 777 fletque
928 704 1106 760 Milon
1130 707 1332 768 senior,
1371 723 1492 759 cum
1518 703 1713 776 spectat
1736 706 1914 761 inanes

244 792 350 840 230
388 774 534 840 Illos,
570 778 664 849 qui
689 779 898 832 fuerant
924 777 1218 833 solidorum
1243 779 1385 833 mole
1414 793 1660 832 tororum

94 985 254 1025 'Milonis
274 1014 285 1031 ,
323 986 370 1024 de
400 997 471 1035 qua
498 988 537 1024 in
564 986 645 1025 Ibin
673 989 760 1037 609.
786 987 903 1026 Milon
924 1000 1015 1027 vero
1035 990 1145 1029 retste.

94 1037 171 1082 vid.
191 1037 235 1074 ad
258 1037 337 1074 Ibin
360 1049 445 1085 325.

147 1099 232 1136 230.
259 1088 335 1136 Qi
346 1088 496 1132 fuerant
507 1086 704 1134 solidarum
716 1098 825 1127 morte
831 1091 1026 1141 ferarum]
1057 1091 1141 1130 Lib.

96 1149 226 1182 meus,
259 1145 365 1174 More.
394 1138 559 1175 CIOFAN.
590 1139 712 1177 Scribe
734 1153 817 1179 cum
843 1142 1028 1180 Palatinis:

146 1221 248 1231 --
268 1200 398 1251 fletque
419 1201 532 1238 Milon
543 1202 680 1248 finiar,
708 1217 785 1241 cum
801 1200 943 1252 spec‘lat*
952 1206 1071 1243 inanes

149 1253 251 1296 Illos,
278 1253 339 1302 qui
348 1253 496 1298 fuerant
511 1281 520 1296 ,
545 1253 740 1297 solidarum
762 1268 853 1291 more
866 1258 1053 1302 ferarum,

148 1301 323 1340 Herculeis
334 1301 464 1351 similes
478 1331 488 1347 ,
511 1302 638 1352 fluidos
648 1305 791 1354 pendere
813 1306 965 1344 lacertos.

95 1367 206 1406 DAN,
235 1367 380 1404 Hiems.
407 1367 467 1405 De
497 1368 578 1407 feris
611 1368 630 1406 a
661 1370 808 1408 Milone
837 1370 964 1408 occifis
985 1371 1035 1408 nil
1056 1371 1142 1421 legi.

94 1425 282 1466 praeterea
298 1419 393 1464 ferae
406 1418 537 1466 filiolae
553 1420 675 1458 minus
695 1421 789 1458 bene
809 1421 989 1459 dicuntur.
1014 1421 1073 1460 sed
1084 1435 1142 1459 ar-

94 1467 148 1505 mi
160 1469 323 1514 ferarum
338 1468 443 1517 fluidi
456 1497 467 1514 ,
494 1478 556 1508 aut
576 1481 669 1519 terga
686 1470 799 1518 solida
813 1500 823 1516 ‚
852 1473 890 1509 &
904 1472 1024 1509 cervix
1037 1473 1075 1510 &
1084 1481 1140 1521 pe-

97 1517 155 1554 des
174 1518 278 1556 bene.
307 1519 504 1568 quomodo
527 1521 653 1568 fiilidos
671 1534 796 1559 canum
815 1522 920 1559 calces
938 1523 1029 1560 dixit
1048 1524 1142 1562 Gra-

95 1569 180 1606 tius.
207 1568 332 1618 Auget
352 1569 397 1607 de
413 1570 500 1608 loco
523 1571 724 1619 depravato
745 1573 985 1622 suspicionem
1001 1601 1012 1618 ,
1039 1574 1142 1622 quod

95 1619 137 1656 in
155 1618 335 1668 plerisque
353 1621 510 1669 antiquis
527 1621 623 1659 libris
645 1635 712 1669 pro
736 1624 1010 1673 mortelegatur,
1040 1638 1143 1663 more.

97 1668 137 1705 in
167 1669 287 1717 primo
318 1670 438 1719 Regio
459 1672 498 1708 &
526 1683 603 1710 uno
626 1671 727 1711 Voff.
749 1675 846 1712 mole.
865 1683 1047 1722 praeterea
1061 1676 1142 1724 soli-

96 1718 220 1755 dorum
232 1721 390 1765 ferorum
412 1723 517 1768 prim.
537 1723 646 1761 Palat.
670 1725 777 1772 prim.
795 1725 963 1763 Vatican.
982 1725 1142 1775 Berneg-

96 1780 161 1817 ger
203 1770 351 1807 Thuan.
385 1771 517 1809 Urbin.
547 1774 585 1810 δε
614 1783 772 1823 quatuor
802 1785 863 1813 aut
883 1776 1048 1825 quinque
1067 1777 1144 1815 alii.

98 1819 203 1867 Quid
232 1819 457 1859 haeremus?
493 1822 648 1872 Refinge
679 1837 768 1863 meo
795 1827 986 1874 periculo,
1014 1826 1143 1874 stolido-

100 1881 179 1904 rum
207 1869 292 1906 mole
312 1880 475 1910 tororum.
504 1883 692 1922 comparat
711 1875 864 1914 Milonis
881 1878 1033 1914 lacertos
1053 1889 1138 1915 curn

99 1918 188 1954 toris
216 1920 408 1959 Herculis,
437 1934 531 1970 quos
554 1925 680 1971 solidos
711 1927 857 1975 proprie
886 1929 923 1964 ὃς
957 1927 1140 1975 eleganter

101 1975 222 2003 vocat.
247 1968 382 2016 fingula
413 1973 615 2011 videamus.
643 1975 752 2020 mole,
780 1977 976 2025 quomodo
1009 1978 1142 2017 Statius

99 2014 302 2062 Theb.V1.
323 2018 408 2067 833.

382 2081 526 2092 ⁴—-
554 2073 650 2110 levat
670 2076 783 2113 ardua
801 2087 921 2114 contra

152 2117 316 2155 Membra
334 2118 519 2156 Cleonaeae
527 2122 640 2172 stirpis
651 2126 804 2173 jaflator
823 2127 1012 2176 Agylleus,

155 2169 321 2205 Herculea
340 2182 407 2205 non
429 2171 514 2206 mole
535 2172 657 2212 minor.

101 2216 164 2255 sed
184 2219 221 2255 δε
241 2221 307 2256 tori
316 2220 420 2266 fialidi
440 2221 631 2266 Herculis,
657 2225 973 2272 Epist.Deianirae
985 2228 1030 2268 ad
1040 2228 1139 2267 Her-

103 2269 226 2306 culem
240 2297 249 2313 ,
281 2282 332 2306 ix.
353 2283 411 2318 59.

151 2325 236 2356 Non
251 2321 378 2368 puduit
390 2324 500 2367 fortes
518 2336 602 2360 auro
625 2324 772 2362 cohibere
789 2326 928 2366 lacertos
941 2356 953 2374 ‚

205 2375 251 2405 Et
266 2371 382 2416 fhlidis
397 2385 551 2419 gemmas
570 2375 743 2424 apposuiffe
759 2378 866 2414 toris?

99 2418 260 2468 Scriptor
281 2423 450 2471 antiquus
465 2451 475 2466 ,
503 2424 603 2473 cujus
623 2430 762 2473 poema
780 2427 826 2465 de
847 2428 1016 2467 Herculis
1026 2430 1143 2478 laudi-⁴

96 2468 165 2508 bus
178 2470 381 2510 Claudiano
397 2473 558 2512 additur:

358 2524 505 2561 Invadis
520 2525 690 2574 trepidum
706 2554 715 2570 ‚
731 2526 916 2577 fhlidisque
935 2529 1072 2567 lacertis

149 2572 312 2609 Grandia
333 2574 509 2622 corripiens
529 2575 615 2624 elufh
629 2587 775 2624 guttura
797 2581 930 2625 morsu..

149 2621 327 2658 Imbellem
340 2624 470 2669 sraelis
482 2626 660 2674 prosternis
673 2627 837 2673 faucibus
860 2629 996 2674 hostem.

98 2670 158 2708 ubi
189 2673 308 2716 male,
336 2673 420 2721 filis
448 2675 604 2720 lacertis,
633 2678 671 2713 ὃ(
697 2677 772 2725 elifh
801 2681 915 2728 morfit
944 2680 1139 2728 legebatur.

98 2720 189 2758 Fors
216 2723 254 2758 ὃ(
283 2725 332 2760 ita
363 2724 401 2761 in
432 2725 579 2763 Lucilio
598 2726 851 2775 refingendum
873 2730 932 2767 lib.
954 2743 1050 2768 xvu.
1077 2731 1138 2769 ubi

96 2771 170 2818 agit
181 2770 225 2806 de
236 2772 396 2810 Hercule
406 2774 501 2822 apud
514 2776 748 2814 Macrobium
759 2778 988 2828 lib.v1.cap.1.
1001 2788 1136 2828 Magna

98 2820 162 2867 offiz
189 2819 372 2870 lacertique
402 2829 579 2872 Apparent
598 2826 725 2875 solidi,
763 2840 840 2866 non
859 2829 1018 2869 hominis.
1047 2832 1135 2870 Stat.

99 2869 224 2908 Theb.
246 2883 299 2908 vr.
322 2883 404 2918 552.

360 2934 454 2942 --···
486 2922 591 2961 Illum
612 2927 815 2974 Tirynthius
835 2930 916 2966 olim

149 2977 251 3008 Ferre
276 2985 386 3009 manu
397 2971 511 3019 solida
526 3000 535 3016 ‚
557 2973 842 3028 spumantemque
857 2994 911 3017 ore
922 2981 1042 3029 supino

147 3026 280 3058 Vertere
296 3050 305 3064 ,
319 3024 380 3070 seu
403 3022 558 3067 monstris
580 3025 689 3059 vietor
703 3051 713 3067 ,
734 3028 795 3072 seu
814 3036 932 3067 Marte
946 3032 1086 3078 solebat.

96 3070 326 3120 Amphitruo
364 3072 526 3110 Hercule
551 3073 579 3110 F
582 3082 708 3110 urente
743 3079 839 3121 apud
872 3082 1049 3121 Senecam
1082 3083 1138 3128 Jl's·

96 3123 143 3158 62
176 3150 184 3158 .

146 3133 294 3209 {eneone
311 3173 349 3210 in
370 3185 475 3209 auras
495 3172 625 3210 editum
647 3183 661 3212 ,ἓ
689 3187 736 3211 an
758 3187 855 3211 vana
871 3177 973 3221 fruor

142 3226 308 3271 Deceptus
325 3223 448 3260 umbra
468 3233 482 3260 ἒ
511 3233 594 3260 tune
614 3238 645 3260 es
665 3229 678 3260 !
708 3229 845 3273 agnosco
867 3236 964 3263 toros.

93 3270 142 3319 ita
164 3274 327 3316 optimus
350 3274 540 3313 Medic-eus
565 3274 653 3326 liber
674 3275 793 3328 versus
813 3275 895 3316 istos
909 3277 1010 3329 legit.
1035 3279 1135 3320 idem

189 3325 281 3362 Tam.
302 3329 346 3362 ΙΙ.

2095 845 2244 910 Her-3

1203 990 1341 1029 Seneca
1359 990 1596 1040 Hippolyto:
1804 1037 1812 1045 .
1864 1034 1874 1036 Δ
1925 1038 1946 1048 ‚.

1249 1047 1380 1091 AEquos
1401 1041 1578 1078 Herculeis
1591 1040 1671 1089 jam
1684 1039 1828 1088 suvents
1846 1046 1947 1085 toros.

1200 1103 1239 1141 ὃς
1256 1105 1293 1141 in
1319 1105 1481 1142 Hercule
1502 1105 1649 1142 Oetao:

1248 1165 1411 1202 Membra
1432 1179 1475 1206 ey·
1493 1167 1672 1204 Herculeos
1693 1175 1780 1203 toros

1245 1217 1320 1253 Urit
1340 1216 1410 1253 lues
1433 1218 1563 1266 Neffea.

1197 1280 1274 1329 Ipse
1296 1282 1473 1320 Hercules
1496 1282 1592 1331 apud
1611 1283 1835 1321 Ciceronem
1854 1277 1966 1319 Tusc.
1988 1276 2134 1329 Quaest.
2144 1262 2243 1326 1158}

1197 1342 1242 1368 ex
1263 1331 1454 1380 Sophoclis
1477 1333 1704 1371 Trachiniis:

1587 1395 1603 1431 ὃ
1621 1404 1703 1432 ante
1722 1394 1878 1432 vifflrices
1898 1399 2053 1429 manus?

1250 1448 1280 1479 O
1299 1446 1454 1493 pellona,
1487 1444 1615 1495 dterga
1628 1474 1639 1491 ‚
1669 1445 1686 1481 ὃ
1708 1444 1913 1482 lacertorum
1933 1442 2024 1480 tori!

1198 1505 1282 1543 Val.
1305 1506 1438 1544 Flacco
1454 1534 1465 1552 ‚
1493 1520 1521 1546 1.
1544 1520 1630 1558 253.

1249 1571 1523 1620 Conspicuusque
1544 1573 1628 1608 toris
1651 1570 1867 1619 Tirynthius.
2091 1618 2098 1623 ἱ
2127 1616 2133 1621 ‚
2228 1621 2241 1627 ,

1196 1618 1295 1657 idem
1317 1621 1377 1658 lib.
1395 1635 1424 1660 1.
1442 1634 1526 1671 434.
1553 1621 1732 1671 Meleagri
1751 1622 1905 1659 lacertos
1926 1617 2116 1657 Herculeis
2136 1626 2241 1661 com-3

1223 1680 1319 1709 arat:

1196 1682 1219 1717 p
1251 1721 1470 1774 ostendisque
1489 1723 1646 1761 humeros
1657 1724 1767 1770 fhrtes
1778 1721 1998 1771 spatiumque
2011 1717 2148 1767 superbi
2165 1767 2172 1774 ·
2198 1770 2201 1774 ἱ

1249 1774 1395 1810 Ρεέῖονίς
1410 1802 1419 1817 ,
1441 1774 1612 1811 Herculeis
1630 1786 1778 1823 aequum
1792 1800 1803 1816 ,
1832 1771 2024 1819 Meleagre‚
2053 1769 2200 1805 lacerus.

1198 1821 1389 1861 Claudian.
1407 1825 1503 1862 bello
1527 1825 1664 1862 Getico
1678 1852 1687 1867 ,
1717 1823 1802 1870 438.
2040 1868 2046 1875 ⁸

1248 1875 1416 1912 Creditur
1433 1875 1603 1912 Herculeis
1622 1875 1731 1912 lucem
1750 1873 1910 1923 reparasse
1928 1871 2064 1907 lacertu

1250 1925 1404 1963 Femina.
2232 1971 2239 1975 ἡ

1196 1973 1294 2011 idem
1323 1976 1470 2014 Flaccus
1490 1976 1552 2014 lib.
1573 1989 1618 2014 11.
1642 1987 1725 2024 509.
1755 1974 1818 2012 ubi
1838 1971 2041 2010 Herculem
2059 1975 2240 2020 pugnatu:

1195 2036 1277 2062 rum
1299 2025 1487 2065 describit:

1246 2080 1328 2111 Ecce
1350 2077 1469 2113 ducem
1483 2076 1633 2125 placitae
1642 2074 1752 2121 furiis
1770 2072 1955 2128 crudescere
1970 2079 2123 2119 pugnae,

1247 2131 1513 2173 surgentemque
1533 2128 1616 2162 toris
1625 2125 1758 2172 stupet,
1785 2135 2041 2171 zmmanemque
2055 2127 2186 2180 paratu

1223 2175 1226 2178 ’
1246 2176 1416 2213 AEacides.

1195 2224 1407 2264 Lactantius
1425 2227 1517 2264 libro
1537 2227 1658 2274 primo
1678 2226 1724 2264 de
1746 2225 1842 2263 Falsa
1863 2223 2056 2271 Religione
2079 2234 2087 2258 :
2113 2226 2237 2276 'Itaque

1197 2275 1289 2312 idem
1311 2276 1368 2313 ille
1388 2290 1464 2313 cum
1486 2276 1673 2323 deformari
1695 2275 1863 2314 ulceribus
1884 2285 1970 2310 toros
1979 2273 2059 2319 suos
2079 2270 2234 2313 vtderet,

1195 2325 1242 2363 de
1272 2327 1445 2366 Hercule.
1482 2327 1626 2366 Auctor
1646 2328 1794 2376 Elegiae
1813 2327 1852 2363 in
1874 2325 2018 2362 obitum
2040 2322 2239 2366 Maecena2

1194 2377 1239 2414 tis
1254 2403 1264 2421 ,
1291 2379 1438 2427 torosum
1456 2388 1587 2416 vocat:

1248 2428 1360 2475 Lydia
1380 2441 1412 2465 te
1433 2429 1552 2465 tunica
1568 2427 1664 2477 juffi't
1683 2427 1815 2474 lasciva
1829 2424 1961 2475 fluente

1326 2484 1418 2515 Inter
1436 2478 1591 2526 lanificas
1612 2479 1731 2515 ducere
1742 2478 1845 2526 pensa
1853 2477 1949 2524 suas.
2159 2522 2168 2529 ,

1208 2538 1211 2539 ’
1247 2528 1388 2573 clava,
1416 2530 1541 2577 torose,
1567 2529 1631 2565 tibi
1648 2529 1778 2577 pariter
1798 2540 1874 2564 cum
1891 2525 1975 2575 pelle
1987 2523 2188 2579 jacebants.
2225 2574 2236 2579 Ἴ

1197 2579 1246 2616 ita
1267 2579 1385 2616 versus
1404 2578 1667 2617 mendofiffimi
1695 2577 1882 2616 scribendi.
1911 2576 2029 2613 Clava
2051 2574 2234 2630 torosa-in·-

1197 2637 1282 2676 epte
1299 2629 1496 2677 legebatur.
1524 2630 1642 2666 ducere
1658 2630 1762 2677 pensa
1776 2627 1999 2664 Claudianus
2021 2633 2130 2661 etiam
2143 2622 2236 2679 dixit

1196 2679 1235 2716 &
1257 2679 1463 2724 Juvenalis,
1492 2682 1594 2728 quod
1616 2678 1750 2716 trahere
1766 2677 1868 2726 pensa
1887 2677 1974 2714 aliis.
2001 2675 2119 2710 ducere
2138 2683 2236 2728 tunt-

1195 2741 1251 2765 cas
1272 2730 1331 2766 vix
1353 2731 1544 2767 Latinum.
1560 2729 1618 2766 est.
1641 2728 1804 2776 jacebant
1824 2739 1900 2767 non
1913 2724 2051 2776 jacebat
2070 2732 2172 2761 vetus
2191 2723 2233 2758 11-

1193 2779 1255 2817 ber
1288 2780 1383 2817 Petri
1403 2780 1529 2817 Servii.
1557 2780 1660 2827 quod
1680 2780 1835 2827 elegans.
1863 2787 2026 2815 ceterum
2048 2782 2087 2811 ut
2106 2771 2230 2819 torosus

1189 2830 1248 2867 hic
1269 2830 1470 2874 Hercules,
1497 2832 1545 2867 ita
1565 2830 1746 2877 lacertosus
1765 2830 1802 2865 in
1823 2828 2013 2874 Priapejis:

1240 2879 1391 2917 Phoebus
1411 2881 1578 2927 comosus,
1608 2879 1764 2917 Hercules
1784 2877 1971 2922 lacertosus.

1199 2930 1407 2968 Columella
1437 2930 1530 2968 libro
1562 2941 1589 2966 1.
1622 2942 1654 2967 c.
1684 2929 1716 2965 8.
1771 2928 1891 2962 Vineae
1930 2922 2103 2969 lacertosos
2137 2918 2231 2976 viros

1195 2981 1348 3029 exigunt.
1401 2981 1590 3027 Lacertofhs
1625 2988 1711 3014 toros
1748 2973 1936 3010 Mercurio
1981 2971 2041 3007 dat
2071 2970 2230 3007 Mateta-

1195 3043 1263 3069 nus
1313 3031 1461 3078 Capella
1505 3031 1563 3065 lib.
1603 3038 1628 3061 1.
1674 3022 1767 3070 apud
1805 3022 2005 3070 Apulejurn
2041 3020 2101 3056 lib.
2140 3031 2229 3074 V¹.¹¹·

1194 3081 1364 3129 Probeque
1394 3075 1546 3124 dispostta
1575 3086 1672 3110 coena
1700 3072 1839 3108 balneas
1867 3071 2008 3115 obeunt,
2045 3069 2228 3125 11ρᾶ6191161.-

1193 3131 1295 3167 taciti
1331 3127 1504 3175 quendam
1530 3123 1752 3171 fortiffimum
1782 3123 1991 3170 rusticanum
2015 3147 2023 3163 ‚
2061 3119 2231 3176 mdustrta

1191 3181 1338 3215 laterum
1367 3186 1470 3225 atque
1494 3175 1557 3211 imi
1577 3174 1711 3210 ventris
1730 3173 1809 3210 bene
1831 3180 2075 3226 praeparat-une
2091 3198 2101 3214 ‚
2124 3183 2228 3207 comt-

1192 3240 1259 3265 tem
1282 3239 1397 3264 coenae
1420 3228 1536 3273 secum
1555 3224 1746 3260 adducunt.
1776 3235 1859 3260 cum
1888 3223 1920 3259 in
1942 3230 2233 3277 optimis-mern-

1191 3279 1307 3318 branis
1336 3275 1469 3319 exstet,
1495 3273 1769 3325 sormofiffimum
1790 3273 2024 3322 rusticanum,
2044 3282 2179 3321 opinor
2208 3282 2230 3307 a

1367 3326 1584 3364 Oooooo
2117 3331 2229 3359 manu
