2483 3616
253 137 356 190 626
764 136 825 193 P.
899 131 1306 194 OVIDII

1379 131 1916 191 NASONIS

441 266 518 318 -15
557 248 630 305 Et
654 249 892 324 superata
917 252 1036 305 suae
1060 245 1325 303 referebat
1345 246 1473 317 juffa
1497 264 1776 303 novercae.

556 323 762 379 Contra
793 341 921 395 ego:

965 325 1154 392 (turpe
1179 319 1361 372 Deum
1386 321 1599 374 mortali
1623 321 1820 375 cedere
1846 319 2008 374 duxi:

553 397 812 451 Nondum
839 408 950 450 erat
974 396 1059 448 ille
1087 393 1267 460 Deus)
1305 391 1520 462 Regem
1547 409 1633 445 me
1660 394 1830 447 cernis
1857 407 2148 465 aquarum,

557 468 808 524 Cursibus
825 468 1052 539 obliquis
1079 467 1217 520 intra
1243 478 1331 516 tua
1357 480 1517 532 regna
1541 462 1832 518 fluentum:

553 542 671 596 Nec
697 559 862 613 gener
889 539 1122 595 externis
1147 534 1334 606 hospes
1361 535 1458 587 tibi
1483 533 1660 587 miffus
1688 535 1751 588 ab
1776 539 1913 602 oriS,

447 634 516 667 20
555 613 660 668 Sed
687 614 953 687 popularis
978 629 1100 674 ero,
1140 610 1191 662 &
1219 624 1398 660 rerum
1425 623 1541 678 pars
1572 624 1675 660 una
1702 619 1928 664 tuarum.

555 687 799 741 Tantum
824 704 890 739 ne
917 697 1139 745 noceat,
1173 678 1322 752 quod
1351 696 1438 732 me
1468 695 1570 732 nec
1597 679 1743 750 regia
1760 680 1904 750 Juno

561 759 697 813 Odit
714 799 728 822 ,
768 759 824 811 &
848 757 1019 810 omnis
1046 753 1187 808 abest
1207 751 1462 822 jussorum
1488 768 1663 823 poena
1688 752 1946 807 laborum.

552 832 691 885 Nam
717 829 867 902 quod
894 843 946 882 te
969 827 1125 898 jafras
1152 826 1416 879 Alcmena
1443 837 1613 878 matre
1639 838 1913 887 creatum;

556 903 806 973 juppiter
833 914 923 954 aut
948 900 1100 955 falsus
1123 912 1274 971 pater
1299 897 1400 960 est,
1439 910 1530 952 aut
1556 897 1779 951 crimine
1806 915 1977 954 verus,

447 994 509 1050 25
556 975 748 1030 Matris
771 973 1035 1027 adulterio
1062 986 1268 1046 patrem
1293 970 1447 1043 petis,
1486 970 1650 1041 elige,
1686 969 1873 1025 fielum

557 1046 679 1103 Esse
699 1047 892 1118 Jovem
920 1046 1094 1109 mali3‚
1134 1063 1198 1098 an
1225 1058 1278 1098 te
1306 1061 1402 1116 per
1429 1043 1667 1097 dedecus
1693 1057 1892 1099 ortum.

552 1121 708 1175 Talia
735 1120 1009 1174 dicentem
1032 1117 1347 1189 jamdudum
1372 1116 1572 1170 lumine
1599 1128 1759 1171 torvo

554 1192 797 1268 Speetat;
839 1192 893 1247 &
920 1192 1169 1247 accensae
1194 1208 1305 1245 non
1329 1188 1543 1244 fortiter
1566 1189 1793 1262 imperat
1819 1191 1953 1255 irae,

264 1399 418 1439 Alciden
435 1399 670 1438 nominatum
685 1425 694 1442 ‚
723 1395 847 1446 postea
870 1394 1050 1433 Herculem
1072 1395 1157 1433 dicit
1179 1393 1223 1431 ab
1234 1395 1312 1432 He-

260 1463 324 1497 ra,
350 1463 463 1502 quam
492 1451 679 1498 Junonein
713 1448 892 1491 dicimuS,
930 1446 1034 1496 quod
1054 1447 1130 1494 ejus
1151 1445 1312 1494 imperiis

261 1503 486 1551 opinionem
518 1502 732 1549 famamque
764 1498 906 1536 virtutis
927 1498 968 1535 fit
988 1497 1213 1535 consecutus.
1269 1498 1311 1536 ln

265 1553 368 1602 cujus
390 1552 504 1590 tutela
527 1552 684 1601 populus
701 1578 711 1593 ‚
731 1550 856 1587 Liberi
877 1549 967 1586 vites
982 1576 991 1592 ,
1021 1548 1176 1585 Veneris
1186 1555 1311 1587 autem

260 1612 417 1653 myrtus.
472 1602 616 1652 Phyfici
645 1601 847 1650 Herculem
876 1609 1021 1647 ternpus
1056 1599 1182 1637 dicunt
1204 1599 1314 1637 inter-

262 1663 468 1702 pretantes,
496 1653 658 1703 ideoque
677 1651 857 1701 populum
880 1651 913 1687 ei
933 1650 1094 1699 assignari
1111 1678 1120 1693 ‚
1148 1647 1315 1697 allegori-

262 1701 351 1747 cos,
379 1713 420 1743 ut
442 1705 528 1755 quia
555 1704 699 1742 bicolor
718 1702 782 1744 iit,
811 1710 928 1749 partes
947 1701 1125 1748 temporis
1148 1701 1313 1748 accipere

263 1754 461 1801 poffimus,
490 1755 527 1793 id
555 1755 627 1801 est,
654 1753 773 1792 noctis
792 1760 902 1801 atque
926 1751 1009 1789 diei.
1047 1752 1153 1788 Haec
1174 1750 1312 1791 Probus

262 1804 344 1844 Ecl.
366 1817 436 1843 vn.
466 1807 579 1843 C101=.

320 1867 375 1903 14.
404 1862 618 1905 Famamque
637 1851 835 1903 laborum]
865 1859 1113 1902 Summamque
1135 1853 1312 1892 Graevia-

261 1917 344 1946 nus.
376 1907 570 1956 eleganter.
602 1906 745 1943 Herus.
775 1904 833 1941 Sic
854 1904 950 1952 apud
973 1905 1114 1941 Lucan.
1135 1916 1170 1942 v.
1191 1904 1250 1943 26.

316 1957 350 1994 Si
357 1958 509 2002 fortuna
523 1957 618 2003 ferat
633 1985 643 2001 ,
672 1968 789 1992 rerum
812 1968 869 1992 nos
881 1956 1025 2003 summa
1038 1957 1214 2004 sequetur.

261 2007 339 2046 Ubi
358 2008 396 2045 in
418 2006 689 2057 Hamburgenfi
711 2005 841 2044 codice
870 2014 945 2044 erat
962 2033 972 2051 ,
989 2007 1105 2051 fama.
1119 2007 1156 2043 δε
1180 2006 1313 2046 Noster

262 2070 333 2097 ²11.
354 2058 435 2097 Art.
452 2070 538 2106 404.

313 2115 386 2146 Hoc
405 2119 531 2146 votum
550 2108 652 2157 nostri
664 2107 810 2158 summa
831 2106 955 2144 laboris
974 2106 1091 2146 habet.

260 2159 311 2197 Et
338 2160 389 2198 ibi
413 2161 520 2207 fama
558 2160 801 2198 Sarravianus.
837 2158 925 2196 Vid.
947 2158 994 2196 ad
1026 2158 1138 2208 Epist.
1158 2171 1230 2198 vn.
1258 2173 1313 2199 12.

263 2210 535 2250 Rumpimus.

315 2263 372 2299 16.
400 2262 527 2299 Cedere
543 2260 660 2311 dixi.]
689 2260 792 2297 Duxi
812 2272 896 2299 cum
920 2272 998 2298 uno
1019 2260 1191 2298 Strozzae
1206 2262 1287 2307 ,vel
1301 2290 1312 2306 ,

263 2312 399 2349 ducens.
454 2313 588 2351 Verius
606 2321 732 2350 tamen
754 2312 802 2349 est
833 2309 1004 2350 excidisse
1027 2313 1068 2347 τὸ
1091 2322 1210 2357 ratus,
1244 2325 1311 2362 pro

263 2374 342 2411 quo
363 2363 571 2412 subrepserit
603 2364 645 2400 τὸ
667 2362 768 2400 deum
787 2374 832 2400 ex
852 2363 1075 2400 interlineari
1096 2366 1311 2412 interpreta-

264 2414 382 2451 tione.
408 2423 448 2452 ut
469 2414 658 2452 Nasonem
682 2413 721 2451 fit
739 2425 829 2451 vero
848 2413 964 2451 simile
983 2411 1171 2462 scripsisse:

317 2469 453 2500 Contra
474 2478 527 2513 ego
549 2474 644 2514 turpe
672 2475 770 2502 ratus
792 2464 938 2502 mortali
957 2464 1090 2508 cedere,
1119 2463 1220 2501 dixi.-

267 2511 480 2551 Hmnsms.

263 2611 270 2617 .
321 2574 377 2608 17.
404 2565 595 2602 Dominum
617 2565 708 2614 me.]
747 2567 789 2603 ln
811 2578 900 2604 meo
929 2566 967 2603 ἃ
989 2564 1141 2604 Caelest.
1163 2579 1216 2602 me
1242 2579 1309 2604 nu-

266 2625 359 2650 men.
384 2613 549 2651 C10FAN.
604 2617 676 2652 Pro
698 2616 879 2654 dominum
909 2615 963 2653 me
984 2617 1090 2653 cernis
1110 2630 1308 2668 aquarum,

265 2663 375 2701 multi
396 2674 557 2708 veteres,
586 2678 726 2702 numen.
773 2667 930 2714 Neapol.
951 2669 1057 2715 prim.
1078 2667 1145 2705 sec.
1168 2668 1310 2706 Medic.

265 2714 305 2751 &
328 2713 404 2751 duo
425 2714 483 2751 alii
502 2727 587 2751 cum
609 2715 750 2751 Norico
764 2742 774 2758 ,
811 2730 939 2763 regem:
971 2718 1173 2766 quomodo
1184 2719 1310 2767 Virgi-

264 2763 319 2801 lio
345 2764 406 2801 lib.
433 2776 470 2802 x.
490 2765 576 2801 606.
608 2763 801 2812 fluviorum
829 2778 889 2801 rex
918 2767 1096 2804 Eridanus
1129 2770 1167 2806 δί
1189 2769 1255 2806 inf.
1277 2781 1312 2806 Χ.

2207 1262 2417 1324 Verba-

1366 1393 1440 1432 Hic
1469 1401 1596 1432 tamen
1631 1393 1872 1434 Lovanienfis
1901 1394 2036 1439 habet,
2073 1405 2190 1432 rerum
2208 1401 2289 1442 pars
2305 1395 2418 1444 privar¹
2472 1438 2473 1442 Ἰ

1365 1454 1522 1482 tuarum.
1549 1446 1652 1494 quod
1683 1447 1727 1484 ab
1759 1446 1914 1484 indocto
1941 1446 2087 1484 librario
2110 1446 2318 1494 proseptum
2342 1445 2413 1485 effe

1366 1497 1429 1533 vix
1453 1496 1599 1533 credere
1620 1496 1762 1545 poffurn
1778 1525 1788 1543 ,
1818 1498 1856 1535 &
1879 1498 2059 1546 aptiffime
2091 1497 2292 1534 convenire
2314 1509 2415 1545 prae-

1370 1546 1582 1585 cedentibus
1609 1547 1725 1593 inter‚
1754 1548 1841 1595 (vel
1861 1547 1959 1585 intra
1988 1557 2029 1586 ut
2053 1547 2160 1586 multi
2184 1546 2331 1585 codices
2352 1549 2415 1586 ha-

1372 1597 1487 1646 bent)
1515 1608 1579 1634 tua
1598 1611 1700 1648 regna
1712 1598 1892 1649 fluentum
1906 1628 1915 1642 ‚
1944 1599 2099 1637 videtur.
2127 1606 2167 1636 ut
2197 1598 2293 1636 dicat
2310 1598 2343 1636 se
2356 1608 2426 1636 to·-

1370 1656 1449 1686 tum
1481 1646 1551 1686 effe
1576 1650 1613 1686 in
1645 1661 1722 1698 ejus
1750 1661 1865 1698 regno
1897 1651 1935 1687 δε
1964 1650 2130 1688 ditione.
2150 1650 2188 1686 &
2208 1648 2312 1697 saepe
2325 1659 2426 1697 puto>
2471 1683 2473 1690 .

1369 1699 1465 1737 hanc
1489 1711 1624 1737 vocem
1645 1698 1664 1736 a
1686 1701 1834 1738 librariis
1858 1698 1960 1738 fuiffe
1982 1700 2160 1738 extrusam
2178 1727 2188 1744 ‚
2213 1701 2297 1747 quia
2311 1700 2418 1738 obso-

1367 1749 1476 1787 letior
1496 1750 1685 1788 immerito
1709 1751 1778 1789 visa
1800 1759 1898 1789 erat:
1925 1763 2002 1800 quo
2022 1750 2421 1789 colore&Harduinus
2470 1763 2473 1796 ζ

1369 1800 1413 1838 ad
1433 1801 1522 1838 Plin.
1542 1800 1701 1839 lib.vu1.
1718 1814 1772 1849 14.
1799 1814 1881 1840 earn
1908 1801 1929 1839 a
1946 1800 2118 1840 Salmafio
2134 1801 2327 1838 restitutam
2339 1813 2420 1840 non
2470 1822 2472 1832 v

1368 1850 1554 1895 admittit,
1588 1852 1648 1889 sed
1666 1852 1711 1890 de
1730 1865 1776 1890 eo
1797 1854 1883 1891 loco
1900 1853 1980 1902 jam
2015 1864 2095 1891 non
2113 1862 2232 1902 agam.
2259 1851 2307 1889 fic
2323 1851 2419 1901 apud

1367 1901 1496 1940 Manil.
1519 1913 1547 1939 1.
1569 1903 1623 1949 56.
1644 1902 1742 1940 rec'te
1762 1903 1938 1952 Scaliger:

1550 1954 1663 1989 Priva
1681 1964 1756 1989 rate
1773 1953 1934 2002 pellimus
1954 1967 2094 2004 aequor.

1367 2002 1571 2042 Reddenda
1609 2004 1648 2042 ὃ(
1684 2004 1806 2042 eidem
1846 2004 1906 2042 lib.
1943 2017 1973 2043 1.
2020 2005 2102 2051 761.
2131 2002 2195 2041 ubi
2227 2002 2341 2054 vulgo
2365 2003 2423 2043 le·-

1370 2063 1467 2103 gitur
1486 2068 1494 2092 :

1369 2205 1407 2244 ’[-ΐι
1428 2208 1692 2246 emendatione
1712 2208 1889 2256 emergit,
1910 2207 2035 2256 privis.
2063 2219 2148 2245 nam
2168 2207 2273 2255 saepe
2291 2205 2418 2258 glossa·

1366 2265 1469 2296 tores
1495 2259 1749 2307 explicuerunt
1784 2270 1848 2307 per
1878 2258 2031 2307 proprius
2043 2273 2055 2302 ;
2095 2259 2134 2295 ὅ(
2168 2258 2300 2297 librarii
2331 2270 2415 2307 cumy

1362 2309 1500 2397 pugnus
1530 2318 1821 2348 commutarunt.
1859 2309 1911 2347 ita
1939 2309 2036 2359 apud
2074 2310 2163 2347 Stat.
2203 2321 2257 2349 Χῖ.
2293 2309 2332 2349 T
2334 2310 2417 2349 heb.

1376 2371 1415 2409 15
1452 2389 1459 2398 .

1419 2417 1472 2449 Ire
1490 2411 1581 2450 ultro
1598 2411 1838 2463 propriamque
1862 2411 2016 2463 capessere
2027 2420 2196 2462 pugnam.

1366 2460 1422 2500 Ita
1452 2463 1647 2502 Gevartius
1680 2463 1794 2501 edidit
1814 2491 1824 2507 ,
1856 2463 1939 2501 cum
1973 2462 2237 2512 Lindenbrogii
2267 2462 2307 2500 Sc
2325 2461 2411 2500 aIia'e

1366 2512 1549 2552 editiones
1570 2514 1727 2553 habeant
1745 2512 1997 2564 primam;se'd
2015 2513 2212 2564 legendum
2229 2542 2239 2557 ,
2259 2513 2412 2563 privam,

1366 2564 1404 2601 &
1424 2564 1524 2602 idern
1548 2566 1597 2603 est
1625 2565 1731 2616 quod
1752 2565 1907 2612 Justinus
1924 2565 1986 2603 lib.
2010 2577 2130 2603 x11.2.
2156 2564 2266 2609 dicit,
2290 2563 2408 2613 priva-

1363 2623 1442 2651 tum
1451 2614 1656 2664 sibi-hostem
1675 2617 1851 2666 exposcere.
1871 2616 1967 2665 apud
1991 2615 2236 2654 Claudianum
2261 2624 2418 2665 quoque:

1363 2676 1424 2702 vr.
1446 2666 1558 2704 Cons.
1579 2668 1683 2705 Hon.
1704 2679 1763 2716 23.
1781 2668 1869 2705 loco
1890 2676 2033 2705 motam
2054 2667 2236 2714 suspicor:
2302 2681 2306 2685 ·

1419 2716 1558 2765 Imperii
1576 2715 1669 2761 fidus
1682 2717 1822 2766 propria
1842 2730 1920 2754 cum
1938 2717 2017 2764 sede
2039 2716 2183 2754 locavit.
2330 2744 2334 2748 -

1367 2765 1512 2804 codices
1545 2766 1653 2804 MSS.
1681 2778 1776 2814 quos
1813 2766 1986 2804 Heinfius
2018 2766 2221 2812 consuluit,
2241 2767 2407 2812 habent}

265 2815 525 2871 606.Pronepoqs
546 2827 599 2864 ego
621 2815 703 2863 regis
721 2826 907 2864 aquarum.
934 2814 1105 2862 fluentum
1134 2819 1246 2856 etiarn
1270 2832 1312 2857 u·-
1359 2816 1502 2866 prima;
1536 2816 1618 2866 lege
1636 2816 1755 2866 priva.
1783 2815 1831 2854 fic
1849 2828 1896 2854 11.
1919 2816 2039 2855 Rufin.
2063 2819 2122 2866 96.

259 2875 334 2903 ‘nus
363 2865 526 2904 Thuani.
553 2875 742 2914 vagantem
771 2868 878 2914 prim.
907 2867 1078 2906 Gronov.
1109 2869 1147 2906 &
1168 2869 1312 2908 Z'ulich.

264 2926 442 2954 meantem
461 2928 554 2954 unus
585 2916 755 2953 Ambros.
797 2917 945 2953 HEms.

318 2967 375 3005 18.
405 2973 498 3003 Inter
519 2966 612 3016 tua.]
639 2973 735 3011 Intra
756 2976 819 3002 tua
843 2967 897 3004 Pr.
917 2967 1040 3004 Vatic.
1068 2967 1195 3005 &tres
1215 2969 1287 3007 alii.

320 3029 377 3067 ¹3·
409 3018 529 3067 Hospes
548 3016 613 3054 tibi
631 3017 746 3066 miffus
765 3017 808 3053 ab
831 3015 937 3066 oris.]
991 3017 1032 3054 In
1059 3017 1197 3054 eodem
1222 3030 1309 3057 ineo

261 3069 492 3118 *transmiffun
507 3068 621 3118 -quod
638 3080 716 3105 non
739 3067 908 3114 displicet.
938 3067 1108 3106 Cxomw.
1145 3068 1187 3105 In
1206 3069 1308 3107 codi-

265 3131 308 3158 ce
330 3119 502 3159 Menardi
514 3128 589 3157 erat
604 3147 621 3164 ,.
634 3118 817 3155 venietibi
837 3116 963 3166 miffus.

317 3183 377 3209 20.
404 3176 531 3208 Rerum
559 3179 642 3220 pars
670 3182 742 3207 una
772 3168 966 3221 tuarum]
1020 3168 1139 3210 Sic&
1167 3168 1229 3210 lib.
1251 3182 1308 3212 11.

260 3223 345 3268 426.
1198 3219 1216 3226 ⁹

340 3272 518 3321 Comitum
540 3281 625 3323 pars
644 3284 717 3312 una
743 3281 901 3323 matun-19

1549 2869 1615 2904 Hic
1632 2866 1803 2904 thalamis
1818 2867 1965 2916 privum
1984 2868 2178 2917 genialibus
2199 2882 2305 2908 omen.

1368 2917 1446 2955 Ubi
1485 2918 1599 2956 etiam
1631 2918 1721 2962 alii,
1760 2918 1916 2967 primum
1959 2921 1995 2956 ὅ(
2020 2920 2195 2969 proprium
2225 2917 2406 2957 exhibent.

1368 2967 1597 3006 Germanico
1614 2980 1767 3018 quoque
1792 2969 2010 3008 restituenda
2040 2972 2080 3008 in.
2098 2971 2231 3008 Phaen.
2251 2967 2298 3004 vs.
2319 2977 2404 3016 337.

1418 3018 1531 3055 Sirion
1548 3018 1647 3056 huna
1659 3019 1761 3067 Graji
1777 3019 1850 3068 prio
1869 3021 1940 3067 sua
1972 3021 2110 3058 nomine
2128 3019 2257 3056 dicunt.

1366 3067 1442 3106 Ubi
1476 3069 1650 3113 Grotius,
1675 3069 1814 3118 patrio,
1852 3070 1910 3107 vel
1936 3073 2076 3121 proprio.
2101 3070 2204 3118 lege,
2219 3067 2321 3118 privo
2334 3065 2402 3116 sub

1365 3118 1513 3156 nomine.
1541 3120 1579 3156 ὃς
1599 3120 1695 3168 apud
1716 3120 1876 3169 Capitol.
1895 3123 2052 3160 Maxim.
2068 3120 2160 3167 Jun.
2179 3131 2256 3168 cap.
2280 3130 2314 3157 1.

1415 3169 1510 3206 Talis
1527 3180 1602 3206 erat
1618 3170 1763 3219 juvenis
1777 3171 1879 3221 privo
1889 3172 1957 3221 sub
1979 3171 2115 3208 nomine
2135 3169 2259 3206 clarus.

1423 2108 1526 2153 Qtae
1547 2104 1612 2155 nisi
1631 2100 1840 2153 eonstiterint
1855 2105 1999 2155 propriis
2016 2105 2179 2153 stendata
2204 2104 2390 2144 elementis.
2469 2093 2472 2107 ἶ

1371 2155 1415 2193 In
1437 2157 1628 2194 Gemblac.
1645 2156 1781 2194 &Sixii
1802 2156 1932 2194 codice
1953 2156 2001 2194 est
2015 2185 2025 2201 ‚
2049 2156 2196 2206 primis,
2225 2157 2324 2195 unde
2343 2154 2418 2196 cer&
2438 2182 2442 2187 ·

1365 3219 1424 3258 Sic
1448 3221 1487 3258 ὅ(
1504 3222 1602 3259 forte
1627 3221 1724 3270 apud
1744 3222 1924 3270 Quinciil.
1943 3223 2003 3260 lib.
2023 3235 2088 3260 111.
2106 3233 2136 3259 1.
2166 3219 2327 3257 inventio
2340 3230 2404 3256 au·
2462 3235 2464 3248 ·

1304 3301 1306 3303 -
1364 3280 1499 3322 fem&
1519 3270 1684 3327 dasposttiq
1706 3272 1904 3328 Rhetorices
1939 3273 2054 3324 priva.
2080 3271 2193 3319 videri
2203 3269 2316 3322 potest.
2343 3269 2402 3306 ubi
2462 3279 2463 3310 }

2344 3316 2463 3358 ahi}
