2483 3616
158 136 292 187 1054

623 113 683 170 P.
760 106 1183 169 OVIDII
1256 109 1786 170 NASONIS

447 217 700 281 Perdite,
739 217 879 287 siqua
907 223 1121 267 nocent.
1161 227 1350 264 verum
1377 212 1509 266 haec
1533 232 1752 289 quoque
1778 212 1990 288 perdite
2019 222 2242 271 tantum

450 293 561 347 Ora
587 303 776 345 vacent
806 286 973 358 epulis
999 302 1011 337 ε
1051 284 1406 355 alimentaque
1432 301 1670 356 congrua
1694 302 1927 361 carpant.

586 379 778 424 ΓΑΒ.

851 372 1109 423 XLIV.
1181 371 1887 424 ARGUMENTUM.

736 457 906 521 Egeria
929 456 976 502 in
1000 454 1166 503 vallem
1194 452 1435 500 Aricinam
1457 451 1499 499 se
1523 451 1723 500 confert.

229 542 389 607 Egeria
405 537 496 602 post
515 546 688 585 mortem
711 540 863 585 mariti
885 539 1063 584 IVumcze
1085 540 1130 582 in
1155 538 1311 582 vallem
1335 538 1562 582 Aricinam
1588 539 1604 558 ³
1622 536 1674 596 se
1696 539 1871 583 contulit
1894 540 2044 601 lugens.

453 618 780 755 TAlibus
807 631 967 690 atque
993 617 1102 671 aliis
1128 612 1384 670 instru6³m
1408 613 1627 687 pediooe
1656 615 1808 670 dietis

311 694 413 765 480
602 693 658 747 In
687 692 909 763 patriam
936 687 1188 745 remeasse
1215 688 1423 752 ferunt3
1463 691 1717 761 ultroque
1742 689 1975 762 petitum

458 765 740 838 Accepisse
767 765 1002 818 Numam
1029 763 1212 835 populi
1243 761 1467 815 Latialis
1495 761 1742 816 habenas.

453 838 701 909 Coniuge
727 838 820 910 qui
846 837 975 891 felix
1000 834 1280 908 Nympha,
1319 834 1652 908 ducibusque
1679 834 1961 898 Cameni5‚

459 911 737 965 Sacrificos
763 910 952 964 docuit
977 909 1143 971 ritus;
1187 920 1516 980 gentemque
1541 908 1712 962 feroci

442 982 756 1038 -Adsuetam
783 983 923 1038 bello
949 983 1091 1055 pacis
1117 981 1354 1035 traduxit
1380 982 1447 1034 ad
1476 993 1634 1036 artes.
2065 1053 2077 1064 ⁶

315 1056 417 1125 485
457 1055 2135 1184 ssssissnssffffifflesessfflffissm“²325Sffvssssnqssitseesfeiss‘'

458 1146 1050 1257 Deflexre1·e'Nu1nam.q
1063 1219 1186 1256 nam
1212 1145 1418 1271 consui(³
1440 1144 1571 1254 uprbe
1598 1145 1780 1256 regliei'a
1975 1146 2012 1202 q
2092 1166 2112 1192 ³

463 1273 629 1330 Vallis
658 1275 910 1329 Aricinae
939 1274 1111 1329 denfis
1141 1277 1267 1328 latet
1294 1273 1474 1326 abdita
1500 1272 1634 1327 silvis
1659 1293 1670 1328 ε

466 1347 732 1418 Sacraque
759 1348 1012 1402 Oresteae
1038 1348 1243 1420 gemitu
1269 1345 1564 1419 questuque
1592 1346 1798 1402 Dianae

319 1437 423 1492 490
459 1419 705 1493 Impedit.
747 1420 810 1475 ah
837 1422 1051 1494 quoties
1079 1419 1362 1493 Nymphae
1387 1420 1730 1493 nemorisque
1754 1422 2037 1495 lacusque,

226 1586 294 1621 An
312 1583 516 1629 cumfratre
539 1595 643 1631 vagos
664 1582 806 1620 dumeta
823 1590 882 1631 per
904 1582 993 1619 avia
1010 1594 1125 1619 cervos

227 1634 435 1672 circumdas
456 1634 601 1670 maculis
616 1661 626 1678 ,
650 1646 693 1672 c?
715 1634 832 1671 multa
849 1633 1013 1682 indagine
1030 1633 1188 1682 pinnae?

178 1685 265 1724 inde
293 1685 481 1733 pinnatum
510 1683 780 1732 instrumentum
809 1684 849 1721 in
864 1685 953 1731 fune
978 1683 1028 1721 ad
1050 1683 1228 1721 terrendas

2247 1494 2334 1550 Ne

1282 1593 1375 1618 vere.
1404 1588 1544 1618 Numae
1565 1595 1651 1620 nam
1669 1584 1794 1633 conjux
1816 1592 1889 1623 eye.
1915 1580 2079 1632 deflevere
2092 1579 2201 1632 simul
2222 1585 2336 1623 etiam

1284 1632 1434 1669 volebat
1456 1633 1630 1671 Heinsius
1649 1635 1753 1672 olim.

1336 1683 1422 1731 489.
1451 1683 1601 1731 Oresteae
1632 1684 1809 1733 Dianae]
1839 1684 2029 1723 Pausanias
2050 1684 2164 1730 dicit,
2199 1686 2339 1730 ritum,

171 1738 270 1783 feras
289 1736 417 1773 Servio
439 1734 528 1772 ΖΕΗ.
550 1747 622 1772 xix.
643 1736 679 1773 ὃ(
701 1736 840 1773 lemma
862 1737 899 1773 in
919 1735 1075 1784 antiquo
1097 1734 1228 1772 codice
1285 1745 1363 1784 quo
1398 1733 1484 1771 ante
1521 1736 1689 1773 'numano
1726 1736 1900 1784 sanguine
1926 1735 2188 1773 sacrificabatur
2217 1736 2306 1774 deae
2327 1763 2339 1780 ,

181 1787 298 1824 Gratii
313 1813 323 1829 ,
354 1792 406 1822 De
421 1786 578 1835 pinnatis
605 1785 830 1832 conficiendis.
855 1787 904 1824 ita
928 1787 966 1823 &
985 1786 1083 1834 apud
1104 1786 1230 1834 Virgi-
1286 1785 1410 1834 postea
1432 1784 1451 1821 a
1482 1786 1658 1836 Lycurgo
1685 1786 1863 1824 sublatum
1895 1787 1932 1824 &
1952 1798 2020 1835 pro
2042 1799 2088 1824 eo
2107 1786 2310 1824 institutum
2328 1814 2340 1832 ,

180 1838 272 1876 lium
293 1837 344 1874 bis
367 1837 476 1883 longe
496 1838 683 1875 veterrimi
703 1837 778 1875 duo
801 1837 946 1875 codices
961 1865 972 1881 ‚
1000 1837 1090 1874 alter
1107 1837 1233 1874 Medi-

184 1899 269 1925 ceus
290 1915 300 1930 ,
340 1887 541 1924 Vaticanus
571 1888 660 1925 alter
681 1916 690 1932 ‚
728 1888 839 1926 literis
866 1888 1069 1926 uncialibus
1090 1888 1233 1936 scripti,

183 1937 353 1975 puniceae
365 1936 559 1982 formidine
573 1938 700 1985 pinnae
724 1940 864 1988 Georg.
886 1952 950 1976 111.
974 1940 1012 1976 &
1036 1939 1133 1987 apud
1157 1940 1234 1977 Lu-

184 2000 319 2025 canum
346 1987 473 2035 scripta
502 1988 736 2036 exemplaria.
764 2002 830 2037 pro
849 1989 1055 2035 formidatis
1088 1990 1236 2037 plurimi

186 2038 356 2081 codices,
382 2036 624 2081 formidantes.
654 2039 788 2083 Forte,
806 2040 1060 2086 formidandis.
1088 2041 1237 2077 Herus.

187 2090 270 2128 Nos
293 2088 461 2125 includite
478 2088 729 2136 praetulimus.
756 2089 802 2126 de
823 2091 952 2137 pennis
973 2091 1033 2128 vel
1052 2090 1170 2139 pinnis
1180 2092 1235 2128 his

190 2140 394 2187 vid.Juret.
418 2139 462 2176 ad
486 2139 700 2188 Symmach.
719 2152 747 2176 1.
774 2140 842 2188 Ep.
866 2151 925 2185 47.

237 2191 325 2236 478.
350 2189 602 2238 Alimentaque
616 2203 762 2238 congrua
775 2189 951 2240 carpant]
966 2189 1067 2227 Libri
1079 2199 1237 2235 veteres,

189 2242 445 2291 Alimentaque
466 2240 569 2278 mitia
592 2250 747 2288 carpant.
778 2242 950 2279 CroFAN.
985 2241 1096 2278 Micia
1109 2253 1240 2280 omnes

191 2301 332 2341 praeter
362 2293 469 2339 prim.
497 2292 617 2329 Vatic.
647 2294 686 2329 δε
714 2293 880 2342 quinque
912 2292 1014 2330 alios.
1042 2293 1242 2342 quomodo

192 2344 326 2381 Noster
351 2343 456 2391 saepe
483 2342 579 2380 alibi.
605 2342 657 2380 nil
677 2352 784 2381 muto
797 2353 936 2382 tamen.
964 2344 1242 2382 Meminienim

195 2407 380 2442 congruum
399 2394 596 2442 firmonem
625 2406 778 2444 quoque
801 2395 900 2444 apud
922 2395 1094 2434 Plautum
1112 2407 1245 2434 occur-

193 2456 284 2483 rere.
312 2446 425 2483 Rutil.
449 2458 476 2483 x.
499 2445 584 2483 Itin.

248 2495 410 2542 Tristibus
428 2496 556 2544 excepit
574 2509 720 2545 congrua
730 2497 815 2543 fata
835 2497 914 2536 reis.

197 2546 384 2584 Catalee’ca
403 2547 549 2584 Pithoei
567 2559 646 2596 pag.
673 2560 758 2596 159.

251 2602 412 2644 Congrua
423 2611 515 2634 nunc
524 2599 648 2634 tardus
657 2598 925 2649 diffundatjura
935 2599 1141 2648 ministerH
1149 2614 1250 2639 εῐΝε.

255 2653 271 2671 ³
296 2652 333 2681 Se
355 2648 538 2697 contulit.]
569 2655 686 2686 Secum
712 2649 798 2686 tulit
816 2651 934 2689 Parm.
953 2653 1015 2702 qui
1040 2653 1187 2690 titulum
1212 2654 1251 2690 &

203 2706 462 2785 aliigumentlum
482 2698 617 2738 eodem
632 2702 806 2751 exemplo
826 2703 988 2749 exhibet,
1008 2703 1075 2741 nisi
1085 2704 1189 2753 quod
1212 2705 1251 2742 in

207 2759 218 2784 1
247 2759 271 2784 Ο
292 2756 393 2783 contu
410 2757 449 2784 lt.

259 2796 344 2843 484.
373 2797 584 2847 Traduxit]
624 2802 784 2839 Deduxit
813 2816 919 2842 unus.
951 2804 1146 2854 transmisit
1178 2807 1255 2844 Va-

209 2849 271 2886 tic.
289 2848 357 2885 sec.
378 2848 533 2884 traducit
552 2850 651 2886 ococo.
678 2854 842 2889 traduxit
861 2854 1018 2901 in'usum
1031 2868 1123 2892 unus
1136 2857 1258 2894 Hein-

212 2898 263 2937 fii.
288 2908 491 2948 gentemque
502 2900 648 2943 ferocem
670 2912 774 2938 unus.
800 2908 986 2950 profanam
1008 2905 1106 2942 alius.
1126 2909 1260 2955 consue-

213 2960 291 2988 tam
312 2951 423 2987 etiam
444 2950 532 2987 duo.

265 3001 349 3049 485.
379 3001 453 3047 (Qui
469 3000 645 3050 postquam
657 3000 807 3050 senior.]
835 3004 950 3049 Qem
970 3003 1179 3054 Cantabrig.
1201 3007 1263 3045 sed

213 3059 294 3089 tum
317 3051 453 3099 postea,
476 3063 543 3099 pro
559 3050 732 3101 Deflevere
747 3058 921 3097 Numam,
943 3054 1093 3101 refinge,
1107 3054 1263 3104 Defleve-

218 3116 259 3143 re,
283 3103 434 3146 virum,
484 3113 569 3139 nam
602 3104 642 3137 τὶ
670 3109 830 3139 Numam
852 3131 863 3148 ,
910 3104 1013 3152 quod
1048 3106 1157 3152 paulo
1195 3119 1259 3144 an-

217 3160 255 3189 te
286 3151 540 3199 praecesserat,
570 3161 629 3189 aut
655 3165 698 3190 ex
727 3153 940 3202 glossemate
972 3155 1193 3194 interlineari
1212 3159 1260 3195 ir-

219 3203 348 3248 repsit,
375 3213 436 3241 aut
462 3216 506 3240 ex
536 3204 720 3252 geminata
752 3216 939 3252 perperam
977 3206 1143 3255 sequenti
1165 3220 1262 3246 voce

218 3264 303 3289 nam
323 3255 522 3293 conflatum
547 3255 606 3292 est.
634 3255 777 3294 Heius.
805 3255 917 3295 Forte
938 3256 1136 3307 scripserit,
1164 3258 1266 3310 defle-

1289 1845 1330 1873 ut
1356 1835 1604 1874 adolescentes
1626 1838 1833 1876 verberibus
1854 1839 1891 1875 in
1913 1838 2043 1875 eadem
2064 1849 2122 1875 ara
2144 1836 2342 1874 caederen-

1290 1894 1371 1931 tur,
1403 1888 1500 1924 unde
1522 1889 1643 1936 postea
1669 1888 2063 1937 Βωμσνῐκαιαρρεᾘῡιῐί,
2091 1887 2342 1936 quisufferen-

1292 1938 1345 1976 dis
1363 1938 1522 1987 pluribus
1543 1940 1736 1978 verberum
1756 1940 1886 1977 ictibus
1906 1936 2081 1974 viciffent.
2126 1938 2185 1973 De
2208 1949 2281 1985 qua
2299 1950 2338 1976 re

1292 1991 1330 2026 δε
1351 1989 1452 2027 Serv.
1472 1992 1666 2028 annotavit
1687 1992 1724 2027 in
1745 2002 1813 2027 vn.
1841 1987 1992 2026 AEneid.
2022 1987 2092 2024 Sed
2108 1987 2172 2025 hic
2196 1988 2342 2028 Dianae

1292 2040 1552 2079 simulachrum
1585 2042 1765 2089 principio
1785 2041 1822 2078 in
1846 2039 1983 2076 Italiam
2001 2067 2012 2082 ,
2036 2038 2122 2076 inde
2143 2039 2280 2077 rursum
2304 2042 2344 2078 in

1293 2091 1503 2127 Laconiam
1534 2091 1769 2139 deportatum
1797 2090 1894 2127 dicit.
1952 2089 2191 2127 Athenienses
2216 2099 2343 2129 autem

1294 2141 1406 2177 etiam
1435 2141 1661 2179 Brauronem
1688 2168 1698 2185 ‚
1744 2145 1848 2190 quod
1878 2140 2025 2179 Atticae
2052 2140 2232 2188 oppidum
2265 2142 2314 2179 est
2333 2170 2347 2188 ,

1296 2191 1511 2228 translatum
1540 2192 1731 2230 tradidere.
1777 2191 1845 2229 Sed
1866 2191 1912 2230 de
1933 2192 2002 2229 hac
2023 2203 2061 2229 re
2081 2190 2234 2240 copiose
2252 2191 2348 2232 Pau-

1297 2239 1409 2278 sanias
1427 2242 1464 2279 in
1487 2243 1682 2280 Laconicis
1724 2243 1900 2280 Micrtt.

1351 2304 1435 2339 490.
1466 2293 1652 2344 Impedit.]
1686 2295 1824 2342 impetit
1847 2293 2018 2331 Cantabr.

1351 2355 1436 2389 492.
1464 2344 1645 2381 Dixerunt
1666 2349 1681 2381 !
1710 2346 1838 2393 quoties
1851 2344 2120 2394 flentiThese'ius
2136 2344 2245 2391 heros,
2269 2346 2349 2392 Siste

1301 2394 1445 2430 modum
1465 2423 1476 2439 ‚
1515 2395 1608 2432 dixit
1621 2394 1665 2444 J]
1697 2396 1875 2432 Dixerunt
1897 2400 1913 2432 !
1948 2395 1996 2432 ah
2018 2396 2146 2440 quoties
2167 2396 2352 2436 Barberin.

1302 2445 1431 2494 Lege,
1470 2446 1600 2483 Dixere
1617 2450 1633 2482 !
1660 2447 1707 2482 ah
1731 2447 1870 2496 quoties.
1898 2446 2067 2490 Deinde,
2099 2459 2164 2495 pro
2182 2448 2261 2495 Siste
2281 2462 2356 2485 mo-

1306 2497 1412 2540 dum,
1441 2498 1545 2545 quod
1567 2498 1741 2535 Latinum
1778 2499 1837 2534 vix
1872 2497 1942 2542 est,
1971 2509 2137 2544 repono,
2165 2499 2217 2535 Sit
2233 2499 2355 2535 modus

1309 2546 1349 2591 ὂ,
1378 2548 1482 2584 dixit.
1511 2548 1621 2586 Certe
1639 2548 1965 2592 Zuhchemianus,
1994 2547 2073 2595 Siste
2094 2549 2204 2588 modo.
2241 2550 2354 2593 Vale--¹

1307 2598 1378 2635 rius
1399 2599 1547 2637 Flaccus
1566 2600 1657 2637 libro
1680 2611 1732 2636 xv.
1747 2599 1800 2641 ybs.
1819 2610 1902 2646 474.

1364 2655 1474 2700 Teque
1487 2678 1495 2689 .
1524 2650 1592 2695 ait,
1602 2649 1735 2698 injusti,
1749 2663 1835 2697 quae
1848 2663 1940 2687 nnnc
1949 2650 2088 2698 premis,
2099 2650 2154 2686 ira
2166 2647 2333 2685 Tonantis
2343 2676 2354 2695 ,

1363 2706 1463 2738 Ante
1476 2709 1616 2750 precor,
1645 2700 1773 2747 nostrae
1793 2702 1936 2737 tandem
1952 2702 2032 2750 jam
2048 2710 2147 2748 parce
2156 2700 2321 2747 seneciae.

1360 2752 1413 2789 sit
1422 2751 1553 2789 modus.
1565 2753 1686 2799 &fore
1698 2752 1792 2788 credo
1801 2752 2055 2800 equidemnam
2065 2749 2177 2795 vestra
2190 2750 2356 2788 voluntas

1364 2803 1465 2852 Qid
1478 2831 1488 2847 ‚
1509 2804 1655 2852 juvenes
1670 2832 1678 2845 ‚
1699 2802 1773 2851 fine
1789 2816 1866 2841 ,rate
1885 2799 2029 2836 Decime

1312 2854 1361 2893 sic
1380 2854 1555 2891 scribendi
1576 2855 1631 2891 isti
1655 2853 1782 2889 versus.
1810 2851 1924 2888 Paulo
1944 2850 2023 2898 post
2046 2850 2136 2888 vers.
2156 2850 2242 2900 485.
2260 2851 2358 2901 apud

1316 2904 1477 2942 eundem
1499 2916 1660 2952 repone,

1367 2955 1420 2990 Sic
1440 2954 1493 2990 ait
1507 2983 1516 2997 ,
1545 2953 1688 3000 &fatis
1701 2953 1779 3001 jam
1796 2953 1875 2999 jam
1900 2951 2093 2988 cedentibus
2113 2965 2227 2989 omnes

1372 3004 1513 3053 Impulit
1526 3032 1537 3048 ,
1565 3016 1607 3043 ey
1625 3004 1720 3039 dirae
1736 3003 1921 3039 commovit
1939 3003 2088 3050 imagine
2101 3012 2238 3051 poenae.

1319 3055 1414 3092 bene
1439 3055 1550 3092 etiam
1574 3066 1664 3092 unus
1685 3053 1879 3091 Vossianus
1894 3081 1903 3097 ‚
1932 3052 2047 3098 flendi.

1493 3105 1541 3141 ah
1559 3104 1687 3153 quoties
1700 3131 1711 3147 ,
1729 3103 1844 3154 flendi
1857 3132 1867 3150 ‚
1897 3105 2050 3153 Theseius
2069 3103 2186 3150 heros,

1372 3158 1423 3194 Sit
1446 3156 1588 3200 modus,
1618 3156 1634 3191 ὃ
1654 3155 1760 3193 dixit.

1321 3207 1402 3246 Art.
1423 3207 1515 3243 Ani.
1534 3219 1578 3244 11.
1600 3219 1660 3254 25.

1373 3258 1424 3296 Sit
1449 3258 1571 3296 modus
1590 3258 1691 3296 exilio
1705 3285 1716 3304 ‚
1743 3255 1861 3305 dixit,
1883 3257 2059 3307 justiffime
2083 3256 2211 3296 Minos.
2287 3307 2309 3346 S

2311 3314 2374 3346 tat.
