2483 3616
346 148 1557 225 MET‘AMORPH'OSEON
1629 151 1773 209 Lm·
1844 155 1900 213 11.

2116 179 2181 227 97

343 266 476 324 Vox
496 278 613 317 mea
636 255 770 313 facia
794 256 886 311 tuit
908 255 997 311 est.
1036 255 1240 318 utinam
1265 249 1511 326 promissa
1543 251 1729 309 liceret

347 338 474 394 Non
494 333 649 388 dare!
690 330 955 386 confiteor
978 328 1149 384 solum
1175 328 1281 382 hoc
1307 324 1439 388 tibi,
1467 337 1589 378 nate
1607 369 1619 388 ,
1658 345 1926 400 negarem

266 432 269 445 =
342 406 658 465 Dissuadere
681 404 824 458 11661.
863 419 973 457 11011
999 400 1074 455 est
1097 412 1188 455 tua
1210 411 1327 453 tuta
1351 397 1611 452 voluntas,

343 480 546 552 Magna
568 477 736 552 petis,
771 474 1081 536 Phaethom
1123 473 1178 527 &
1202 489 1338 546 quae
1361 488 1463 525 nec
1487 469 1684 525 viribus
1709 471 1815 526 istis

235 562 303 627 ‘55
341 552 575 609 Munera
597 549 917 605 conveniant
933 587 949 612 ‚
988 564 1088 601 nec
1115 560 1224 600 tam
1247 542 1534 616 puerilibus
1558 542 1721 597 annis.

342 626 466 682 Sors
490 636 579 678 tua
605 622 866 679 mortalis:
907 637 1015 675 non
1039 618 1114 674 est
1138 618 1363 672 mortale
1390 614 1541 689 quod
1569 628 1736 687 optas.

340 699 467 754 Plus
490 698 680 759 etiam,
717 711 877 767 quam
901 692 1050 765 quod
1077 691 1290 763 Superis
1316 689 1633 759 contingere
1658 687 1732 744 fas
1759 688 1849 754 fit5

340 770 562 826 Nescius
585 767 830 822 adfectas.
870 767 1070 837 placeat
1096 763 1187 817 fibi
1212 764 1436 835 quisque
1463 760 1676 823 licebit;

340 843 470 897 Non
489 854 671 896 tamen
695 838 925 910 ignifero
953 838 1233 908 quisquam
1262 833 1542 888 confistere
1565 833 1621 886 in
1646 850 1745 887 axe

228 921 304 972 60
340 914 442 970 Me
457 914 602 969 valet
628 922 872 982 excepto.
907 908 1034 964 vasti
1057 925 1275 980 quoque
1303 906 1478 959 166101·
1519 904 1770 975 Olympi,

341 987 456 1058 Qui
481 987 590 1040 fera
617 982 835 1039 terribili
854 981 1110 1051 jaculatur
1133 978 1356 1033 fulmina
1382 976 1599 1037 dextra,

342 1060 473 1115 Non
498 1069 616 1128 agat
640 1056 737 1109 hos
761 1070 959 1107 currus.
999 1052 1056 1106 &
1077 1051 1210 1124 quid
1230 1050 1367 1120 Jove
1395 1047 1558 1117 majus
1582 1046 1866 1105 habemus?

346 1131 535 1186 Ardua
557 1128 725 1199 prima
747 1127 830 1180 via
854 1125 956 1180 est:
998 1123 1053 1178 &
1076 1126 1183 1196 quii
1206 1123 1299 1177 vix
1322 1138 1479 1175 mane
1503 1132 1747 1174 recentes

345 1202 633 1258 Enitantur
657 1198 809 1270 equi:
848 1197 1033 1255 medio
1057 1196 1134 1254 est
1155 1194 1398 1248 altiffima
1425 1191 1612 1256 6061οὲ

48 1423 116 1513 ila:
143 1421 208 1469 est„
243 1425 306 1459 aut
330 1427 399 1471 par
421 1419 482 1469 fit.
511 1417 560 1456 fic
579 1416 774 1455 Lucretius
802 1416 1025 1467 frequenter.
1047 1423 1090 1453 ut

102 1501 110 1512 .
136 1483 189 1510 ιν.
215 1483 320 1518 1177.

102 1534 342 1585 stultitiaeque
362 1534 410 1571 ibi
422 1534 460 1584 fi'
480 1532 805 1583 dumnet‚tribuiffe
826 1533 915 1583 quod
935 1531 988 1569 illi

105 1586 189 1624 Plus
208 1586 329 1623 videat
342 1614 352 1630 ,
378 1599 486 1636 quam
508 1583 650 1621 mortali
670 1584 841 1621 concedere
853 1593 920 1633 par
938 1582 993 1630 est,

53 1649 265 1693 Hmusxus.
292 1647 389 1684 Mihi
400 1648 462 1693 fas
476 1645 525 1695 sit
544 1645 774 1695 placet'‚quo
795 1653 946 1683 utuntur
964 1645 1091 1694 paffim

51 1699 215 1748 optimae
241 1697 444 1734 Latinitatis
465 1695 661 1739 auctorest,
696 1707 762 1743 pro
796 1697 941 1733 Graeco
963 1696 1094 1732 ἀδυνά-

52 1761 129 1795 τῳ,
156 1747 258 1797 quod
279 1748 378 1784 aliter
395 1747 457 1784 vix
480 1747 527 1783 est
549 1746 763 1794 exprimere.
790 1745 979 1794 impqffibile
989 1745 1089 1781 enim

51 1798 240 1836 deterioris
262 1805 373 1835 notae
394 1809 469 1834 vox
491 1797 550 1834 est.
580 1796 635 1833 Ita
656 1795 757 1833 Acro
781 1795 819 1833 &
841 1795 1016 1846 Porphyr.
1046 1794 1089 1832 il-

51 1848 115 1888 lud
135 1848 283 1886 Horatii
303 1847 362 1885 lib.
383 1859 428 1885 11.
450 1847 524 1884 Od.
553 1859 608 1896 19.

101 1919 171 1952 ,Fas
184 1912 372 1962 pervicaces
394 1910 437 1958 est
455 1909 544 1948 mihi
565 1909 738 1959 Thyiadas

103 1969 271 2002 Canture.

47 2021 100 2060 Et
120 2023 370 2072 explicavi-as
382 2038 448 2062 non
459 2022 630 2074 fignificat
649 2035 740 2061 nunc
750 2021 827 2060 licet
839 2022 919 2072 ‚sed
931 2021 1087 2072 poffibile.

52 2071 102 2109 Et
117 2072 178 2111 lib.
201 2086 256 2112 ιν.
278 2075 355 2112 Od.
379 2086 434 2112 1v.

109 2129 178 2177 Nec
189 2124 276 2171 ftire
295 2126 350 2168 fas
369 2125 411 2171 est
430 2125 558 2161 omnia.

51 2169 131 2225 Ubi
160 2174 244 2211 vide
276 2175 512 2213 Lambinum.
552 2175 608 2213 Ita
638 2174 704 2211 inf.
736 2185 817 2211 vers
854 2173 935 2221 189.
973 2173 1084 2210 etiam

53 2219 203 2268 quidam
223 2224 385 2262 codices:

108 2275 175 2306 Fas
195 2281 270 2306 tum
290 2275 473 2323 contingere
494 2290 562 2313 non
580 2274 633 2322 est.

52 2320 181 2375 Quznn
211 2319 407 2360 leobio-nem
428 2336 472 2361 ex
492 2327 566 2363 hoc
584 2326 670 2362 loco
692 2323 824 2362 scribae
848 2324 1079 2363 effinxerunt.

51 2369 188 2423 &hinc
199 2370 306 2407 toties
325 2370 382 2407 illa
395 2373 549 2410 formula
562 2374 610 2423 ,fi
629 2374 703 2410 licet
715 2377 822 2422 &fas
842 2376 895 2423 est.
922 2388 989 2424 pro
1012 2387 1084 2424 qua

50 2417 141 2473 dixit
152 2419 306 2457 Noster:
361 2423 443 2468 Qu
462 2422 536 2458 licet
557 2435 599 2462 cu
614 2424 752 2471 possum.
780 2426 846 2473 Ep.
882 2438 960 2464 xvx.
997 2438 1084 2475 235.

45 2467 134 2511 ‚vide
157 2480 246 2505 mox
267 2469 312 2506 ad
334 2482 411 2508 vers
439 2483 518 2519 105.
538 2472 791 2509 BURMANNUS.

99 2530 159 2566 59.
187 2518 407 2568 Conststere.]
437 2520 611 2570 Confidere
638 2533 730 2558 unus
762 2523 911 2561 Heinfii
935 2526 974 2561 8<
996 2525 1084 2562 Lei-

49 2566 163 2605 denfis
185 2579 251 2616 pro
269 2570 367 2607 varia
386 2569 556 2619 letstione.
582 2571 642 2608 sed
663 2570 790 2609 stetiffe
812 2573 850 2610 in
870 2585 975 2611 curru
987 2581 1086 2622 patet

49 2628 96 2654 ex
117 2630 208 2656 vers.
235 2631 314 2664 151.

97 2667 156 2721 61.
190 2669 387 2725 Fulmina]
409 2670 541 2719 Spicula
563 2669 681 2708 codex
693 2671 876 2708 Menardi.
898 2673 1081 2720 itapaffim

49 2716 117 2755 tela
138 2719 244 2764 Jovzs
262 2727 398 2765 vocant
420 2723 555 2759 Poetae
576 2721 742 2760 fulmina.
770 2722 1078 2760 Noster11.Trist.

53 2777 136 2816 179.

100 2824 205 2855 Parce
220 2828 356 2867 precor,
371 2820 571 2871 fulmenque
590 2831 692 2859 tuum
707 2824 800 2868 ‚fera
823 2822 890 2858 tela
905 2850 914 2866 ‚
938 2825 1084 2861 reconde.

100 2869 163 2904 62.
195 2874 241 2924 Et
261 2870 344 2919 quid
365 2871 460 2915 Jove
481 2872 594 2920 majus
616 2871 799 2921 habetur.]
831 2884 874 2909 11.
897 2872 1004 2909 Trist.
1027 2884 1085 2921 37„

101 2917 194 2961 Jure
214 2920 318 2966 zgitur
330 2948 342 2964 ,
350 2921 544 2970 genitorque
556 2922 671 2958 Deum
684 2950 696 2966 ‚
709 2924 879 2971 reflorque
899 2933 1057 2959 vocatur.

155 2968 246 3012 Jure
266 2978 371 3017 capax
393 2972 543 3006 mundus
564 2972 614 3007 nil
634 2972 730 3017 Jove
750 2973 863 3019 majus
885 2972 996 3010 habet.

56 3014 270 3057 emi-mss.
295 3020 490 3065 Meliores,
518 3020 689 3058 habemus.
720 3022 757 3058 in
783 3021 977 3059 Tristibus:

79 3113 85 3119 Ι
109 3067 225 3113 Majus
243 3070 333 3116 apud
353 3071 491 3118 'frojam
504 3072 594 3117 sorti
617 3072 700 3121 quid
723 3071 883 3108 habemus
896 3072 1059 3110 Achille?

55 3112 173 3152 Iidem
197 3143 207 3158 ‚
241 3129 319 3164 agat
339 3147 352 3163 ,
386 3131 454 3167 pro
485 3130 559 3167 aget
603 3134 730 3157 currus.
786 3122 988 3160 Hmusms.
1041 3124 1085 3161 In

56 3163 236 3201 nonnullis
257 3167 380 3212 est,z9u
397 3171 472 3222 quis
491 3171 596 3217 Jove.
614 3172 652 3210 &
672 3181 769 3221 reget,
799 3172 1003 3222 cogitabam
1026 3174 1089 3212 ali-

55 3213 209 3262 quando
226 3227 234 3251 ε

105 3267 200 3312 Tem.
224 3269 268 3301 ΙΙ,

2024 1263 2186 1323 Unde

1145 1419 1165 1426 ‘'
1195 1421 1278 1454 Non
1299 1425 1387 1466 reget
1408 1415 1472 1453 has
1492 1425 1613 1451 currus
1632 1413 1646 1459 ζ
1680 1414 1726 1453 <³5⁹
1746 1412 1821 1464 quis
1842 1411 1939 1458 Jove
1962 1412 2071 1463 major
2085 1440 2097 1458 ,
2121 1414 2191 1460 ha{

1319 1468 1432 1505 benus.
2178 1464 2179 1468 ’

1146 1518 1216 1556 Sed
1239 1520 1278 1556 &
1298 1519 1446 1567 vulgata
1466 1516 1564 1554 resta
1585 1515 1642 1553 est.
1670 1526 1756 1554 nam
1789 1528 1884 1564 agere
1915 1525 2061 1552 currum
2093 1515 2190 1552 infra

1144 1580 1296 1618 quoque
1318 1569 1415 1607 dicit.
1439 1580 1522 1617 390.
1552 1567 1638 1604 vide
1658 1566 1778 1604 Barth.
1800 1565 1845 1602 ad
1867 1578 1920 1603 vx.
1947 1565 2069 1603 Theb.
2104 1566 2188 1614 316.

1145 1620 1186 1657 &
1214 1632 1296 1669 432,
1324 1619 1385 1657 ubi
1417 1633 1512 1668 agere
1540 1631 1665 1668 equum
1687 1616 1858 1653 humilius
1881 1615 2019 1652 dietum
2035 1643 2046 1658 ,
2073 1626 2188 1664 quam

1147 1683 1242 1718 agere
1273 1684 1414 1708 currum
1446 1668 1577 1706 censet.
1615 1667 1663 1702 fic
1695 1678 1790 1714 agere
1825 1678 1955 1701 navem
1988 1665 2076 1703 dixit
2103 1665 2190 1704 Val.

1147 1720 1242 1755 Flac.
1269 1730 1299 1756 1.
1326 1717 1411 1755 088.
1468 1717 1729 1754 BURMANNus.

1198 1770 1258 1818 63.
1281 1769 1411 1805 Ardua
1422 1767 1540 1817 prima
1573 1766 1636 1802 via
1666 1765 1749 1815 est.]
1779 1766 1869 1802 Hoc
1904 1766 2067 1802 carmine
2099 1775 2188 1801 cum

1144 1819 1203 1857 sex
1233 1818 1462 1869 sequentibus
1492 1816 1538 1854 ad
1567 1827 1647 1853 rem
1678 1816 1779 1853 suam
1806 1814 2189 1853 accommodatiffime

1144 1871 1257 1907 utitur
1275 1868 1545 1919 sapientissimus
1568 1867 1707 1904 Seneca
1726 1867 1764 1904 in
1784 1865 1844 1903 libr
1871 1865 1917 1904 de
1938 1865 2189 1910 Providentia,

1145 1921 1185 1958 &
1206 1932 1297 1958 mox·
1317 1921 1393 1958 his:

1198 1977 1307 2022 thue
1326 1972 1427 2008 viam
1449 1981 1562 2008 teneas
1575 1998 1586 2014 ‚
1599 1968 1757 2019 nulloque
1772 1983 1880 2007 errore
1901 1967 2059 2005 traharis
2071 1997 2085 2013 ν

1195 2028 1260 2059 Per
1279 2033 1399 2059 tamen
1419 2018 1559 2070 adversi
1574 2020 1743 2069 gradieris
1765 2033 1892 2057 cornua
1915 2018 2048 2055 Tauri.-

1195 2072 1462 2122 Haemoniosque
1481 2085 1582 2108 arcus
1595 2099 1606 2115 ,
1618 2070 1828 2121 violentique
1849 2083 1909 2106 oru
1930 2068 2060 2106 Leonis.

1129 2122 1276 2160 Rursus
1297 2124 1370 2160 hoc
1388 2121 1641 2160 hemistichio:
1663 2121 1755 2169 finge
1777 2121 1875 2157 datos
1894 2132 2026 2156 currus.
2053 2118 2096 2154 In
2108 2130 2186 2166 quo

1142 2173 1289 2211 citando
1312 2172 1500 2211 manifeste
1520 2178 1667 2220 apparet
1688 2183 1774 2208 eum
1809 2169 1991 2207 memoria
2022 2167 2182 2216 lapsum:

1141 2224 1191 2261 ait
1212 2225 1312 2261 enim
1327 2252 1337 2269 ‚
1367 2223 1441 2270 Post
1458 2223 1539 2259 haec
1561 2223 1613 2258 ait
1628 2238 1638 2258 .·
1669 2221 1761 2270 finge
1783 2221 1882 2257 datos
1904 2232 2033 2256 currus.
2072 2219 2183 2265 Quae

1139 2273 1249 2311 verba
1281 2283 1364 2312 ante
1393 2273 1451 2311 illa
1481 2273 1747 2323 Haemoniosque
1778 2285 1878 2308 arcus
1899 2281 1969 2309 676.
1997 2267 2185 2305 collocan-

1138 2332 1207 2361 tur.
1233 2325 1293 2362 sed
1314 2337 1391 2362 non
1413 2332 1450 2361 te
1481 2323 1596 2360 leesor
1625 2323 1752 2360 celabo
1774 2323 1812 2359 in
1833 2327 1957 2359 vetere
1988 2318 2080 2355 libro
2104 2318 2186 2354 Va-

1138 2375 1263 2413 ticano
1286 2375 1382 2425 apud
1402 2374 1580 2412 Senecam
1608 2374 1682 2410 hoc
1715 2372 1833 2410 modo
1864 2370 1935 2419 legi
1958 2382 1967 2406 2
2006 2368 2082 2414 Post
2103 2366 2185 2405 haee

1142 2436 1215 2463 att:

1193 2477 1296 2524 Finge
1317 2476 1415 2512 datos
1435 2488 1554 2511 currus
1568 2491 1578 2510 .·
1607 2474 1691 2524 quid
1713 2486 1788 2522 ages
1801 2482 1816 2510 ,³
1820 2469 1986 2521 poterisne
2010 2468 2135 2506 rotatis

1194 2526 1327 2561 Obvius
1348 2527 1397 2561 ire
1413 2525 1519 2573 polis,
1545 2539 1584 2561 ne
1607 2535 1638 2560 te
1659 2525 1745 2560 citus
1766 2525 1906 2568 auferat
1928 2521 2033 2558 axis?

1141 2576 1250 2622 Quae
1272 2574 1354 2610 sane
1373 2574 1484 2610 166110
1499 2601 1509 2617 ,
1537 2573 1672 2621 siquid
1694 2584 1765 2620 ego
1786 2571 1898 2608 video
1914 2599 1923 2615 ‚
1951 2570 1995 2607 ad
2021 2570 2183 2607 Senecae

1139 2623 1356 2660 sententiam
1381 2624 1494 2669 magis
1522 2624 1709 2672 magisque
1731 2622 1911 2670 pertinet,
1939 2621 2059 2663 immo
2090 2632 2182 2658 vero

1140 2674 1187 2710 ita
1211 2671 1408 2711 necessario
1431 2673 1629 2721 legendum
1654 2672 1886 2710 esszEtenim
1909 2672 1947 2708 in
1966 2671 2032 2708 illis
2045 2671 2186 2714 verbis,

1132 2724 1225 2772 finge
1257 2725 1354 2760 datos
1386 2737 1526 2760 currus:
1572 2723 1659 2771 quid
1688 2723 1857 2767 terroris,
1886 2723 1924 2759 &
1951 2721 2184 2759 incitamenti

1138 2773 1256 2811 inest?
1294 2773 1426 2817 verba,
1463 2773 1591 2823 quibus
1621 2772 1679 2809 ille
1708 2774 1784 2810 hoc-
1811 2771 1996 2821 perspicue
2031 2772 2184 2815 annuit,

1139 2825 1231 2862 haec
1252 2824 1331 2861 sunt
1354 2837 1362 2860 ε
1402 2824 1465 2859 His
1486 2823 1608 2874 quibus
1630 2824 1790 2860 deterreri
1812 2837 1863 2859 me
1879 2832 1984 2872 putas
1998 2851 2007 2866 ‚
2046 2822 2181 2858 incitor<

1139 2873 1277 2911 Placuit
1309 2885 1488 2922 parergon
1517 2875 1617 2918 hoc,
1650 2874 1920 2923 qualecumque
1951 2873 2022 2916 est,
2052 2873 2115 2908 tibi
2137 2869 2181 2905 fi-

1139 2923 1334 2971 gnificare3
1375 2924 1477 2974 quod
1509 2923 1534 2961 fi
1563 2924 1741 2972 placebit,
1781 2925 1847 2960 erit
1878 2923 1980 2972 quod
2000 2920 2179 2970 glutinem

1139 2973 1190 3011 fin
1225 2974 1344 3012 minus
1364 3003 1375 3019 ,
1413 2974 1604 3012 voluntate
1626 3004 1637 3020 ,
1683 2987 1794 3024 quam
1823 2973 1977 3022 juvandi
2007 2968 2181 3007 studiosos

1137 3023 1293 3073 suscepi,
1322 3032 1515 3062 contentus
1537 3024 1606 3062 effe
1626 3025 1745 3063 debes.
1799 3027 2007 3061 CIOFANUS.
2111 3068 2118 3073 ι

1191 3075 1249 3124 6⁴3.
1278 3080 1325 3112 Et
1343 3089 1411 3126 qua
1435 3077 1500 3113 vix
1522 3089 1624 3112 mune
1645 3074 1825 3123 recente5.]
1856 3070 2013 3124 Vitiosos
2035 3067 2181 3123 codices

1144 3124 1193 3161 illi
1212 3126 1324 3163 secuti
1344 3127 1448 3170 sunt,
1475 3127 1538 3176 qui
1559 3126 1727 3163 ultimam
1747 3127 1783 3163 in
1807 3133 1969 3172 quanwts
1990 3120 2179 3166 complex

1143 3175 1217 3212 hoc
1239 3176 1341 3213 versu
1362 3176 1462 3225 poffe
1485 3177 1775 3217 contenderunt,
1798 3173 1968 3222 &legffi'ft
1982 3170 2178 3217 ,ὅίφιίῑκνν

1143 3226 1200 3264 vis
1219 3227 1324 3265 inane
1345 3238 1498 3266 recentes.
1525 3227 1608 3269 vide
1628 3225 1826 3262 Masei-ium
1848 3221 1893 3259 ad.
1915 3218 2035 3257 Valet.
2057 3219 2179 3255 Flacc⁰

1648 3276 1684 3311 N
2018 3280 2071 3305 vt·-
2099 3280 2183 3313 447,
