2483 3616
0 1368 3 1424 i

0 1449 3 1495 i

0 1501 3 1542 l

381 170 1592 237 METAMoRPHosEoN
1662 171 1783 227 Lm.
1854 168 1951 229 ix.

364 292 614 350 Dixerat:
657 290 713 344 &
739 289 966 344 lacrimis
991 289 1198 344 vultum
1226 291 1401 344 lavere
1425 287 1648 361 profusis
1665 326 1681 351 ‚

221 365 322 421 680
358 364 502 421 Tam
525 365 618 436 qui
641 362 950 426 mandabat,
988 379 1146 435 quam
1175 364 1262 416 cui
1289 365 1534 417 mandata
1561 360 1835 415 dabantur.

365 438 470 492 Sed
497 449 677 492 tamen
701 454 868 508 usque
894 437 1045 491 suum
1069 436 1213 490 vanis
1238 435 1529 489 Telethusa
1555 433 1806 489 maritum

360 509 618 574 Sollicitat
643 510 917 580 precibu83
959 525 1027 562 ne
1050 508 1197 580 spem
1222 508 1313 562 sibi
1338 519 1501 580 ponat
1526 507 1579 560 in
1606 521 1738 560 arto.

359 579 526 636 Certa
551 582 635 636 sua
664 584 737 637 est
762 582 946 654 Ligdo
968 581 1240 635 sententia.
1274 581 1489 652 jamque
1514 579 1744 633 ferendo

359 654 473 710 Vix
498 669 608 710 erat
632 656 715 709 illa
742 673 958 727 gravem
984 667 1194 708 maturo
1217 654 1459 725 pondere
1485 665 1761 713 ventrem;

215 727 314 797 685
354 727 498 782 Cum
528 728 710 782 medio
735 727 902 782 nociis
927 727 1122 798 spati0‚
1157 726 1250 780 sub
1278 726 1506 797 imagine
1526 725 1731 789 somni,

353 801 555 855 Inachis
585 815 706 855 ante
731 815 938 863 torum,
975 800 1172 870 pompa
1197 799 1448 852 comitata
1471 798 1716 860 suorum,

354 876 471 927 Aut
496 872 665 936 stetit,
708 887 797 928 aut
824 873 927 928 visa
954 871 1053 925 est:
1094 872 1298 925 inerant
1324 871 1521 925 lunaria
1544 871 1711 925 fronti

359 946 610 1009 Cornua,
646 964 768 1000 cum
798 945 949 1016 spicis
974 943 1148 996 nitido
1178 943 1493 998 flaventibus
1518 960 1678 1006 aum,

355 1017 428 1072 Et
466 1021 640 1090 regale
665 1020 858 1081 decuS,
897 1034 1021 1070 cum
1049 1018 1154 1087 quii
1179 1017 1395 1070 latrator
1422 1016 1659 1079 Anubi8‚

213 1096 314 1162 690
352 1092 646 1164 Sanciaque
671 1091 937 1153 Bubastis,
975 1090 1254 1159 variusque
1282 1089 1549 1143 coloribus
1577 1088 1738 1159 Apis:

355 1165 576 1236 Quique
605 1164 798 1235 premit
826 1179 1048 1227 vocem,
1089 1161 1372 1234 digitoque
1400 1162 1597 1215 silentia
1620 1161 1837 1223 suadet3

360 1237 621 1310 Sistmqne
652 1250 829 1300 erant,
868 1252 1269 1308 numquamque
1305 1236 1421 1290 latis
1446 1233 1706 1307 quaesitus
1730 1234 1921 1300 Osiri5‚

69 1451 140 1490 alii.
166 1450 263 1497 duo,
291 1451 450 1501 Geff'erat.
476 1463 570 1490 unus
592 1450 734 1490 Medic.
762 1455 937 1488 Auxerat.
965 1450 1107 1489 Vixerat

68 1503 172 1552 prim.
195 1503 308 1540 Palat.
336 1504 442 1551 prim.
467 1502 1108 1552 Vatican.priin.BafileenfiS‚prim.

1 1545 3 1564 ¹
71 1553 205 1592 Erfurt.
234 1554 429 1603 Spirensis,
457 1554 637 1591 Arondel.
660 1555 697 1590 ὅ(
719 1554 778 1591 sex
802 1554 872 1590 alii.
902 1553 1043 1591 Scribe:

593 1633 601 1638 ,
653 1604 800 1654 jamque
813 1604 956 1650 ferendo

117 1654 184 1692 Vix
204 1665 281 1693 erat
307 1654 371 1691 illa
389 1667 535 1703 gravem
557 1664 696 1692 maturo
709 1655 854 1704 pondere
877 1666 1048 1692 ventrem.

66 1704 126 1743 De
147 1717 225 1754 quo
252 1707 432 1755 loquendi
458 1705 574 1743 niodo
605 1706 796 1754 complura
817 1703 837 1741 a
857 1706 961 1743 nobis
983 1705 1109 1743 dicen-

63 1761 120 1795 tur
139 1756 271 1794 Fastor.
295 1769 358 1794 111.
384 1769 465 1802 241.
520 1756 634 1794 Libro
658 1770 693 1793 x.
715 1755 760 1794 de
782 1756 850 1802 481
875 1757 1041 1805 Myrrha.

116 1806 248 1856 Vixque
268 1807 360 1844 uteri
377 1806 538 1855 portabat
556 1820 651 1844 onus.

66 1861 224 1895 Ventrem
250 1860 344 1902 ferre
370 1859 408 1895 &
432 1859 580 1906 perferre
601 1873 612 1901 3
643 1859 739 1904 ferre
767 1858 877 1895 etiam
896 1856 1106 1906 simpliciter

65 1907 133 1946 hac
151 1908 415 1957 fignificatione
435 1908 530 1956 apud
557 1908 804 1946 Columellam
826 1920 903 1946 non
916 1908 1027 1946 semel
1042 1921 1107 1946 oc—

66 1959 185 1996 currit.
211 1971 289 1997 non
320 1959 494 1997 dissimilis
526 1958 668 1997 locutio
696 1958 756 1996 illa
786 1959 893 1997 Plinii
926 1959 1020 1996 libro
1045 1972 1107 1997 xv.

65 2020 146 2056 cap.
167 2021 282 2046 xvm.
320 2022 403 2045 nam
433 2009 702 2046 Alexandrinae
733 2009 800 2046 vix
829 2010 990 2058 vescendo
1006 2013 1107 2058 sunt.

65 2058 282 2095 Hzmsxus.
317 2058 373 2096 Sic
396 2059 551 2098 dicimus
571 2060 738 2109 solvendo
772 2073 840 2096 non
868 2062 934 2110 ‘'ffi'·
963 2061 1038 2098 vid.
1065 2061 1110 2099 ad

69 2108 252 2157 Quinffil.
271 2121 362 2145 viii.
382 2109 486 2147 Deci.
511 2122 542 2158 3.
574 2111 630 2149 Cl.
641 2111 821 2149 Graevius
839 2111 1109 2160 legebat,Feffa

65 2169 164 2203 erat,
192 2160 285 2197 ut&
311 2159 567 2206 Capoferreus.

115 2209 200 2246 686.
228 2215 357 2259 Pompa
389 2209 553 2246 comitata
571 2211 797 2262 savinum]
828 2218 974 2249 Suorum
999 2214 1106 2261 prim.

67 2259 209 2298 Medic.
240 2260 308 2297 sec.
341 2260 448 2297 Palat.
480 2261 585 2316 prim.
623 2264 763 2301 Moret.
789 2263 924 2312 aliique
947 2263 1107 2313 plurimi.

68 2311 194 2360 probe.
222 2322 400 2359 pompam
426 2310 589 2349 deleribit
609 2313 730 2361 postea
746 2341 756 2358 ‚
785 2314 936 2352 Anubin
956 2343 966 2359 ‚
990 2315 1109 2353 Buba-

66 2361 163 2408 stin,
198 2362 313 2410 Apim
336 2389 346 2406 ,
385 2359 509 2399 Osirin
531 2388 541 2406 ‚
576 2363 613 2399 &
652 2364 918 2412 Harpocraten.
954 2365 1015 2404 lib.
1055 2377 1111 2404 vr.

69 2424 153 2461 594·

119 2477 266 2515 Concita
282 2485 338 2527 per
349 2475 462 2526 filvas
484 2476 588 2515 turba
612 2475 796 2514 comitante
808 2477 958 2526 finarum

116 2527 295 2566 Terribilis
321 2535 459 2568 Procne.

67 2577 220 2617 ⁷Suarum
251 2579 468 2629 Bernegger.
506 2580 544 2618 &
564 2578 664 2618 ocsto.
691 2578 751 2618 alii
776 2591 854 2617 non
876 2579 1005 2628 pauci,
1013 2579 1108 2629 fimi-

68 2643 158 2668 rum.
185 2630 294 2669 male.
321 2632 430 2678 paulo
457 2631 558 2680 post:
1011 2632 1022 2640 ³

122 2701 208 2732 Pars
230 2694 247 2731 ὂ
270 2694 447 2743 Telethusa
467 2708 637 2732 mearum.
1018 2729 1025 2736 ,

71 2743 119 2783 Et
146 2745 219 2794 ipsa
249 2745 447 2783 Telethusa
476 2745 521 2782 ad
551 2745 622 2782 ism
645 2772 656 2789 ‚
694 2743 848 2793 miserere
879 2753 1035 2781 tuarum.
1061 2744 1112 2781 ita

73 2796 172 2837 enim
194 2796 272 2834 libri
297 2804 450 2833 veteres.
478 2796 624 2833 Heius.
649 2794 769 2833 Poffet
788 2796 826 2832 in
848 2806 942 2832 voce
954 2795 1112 2841 sororum

31 2879 34 2883 ,
69 2844 180 2884 latere
212 2858 298 2883 vera
343 2846 536 2895 scriptura,
576 2858 672 2895 quae
703 2844 790 2882 effer
811 2873 822 2890 ,
853 2854 976 2894 pompa
1009 2844 1111 2881 comi-

75 2904 170 2933 tante
191 2899 342 2945 sonora,
377 2905 417 2934 ut
447 2897 493 2935 ad
519 2896 610 2934 sistra
647 2897 833 2934 referatur.
862 2897 908 2932 ita
929 2896 995 2932 inf.
1025 2896 1107 2940 776.

2 2986 5 2991 Ἴ
73 2947 285 2997 comitesque
295 2975 305 2992 ‚
311 2948 494 2995 facesque,
513 2948 705 2997 fimumque
725 2945 913 2994 fissrerum.
961 2946 1014 2982 Ita
1036 2946 1112 2982 Va-

71 2994 134 3034 ler.
151 2997 267 3036 Flacc.
294 3009 350 3035 iv.
371 2997 453 3042 418.
476 2997 601 3034 ovanti
627 3000 767 3046 persona
785 2995 894 3045 sistro.
921 2995 1025 3032 turba
1044 3008 1111 3045 pro

74 3056 210 3097 pompa
229 3048 290 3087 hic
312 3047 481 3085 nonnulli
498 3047 627 3096 scripti.
653 3048 784 3084 Romi.

125 3098 209 3144 687.
238 3098 395 3135 Lunaria
416 3110 553 3134 cornua.
577 3098 592 3145 ]
648 3097 746 3135 Cum
775 3096 945 3135 cornibus
964 3109 1112 3146 nanque

75 3147 288 3197 pingebatur
322 3148 381 3186 Isis
404 3176 414 3191 ‚
442 3155 482 3185 ut
512 3158 606 3195 quae
635 3147 766 3184 eadem
797 3158 880 3184 cum
912 3148 1019 3184 Luna
1043 3148 1113 3185 effe

76 3197 224 3237 dicatur.
267 3210 353 3237 nam
383 3198 493 3247 primi
517 3197 686 3234 homines
720 3198 757 3233 in
796 3198 967 3244 Aegypto
997 3199 1113 3245 geniti

69 3249 197 3295 mundi
215 3258 387 3287 ornatum
415 3249 655 3290 admirantes,
684 3245 1012 3294 universorumque
1043 3259 1107 3283 na-

6 3334 7 3342 .
72 3303 212 3348 turam,
238 3299 332 3340 duos
355 3297 425 3353 eise
445 3299 534 3340 cleos
556 3325 568 3346 ‚
597 3298 634 3338 &
662 3295 815 3346 quidem
838 3303 1004 3335 aeternos
1026 3297 1107 3345 sunt

5 3361 13 3426 J
70 3393 74 3396 .

1933 1308 2205 1385 Plenaque

1161 1450 1344 1495 arbitrati,
1363 1449 1487 1488 Solem
1502 1450 1540 1488 &
1559 1451 1705 1489 Lunam
1721 1477 1730 1494 ,
1760 1449 1798 1488 8<
1818 1447 1919 1488 illurn
1942 1448 2093 1499 quidem
2124 1449 2210 1488 Ofi-

1164 1502 1281 1540 ridem
1297 1531 1307 1546 ,
1332 1503 1427 1539 hanc
1451 1501 1542 1539 vero
1565 1501 1696 1539 Ifidem
1719 1502 1963 1549 appellarunt,
1993 1509 2032 1537 ut
2060 1501 2209 1539 Diodo-

1165 1564 1223 1591 rus
1242 1553 1302 1590 lib.
1330 1565 1360 1590 1.
1387 1552 1516 1590 scribit.
1558 1553 1666 1590 Luna
1687 1562 1810 1590 autern
1830 1552 1955 1596 primis
1975 1550 2099 1588 diebus
2120 1563 2208 1589 cum

1166 1603 1290 1641 crescit
1312 1615 1450 1641 cornua
1472 1602 1604 1640 habere
1625 1603 1780 1640 videtur.
1831 1601 1902 1639 Bos
1932 1613 2084 1650 quoque
2114 1602 2147 1639 ei
2164 1603 2210 1639 ab

1166 1654 1360 1703 Aegyptiis
1401 1653 1626 1691 sacrificatur.
1671 1654 1842 1690 Remus.
1895 1652 2112 1689 Herodorus
2143 1664 2209 1701 per

1165 1705 1296 1743 Isidem
1312 1733 1322 1749 ,
1349 1704 1504 1753 intelligi
1525 1705 1700 1742 Cererem
1719 1704 1762 1741 ab
1786 1703 1984 1752 Aegyptiis
2009 1702 2141 1747 tradit,
2167 1711 2209 1740 ut

1162 1767 1226 1803 per
1248 1755 1410 1800 Osirim,
1447 1755 1670 1804 Dionysum.
1705 1754 1804 1792 idern
1840 1755 1879 1791 &
1908 1752 2097 1790 Diodorus
2134 1753 2208 1790 alio

1161 1807 1251 1844 loco
1275 1814 1417 1844 monet.
1455 1806 1684 1843 Micrrrus.
1740 1805 1915 1841 Cererem
1941 1803 2102 1840 habitam
2130 1804 2207 1840 vid.

1162 1858 1259 1905 apud
1276 1857 1424 1906 Apulej.
1446 1868 1500 1893 xi.
1520 1857 1677 1893 Metam.
1699 1857 1814 1904 princ.
1837 1856 1874 1892 δε
1904 1853 2035 1891 Isidem
2056 1853 2211 1902 primam

1161 1917 1307 1956 repertas
1325 1908 1436 1957 spicas
1467 1907 1572 1956 capite
1602 1905 1841 1955 circumtuliffe
1871 1904 1958 1943 dicit
1982 1904 2140 1943 Tertull.
2162 1905 2209 1942 de

1163 1959 1306 1997 Coron.
1328 1971 1404 2007 cap.
1426 1970 1498 1996 vn.

1216 2022 1302 2070 689.
1331 2027 1498 2059 Latrator
1517 2019 1698 2071 Anubis]
1728 2019 1934 2057 Mercurius
1956 2018 2001 2056 ab
2017 2017 2211 2067 Aegyptiis

1167 2073 1300 2111 colitur
1319 2072 1382 2110 sub
1403 2074 1500 2111 canis
1529 2072 1642 2122 figura
1660 2100 1670 2115 ‚
1698 2069 1980 2119 significantibus
2002 2081 2087 2106 eum
2104 2067 2208 2105 fuisse

1168 2124 1356 2162 custodem
1392 2122 1566 2168 Osiridis,
1594 2125 1632 2160 &
1662 2121 1783 2164 Isidis,
1813 2119 2028 2167 Anubisque
2051 2117 2210 2166 appella-

1166 2184 1236 2212 tur.
1263 2176 1434 2213 Remus.
1465 2175 1602 2218 Hunc,
1630 2182 1671 2210 ut
1695 2170 1884 2209 Diodorus
1901 2170 2028 2210 tradit,
2056 2168 2208 2216 quidam

1164 2225 1319 2263 Osiridis
1348 2225 1464 2263 filiuni
1486 2225 1676 2267 fecerunt,
1705 2223 1852 2259 fratrem
1885 2218 2116 2256 Macedonis.
2144 2219 2210 2254 ha-

1163 2275 1276 2316 buiffe
1295 2284 1419 2314 autern
1443 2287 1507 2314 eos
1526 2275 1677 2324 insignia
1700 2273 1929 2322 Clypeorum
1945 2297 1955 2313 ,
1970 2269 2133 2325 Anubim
2150 2280 2210 2304 ca-

1165 2340 1280 2372 nem,
1307 2326 1559 2364 Macedonem
1590 2326 1752 2372 Lupum.
1779 2322 1865 2358 hinc
1896 2331 1938 2357 ea
1966 2319 2137 2357 animalia
2164 2318 2209 2356 ab

1165 2378 1362 2426 Aegyptiis
1382 2386 1422 2415 ut
1442 2377 1536 2414 sacra
1557 2374 1749 2413 observari.
1777 2373 2005 2408 MiCYLLus.

1218 2439 1306 2484 690.
1333 2439 1525 2485 Sanciaque
1545 2432 1736 2481 Bubastis]
1785 2430 1925 2467 Comes
1946 2429 2045 2467 Ifidis
2063 2429 2209 2467 videtur

1167 2486 1271 2524 fuiffe
1297 2487 1466 2524 Bubastis.
1493 2485 1699 2533 eademque
1721 2493 1805 2519 cum
1828 2481 1948 2518 Diana
1970 2478 2040 2518 effe
2061 2479 2104 2516 ab
2127 2480 2209 2516 He-

1167 2537 1306 2574 rodoto
1325 2536 1544 2585 perhibetur.
1563 2535 1623 2572 sed
1645 2545 1712 2583 pro
1729 2533 1799 2581 ipsa
1821 2543 1973 2580 quoque
1998 2529 2090 2567 Iside
2111 2531 2208 2568 acci-

1163 2588 1200 2636 pi
1222 2587 1335 2631 solet,
1364 2586 1385 2623 a
1402 2586 1556 2624 Bubasto
1577 2585 1665 2623 urbe
1688 2583 1965 2632 cognominata.
2017 2581 2107 2618 Hoc
2117 2580 2209 2618 vero

1165 2649 1211 2675 ex
1231 2639 1295 2682 iis,
1321 2648 1416 2686 quae
1438 2637 1477 2674 in
1496 2637 1670 2674 columna
1697 2635 1775 2683 ejus
1803 2633 1905 2670 sacris
1934 2631 2062 2670 litteris
2081 2631 2208 2680 scripta

1166 2688 1356 2726 traduntur
1378 2715 1388 2732 ,
1424 2687 1561 2736 percipi
1591 2685 1740 2735 potest:
1777 2688 1843 2732 Ego
1875 2681 1931 2730 Ifis
1956 2684 2039 2730 sum
2059 2682 2211 2731 Aegypti

1167 2739 1284 2787 regina
1299 2767 1308 2783 ‚
1326 2738 1352 2775 a)
1374 2738 1546 2775 Mercurio
1573 2736 1712 2773 erudita
1727 2763 1736 2778 ‚
1749 2747 1836 2783 quae
1857 2747 1910 2781 ego
1932 2732 2058 2781 legibus
2072 2733 2206 2780 statui,

1169 2789 1287 2826 nullus
1295 2788 1430 2838 fhlvet:
1459 2801 1513 2836 ego
1521 2787 1604 2836 sum
1625 2785 1768 2831 Osiridis
1789 2801 1800 2821 .·
1836 2797 1889 2832 ego
1902 2785 1984 2830 sum
1997 2784 2114 2832 prima
2123 2783 2209 2830 fru=

1166 2853 1250 2888 gum
1267 2838 1452 2877 inventrix
1466 2867 1476 2883 ,
1503 2852 1557 2887 ego
1585 2840 1669 2886 sum
1706 2836 1771 2873 Ori
1788 2836 1872 2883 regis
1895 2844 2031 2870 mater:
2061 2847 2112 2881 ego
2124 2834 2208 2879 sum

1168 2893 1206 2927 in
1228 2890 1314 2938 astro
1336 2890 1431 2927 canis
1449 2889 1617 2938 refulgens
1631 2905 1641 2924 .·
1670 2887 1761 2924 mihi
1792 2885 1939 2931 Bubasta
1958 2884 2038 2921 urbs
2068 2882 2207 2936 condita

1168 2941 1221 2987 est.
1243 2940 1379 2989 gaude,
1404 2940 1515 2988 gaude
1535 2943 1709 2987 Aegypte,
1733 2951 1786 2973 me
1810 2935 1958 2980 nutristi.
1987 2934 2093 2969 Haec
2111 2932 2208 2966 Dio-

1167 2992 1288 3030 dorus.
1317 2993 1480 3029 Rmius.
1511 2991 1600 3029 Vid.
1618 2980 2161 3029 Fior.Sab1n.Subces.L.e&t.v.
2176 2991 2207 3019 1.

1170 3043 1207 3080 δί
1220 3043 1310 3080 Vlit.
1329 3044 1375 3079 ad
1398 3043 1500 3079 Grat.
1521 3041 1577 3085 ybs.
1597 3054 1656 3087 42.
2085 3081 2090 3086 ¹

1221 3095 1306 3141 690.
1337 3092 1525 3142 Variusque
1545 3090 1706 3129 coloribus
1725 3087 1849 3137 Apis]
1865 3086 1905 3123 ln
1926 3080 2124 3123 nonnullis,
2137 3091 2207 3135 vn-

1169 3143 1296 3193 riisque
1330 3142 1493 3180 coloribus
1527 3142 1625 3190 Apis.
1675 3141 1930 3177 NAUGERIUS.
1984 3132 2054 3186 Bos
2091 3141 2206 3167 varias

1169 3195 1304 3231 habens
1336 3193 1493 3229 maculas
1523 3193 1559 3228 in
1591 3191 1767 3238 Aegypto
1805 3185 1990 3237 colebatur
2019 3193 2056 3218 in
2077 3191 2210 3228 perpe-

1168 3252 1270 3280 tuam
1303 3243 1524 3278 memoriam
1556 3240 1710 3276 Osiridis
1732 3265 1742 3279 ‚
1778 3236 2025 3279 frumentique
2045 3238 2211 3278 reperto=

1163 3293 1210 3332 ris
1222 3318 1233 3338 ,
1259 3302 1471 3342 quanquam
1490 3287 1684 3329 bovesrufi
1706 3283 2213 3332 immolaripermitterentur.

1624 3340 1773 3390 Qqqq
1801 3349 1820 3387 3
2110 3329 2220 3382 ‹is-10&
