2483 3616
253 156 1503 220 ME‘TAMORPHO'SEON
1578 162 1908 226 Lavit.

2069 186 2169 239 477

29 295 51 325 υ
70 306 120 344 ut
136 294 307 357 proinde
324 292 411 347 fuis
433 289 664 337 nutricibus
675 287 818 350 ferret
841 290 1080 351 auxilium,
1115 289 1261 354 easque
1292 290 1337 338 in
1371 290 1668 353 adolescentiae
1690 297 1876 357 vigorem
1907 303 1923 321 ⁰
1947 298 2174 347 reduceret.

33 431 51 452 ⁶
69 427 298 485 Liberoqae
318 431 532 468 aeternam
553 419 791 480 beneficium
814 420 946 466 dedit.

34 364 147 419 cujas
180 361 431 405 austoritate
465 354 670 415 compulsa
704 352 854 416 eisdem
886 355 1079 404 remediis
1101 389 1117 415 ,
1153 356 1300 417 quibus
1332 355 1566 418 Aesonem2
1602 355 1620 384 ‘³
1644 362 1690 407 in
1716 363 1938 421 primitias
1959 364 2132 412 reduxit
2154 396 2170 423 2

443 597 618 652 Iderat
643 616 712 653 ex
738 600 845 653 alto
871 600 1004 654 tanti
1028 600 1276 656 miracula
1300 600 1524 657 monstri
1573 640 1580 643 -

175 690 277 744 295
443 670 635 726 Liber:
679 672 733 725 &
761 673 1066 727 admonitus
1085 673 1305 744 juvenes
1328 674 1623 730 nutricibus
1648 691 1813 732 annos

319 744 472 800 Poffe
501 745 601 800 suis
625 745 812 810 reddi;
852 747 987 818 petit
1010 746 1116 800 hoc
1146 746 1368 803 AEetida
1396 766 1605 804 munus.

61 1063 242 1104 uibusdam
265 1064 371 1104 istum
393 1065 570 1105 invenisse
590 1066 625 1105 se
648 1064 1071 1112 Gruterus‘notatfflis-

47 1114 238 1167 ,imilemque
266 1117 428 1154 animum
459 1117 563 1164 subiit
593 1128 707 1155 aetate
726 1117 857 1155 relioia.
910 1117 967 1154 Ex
992 1129 1069 1166 quo

33 1166 126 1204 aliud
147 1177 254 1216 atque
276 1168 372 1205 aliud
395 1169 560 1206 fecerunt
580 1169 729 1206 Critici:
751 1169 880 1216 quibus
894 1195 905 1211 ,
934 1169 1043 1205 credo
1058 1197 1069 1213 ‚

34 1217 72 1254 in
94 1227 255 1255 mentem
277 1230 353 1256 non
381 1221 506 1263 venit,
533 1219 676 1257 versum
700 1219 850 1267 peffime
869 1219 942 1256 huc
959 1227 1074 1256 trans-

35 1266 147 1305 latum
170 1267 258 1313 effe,
287 1281 333 1306 ex
356 1281 402 1306 eo
418 1298 428 1315 ,
455 1271 519 1319 qui
550 1269 691 1319 aliquot
723 1279 807 1306 ante
828 1270 966 1318 paginis
984 1270 1074 1318 legi-

38 1324 118 1362 tur,
146 1317 412 1369 Diffi'milemque
437 1321 599 1357 animum
620 1319 732 1369 subiit
745 1330 844 1368 pater
876 1325 972 1356 Aeta
995 1320 1075 1357 reli·

36 1369 119 1406 aus.
145 1369 246 1408 DAN.
274 1371 482 1408 Hfimsms.
515 1372 555 1408 ln
576 1371 699 1408 multis
720 1371 975 1408 codicibushic
994 1383 1075 1408 ver-

33 1417 89 1456 sus
109 1419 234 1468 legitur
249 1449 258 1465 ,
286 1421 364 1470 post
384 1422 473 1459 vers.
497 1434 584 1471 291.
610 1423 648 1459 in
670 1421 745 1459 aliis
763 1421 956 1460 hocloco.
1008 1421 1078 1459 Vi-

31 1469 155 1508 vi-anus
175 1472 294 1510 censet
313 1473 599 1511 admittendum.

81 1542 97 1561 ²
123 1541 167 1572 Ut
182 1537 476 1587 animadvertit.]
505 1544 598 1576 Cum
619 1537 879 1575 animadvertit
905 1536 1072 1585 Aefimem

24 1585 232 1633 senebiutem
253 1589 409 1625 remediis
429 1589 572 1626 Medeae
589 1589 754 1639 depulisse.
785 1588 922 1626 Colon-

81 1645 98 1673 b
123 1654 166 1684 Ut
183 1649 322 1698 proinde
332 1651 426 1699 sais,
455 1653 551 1702 eye]
591 1654 699 1690 Haec
719 1653 831 1691 leaetio
849 1652 898 1689 est
924 1652 1005 1688 MS.
1034 1652 1073 1690 &

30 1695 211 1737 Venetae.
239 1701 326 1738 Non
348 1702 482 1750 placuit
502 1712 630 1741 tamen
653 1704 849 1748 Raenerio,
864 1711 903 1740 ut
923 1704 986 1752 qui
1004 1714 1072 1750 pro

33 1758 75 1784 ea
98 1749 328 1796 rescripserit,
356 1765 396 1789 ut
400 1754 475 1801 suis
484 1767 625 1803 qaoque.
653 1753 845 1797 offendit,
860 1762 968 1802 puto,
984 1765 1071 1796 eum

35 1798 74 1840 (τὸ
87 1801 226 1847 proinde
241 1829 251 1846 ,
278 1803 381 1850 quod
402 1804 500 1842 idem
521 1806 582 1842 hic
601 1805 648 1842 est
662 1833 672 1849 ,
686 1805 787 1854 quod
805 1804 958 1854 perinde,
978 1816 1073 1853 quo-

32 1850 149 1893 modo
170 1852 302 1900 Micyll
331 1854 450 1892 habet.
480 1855 630 1893 Frustra.
645 1856 783 1893 Sallust.
802 1865 880 1904 pag.
901 1868 936 1902 4.
990 1860 1074 1891 Pro·

34 1899 114 1937 inde
134 1900 231 1950 quasi
243 1912 409 1951 praetura
434 1916 478 1945 (9⁵
498 1906 693 1954 consulatus
706 1934 716 1950 ‚
743 1917 849 1954 atque
866 1906 939 1942 alia
952 1906 1073 1942 omnia

31 1948 261 1998 hujuscemodi
273 1963 332 2002 per
345 1955 382 2003 se
400 1955 470 2005 ipsa
493 1956 588 1993 clara
609 1968 653 1996 ω’
670 1956 856 2005 magnifica
874 1955 959 2005 sint.
996 1958 1075 1993 Co-

31 1999 170 2039 lumell.
191 2003 254 2041 lib.
273 2017 318 2042 11.
347 2017 425 2054 cap.
447 2020 479 2054 ς.
520 2014 626 2045 Nunc
662 2020 781 2044 autem
808 2008 952 2057 proinde
981 2020 1022 2043 ac
1041 2005 1077 2056 fi

35 2060 240 2100 temperatae
262 2054 386 2102 regioni
412 2058 787 2106 praeceptadabimus.
842 2058 951 2096 Adde
978 2070 1074 2107 quae

37 2099 260 2141 stewechius
284 2105 393 2143 habet
420 2109 457 2145 in
483 2109 542 2145 de.
558 2110 687 2147 Partie.
719 2111 829 2156 Ling.
853 2111 935 2147 Lat.
961 2109 1022 2146 lib.
1047 2120 1074 2147 1.

37 2161 119 2200 pag.
138 2162 220 2200 255.
247 2153 420 2194 Ceterum
439 2158 632 2208 deceptum
654 2161 738 2198 heic
755 2159 824 2197 effe
838 2160 1075 2198 L1ae³tantiu1n

38 2199 232 2256 depravata
255 2203 414 2244 le&ione
442 2209 618 2248 Ovidiani
635 2210 731 2255 loci,
761 2211 850 2259 capit
870 2211 929 2248 hoc
950 2210 975 2248 a
995 2210 1074 2247 Col-

38 2250 136 2288 chtde
155 2265 283 2290 munus
299 2254 498 2297 luculenter
517 2259 738 2299 demonstrat
756 2262 928 2300 Heinfius
946 2270 1024 2299 not.
1037 2263 1075 2299 in

31 2301 128 2339 Met.
150 2302 263 2341 Ovid.
287 2303 348 2343 lib.
369 2318 442 2345 vu.
461 2309 519 2351 xrs.
538 2322 625 2358 297.
649 2313 869 2350 Muncxrm.
898 2312 1008 2357 Petiit
1036 2322 1076 2350 ut

25 2353 171 2405 perinde
192 2354 330 2393 Colon.
354 2357 498 2408 Micyll.

81 2423 99 2443 ⁸
123 2420 365 2472 Perduceret.]
390 2423 563 2473 Redigeret
583 2426 719 2466 Colon.

81 2476 101 2505 d
128 2486 169 2517 In
189 2481 400 2534 primitias.]
432 2487 483 2523 H.
504 2498 537 2524 e.
562 2488 598 2525 in
622 2490 839 2539 principium
857 2492 1075 2541 juventutis.

34 2528 144 2568 Gloff.
165 2532 305 2573 Philox.
340 2535 547 2574 primitium
577 2540 620 2575 ’τό
639 2541 792 2584 Πρώτου.
824 2552 949 2581 contra
969 2546 1073 2583 initia

34 2591 100 2627 pro
114 2582 282 2630 primitiis
311 2587 400 2634 poni
423 2588 606 2627 interdum
635 2590 870 2639 deprehendi.
889 2596 1075 2634 vetusdn-

33 2638 139 2679 terpr.
162 2645 190 2670 1.
211 2634 302 2684 Reg.
322 2648 400 2684 cap.
416 2650 477 2676 xv.
503 2650 559 2688 13.
611 2644 658 2677 Et
685 2641 769 2678 Saul
799 2642 957 2691 offerebat
984 2644 1077 2683 holo-

34 2681 185 2728 caustum
205 2686 353 2723 Domino
368 2687 409 2724 de
429 2688 541 2726 initiis
551 2690 762 2739 praedarum
781 2694 811 2728 οἱ
831 2695 859 2731 ὅ.
872 2696 920 2730 τᾶ
942 2699 1076 2740 Πρῶτκ

37 2734 104 2766 τῶν
129 2735 287 2779 σκύλων,
310 2739 380 2776 ἃς.
408 2739 678 2780 ΜυΝεκειωε.
732 2744 873 2793 Micyll.
896 2746 934 2782 in
961 2759 1074 2797 marg.

31 2781 209 2828 pristinam
228 2797 386 2825 aetatem.
421 2790 459 2826 in
474 2791 657 2839 pristinam
683 2794 825 2831 reduxit
841 2807 1070 2844 juventutem

35 2829 170 2870 Colon.
198 2835 283 2873 Vid.
302 2837 470 2878 Barth.x.
481 2842 562 2880 adv.
577 2843 636 2881 8-.

83 2903 102 2922 θ
128 2897 340 2951 Liberoque.]
360 2903 477 2941 Libero
499 2908 643 2957 Micyll.
665 2909 802 2948 Colon.

83 2972 173 3007 29c.
202 2963 454 3017 Admonitus]
481 2972 669 3009 Attonitus
687 2973 914 3024 Cantabrig.-

0 3051 2 3054 y
80 3014 168 3067 396.
195 3014 362 3071 Petit-hoc
380 3015 406 3052 ὰ
427 3020 586 3057 Colchide
610 3035 738 3060 munus
772 3024 788 3074 ]
842 3025 903 3062 Ab
919 3025 1073 3064 Aethide

36 3070 172 3108 primus
193 3064 384 3102 Mediceus
402 3067 439 3103 ὃ(
459 3067 516 3106 sex
538 3071 609 3109 alii.
634 3072 679 3108 ab
700 3075 817 3110 Oetide
837 3078 972 3124 primus
995 3078 1071 3115 Va-

34 3110 143 3167 dean:
177 3113 310 3161 aliique
341 3116 586 3165 quinque.„ab
619 3123 767 3160 Aethide
794 3125 996 3174 cantabrig.
1026 3127 1071 3163 ab

34 3160 180 3197 Ethetde
196 3162 371 3203 Arondel.
399 3166 443 3202 ab
454 3172 482 3202 E
487 3166 614 3204 thetide
622 3174 757 3218 primus
770 3175 924 3212 Moreti.
935 3175 961 3211 a
972 3182 1002 3210 T
1000 3176 1071 3212 hei-

35 3208 78 3244 de
102 3212 226 3264 tertius
247 3213 383 3252 Medic.
403 3216 429 3252 ὰ
447 3218 565 3254 Cet-ide
582 3221 718 3266 primus
733 3224 846 3266 Pal-at.
865 3225 903 3260 δί
925 3234 1071 3271 quartus

36 3257 350 3311 odediunt-hide
364 3265 552 3308 sec.Palat.
580 3269 624 3308 In
644 3272 830 3310 nonnuliis
850 3281 955 3311 vetus
967 3274 1077 3312 lefflo

2016 903 2165 966 FAB.

1123 1064 1269 1113 penitus
1299 1067 1406 1104 erasa.
1444 1067 1533 1105 alter
1563 1067 1850 1118 Hamburgenfis
1881 1068 1920 1107 &
1949 1069 2104 1108 TGenev.
2141 1071 2169 1109 ιὶ

1127 1116 1279 1154 Thetide.
1307 1117 1545 1157 Scribendurn
1569 1119 1685 1166 potest
1703 1120 1842 1163 videri,
1862 1118 1888 1156 ὰ
1911 1120 2043 1168 Tethye.
2073 1121 2171 1170 apud

1125 1179 1237 1216 quam
1259 1168 1444 1206 Bacchum
1465 1166 1626 1214 latuisse,
1654 1170 1741 1207 durn
1761 1172 1974 1219 Lycurgum
1998 1172 2111 1220 fugit,
2127 1184 2173 1210 ex

1129 1219 1257 1256 fabulis
1277 1219 1456 1256 discimus,
1484 1232 1589 1256 canae
1606 1220 1726 1268 Tethyi
1745 1221 1853 1259 habes
1878 1221 1975 1270 apud
1987 1222 2174 1267 Catullum

1128 1269 1168 1307 in
1191 1269 1271 1306 casu
1289 1270 1413 1307 tertio.
1441 1269 1545 1308 Silius
1565 1271 1626 1308 lib.
1648 1282 1683 1308 v.
1706 1282 1790 1319 395.

1181 1366 1253 1396 Ceu
1264 1369 1366 1410 pater
1390 1368 1546 1399 Oceanus
1563 1374 1640 1399 cum
1652 1361 1768 1411 saevd
1790 1363 1915 1413 Tethye
1934 1366 2065 1415 Calpen

1184 1412 1390 1449 Herculeam
1409 1413 1508 1460 ferit.

1134 1502 1188 1541 Ita
1213 1515 1258 1542 ex
1290 1505 1447 1554 vestigiis
1475 1513 1643 1544 veterum
1671 1505 1848 1545 librorum
1878 1507 2140 1548 restituendum
2159 1513 2181 1556 ’ζ

1126 1565 1216 1592 ,cum
1230 1554 1370 1603 saevior
1392 1555 1524 1593 aethere
1536 1566 1642 1594 antea
1658 1556 1849 1605 legeretur.
1877 1560 2102 1597 veterrimus
2123 1561 2179 1599 Si-

1125 1605 1164 1643 lii
1184 1605 1302 1643 codex
1325 1606 1554 1645 Colonienfis
1568 1635 1579 1652 ‚
1592 1610 1706 1655 saeva
1718 1609 1998 1656 cetyezvidetur
2015 1610 2075 1648 illa
2095 1612 2175 1657 Lue

1128 1657 1210 1693 cani
1230 1655 1250 1693 ὲ
1270 1656 1362 1694 libro
1378 1658 1510 1706 primo
1535 1671 1617 1707 554.
1637 1659 1823 1697 imitatus:

1469 1749 1595 1798 ‘Tethys
1612 1750 1799 1795 majoribus
1820 1752 1924 1789 undis

1180 1799 1375 1849 Hesperiam
1397 1800 1527 1850 Calpen
1537 1804 1790 1851 summumque
1810 1801 1970 1852 implevit
1982 1802 2156 1841 Atlanta.

1130 1891 1298 1930 Avienus
1320 1893 1359 1931 in
1381 1893 1527 1932 Arateis
1540 1906 1551 1931 ι

1436 1974 1582 2011 abditur
1603 1973 1681 2012 alta

1183 2023 1309 2073 Tethye
1321 2049 1341 2069 ‚·
1359 2036 1404 2064 (9'
1424 2025 1554 2062 occidui
1575 2026 1703 2074 tegitur
1723 2027 1844 2065 Padus
1860 2039 2005 2077 aequore
2015 2026 2130 2077 [νοητὴ

1132 2121 1165 2152 T
1162 2115 1266 2165 ethya
1284 2131 1351 2167 pro
1372 2118 1504 2168 Tethyn
1527 2130 1628 2156 nove
1648 2118 1819 2157 dixerunt
1838 2119 2031 2156 Priscianus
2053 2119 2088 2155 in
2108 2118 2178 2155 Pes

1131 2168 1279 2216 riegefi,
1310 2171 1347 2206 δι
1367 2170 1512 2207 Solinus
1531 2171 1568 2207 in
1590 2170 1798 2219 fragmento
1821 2170 2074 2207 Ponticorum.
2105 2169 2179 2205 Ce-

1130 2225 1249 2256 terum
1279 2232 1362 2258 cum
1387 2220 1598 2258 Scholiastes
1611 2221 1793 2270 Euripidis
1811 2222 1846 2257 in
1860 2227 2078 2268 argumento
2091 2219 2180 2256 Me·

1132 2268 1222 2306 deae
1243 2298 1253 2313 ,
1281 2271 1411 2308 auetor
1434 2279 1738 2320 argumentorum
1768 2273 1803 2307 in
1833 2269 2179 2317 Metamorphoses,

1133 2320 1171 2357 δε
1196 2321 1367 2370 Hyginus
1391 2323 1461 2360 fab.
1483 2334 1649 2359 crxxxn.
1691 2320 1848 2359 Medeae
1876 2321 1971 2365 hoc,
1998 2332 2076 2357 non
2097 2320 2179 2357 Te-

1133 2370 1213 2419 thyi
1235 2373 1419 2417 tribuant,
1448 2373 1676 2410 confiderato
1693 2371 1825 2408 veteris
1843 2371 2034 2419 scripturae
2046 2370 2176 2415 ductu,

1133 2423 1253 2460 verius
1266 2423 1314 2460 est
1335 2434 1373 2461 ut
1385 2424 1547 2472 legamus
1560 2451 1571 2468 ,
1595 2422 1679 2468 petit
1698 2421 1757 2457 hoc
1780 2422 1931 2458 Aeetida
1943 2434 2070 2458 munus
2084 2437 2094 2457 :
2115 2433 2179 2459 ro-

1129 2473 1238 2521 gandi
1271 2476 1370 2512 enim
1400 2475 1508 2511 verba
1537 2474 1729 2521 geminum
1755 2484 1879 2521 regere
1910 2472 2028 2510 casum
2049 2471 2179 2509 docuit

1127 2532 1232 2570 pater
1249 2525 1396 2562 Voffius
1416 2524 1460 2561 de
1474 2521 1756 2560 Construcstione
1775 2534 1852 2571 cap.
1874 2535 1922 2569 40
1956 2523 2005 2561 ita
2023 2522 2083 2560 lib.
2096 2533 2179 2560 xiv.

1130 2574 1213 2619 787.
1242 2587 1287 2612 ex
1308 2575 1417 2612 MSS.
1443 2573 1501 2610 hos
1518 2573 1606 2622 petit
1623 2572 1812 2610 auxilium.
1847 2574 2038 2611 Praeterea
2062 2573 2179 2617 malo,

1126 2625 1213 2673 petit
1240 2625 1297 2661 hos
1329 2637 1456 2661 munus
1480 2652 1490 2667 ,
1526 2634 1637 2673 quam
1661 2623 1744 2665 hoc,
1773 2635 1895 2661 annos
1920 2625 2108 2668 videlicet,
2135 2633 2178 2662 ut

1131 2675 1284 2711 nitidam
1304 2684 1379 2717 cape
1411 2686 1557 2711 munera
1577 2687 1721 2711 vaccam
1749 2675 1811 2712 lib.
1838 2688 1884 2712 11.
1907 2676 1990 2724 694.
2032 2676 2179 2713 Hfims.

1131 2726 1246 2762 Rec‘te
1260 2753 1270 2768 ‚
1298 2734 1337 2762 ut
1358 2733 1448 2772 puto
1461 2753 1471 2769 ,
1496 2723 1580 2774 petit
1599 2724 1660 2761 hoc
1678 2725 1830 2762 Aeetida
1850 2739 1990 2764 munus.
2009 2727 2057 2764 ita
2077 2725 2175 2775 apud

1131 2774 1309 2822 Quinffil.
1323 2776 1427 2813 Decl.
1448 2788 1499 2813 lx.
1513 2789 1546 2813 2.
1560 2787 1604 2813 ex
1623 2776 1702 2813 MS.
1731 2777 1791 2827 qui
1818 2777 1991 2827 quidquid
2008 2777 2092 2826 petii
2118 2787 2177 2813 oa-

1121 2836 1217 2867 ‘trem
1234 2852 1242 2867 ‚
1269 2826 1413 2862 exoravi
1452 2827 1509 2864 Si'c
1533 2828 1569 2864 ὅ(
1591 2828 1628 2864 in
1648 2837 1868 2877 argumento
1888 2829 1948 2865 lib.
1968 2840 2039 2864 vn.
2060 2826 2176 2863 faba.

1127 2876 1167 2912 in
1188 2875 1352 2914 editione
1378 2878 1514 2919 Colon.
1531 2878 1686 2926 legitur.
1711 2879 1811 2927 petiit
1832 2891 1909 2915 eam
1932 2889 1973 2914 ut
1995 2886 2181 2930 parentem¹

1121 2937 1196 2965 σε.
1224 2927 1405 2965 reduceret.
1435 2930 1474 2966 δῖ
1501 2929 1597 2976 apud
1623 2929 1777 2967 Phaedr.
1812 2941 1841 2966 1.
1870 2942 1902 2965 2.
1930 2941 2037 2975 regem
2069 2935 2174 2973 petze-

1125 2988 1211 3017 runt
1231 2977 1384 3023 Jovem,
1413 2987 1452 3016 ut
1467 2979 1617 3028 quidam
1638 2980 1764 3028 legunt
1804 2979 1851 3017 fic
1864 2975 2069 3031 Schegl<.ad
2086 2974 2174 3010 Vel-

1124 3026 1183 3077 lej.
1205 3028 1343 3067 Patere.
1363 3042 1409 3066 11.
1430 3042 1507 3068 102.
1536 3043 1580 3067 ex
1607 3033 1640 3065 M
1651 3030 1708 3067 SS.
1726 3029 1822 3078 apud
1844 3026 2175 3066 Taciturnhb.x11.

1128 3078 1264 3117 Annal.
1292 3080 1394 3128 legit,
1426 3080 1592 3117 Barbaros
1611 3081 1716 3116 malle
1744 3087 1887 3116 Romam
1908 3089 2014 3124 regem
2036 3084 2173 3131 petere,

1117 3129 1166 3170 ,ὃς
1192 3131 1369 3178 exemplis
1389 3131 1464 3168 aliis
1486 3130 1691 3168 confirmat.
1719 3130 1813 3177 apud
1834 3127 2006 3165 Nostrum
2019 3125 2173 3166 hb.x1v.

1131 3190 1211 3226 ¹39·
1241 3191 1333 3216 unus
1361 3180 1505 3216 Heinfii
1537 3180 1666 3216 Codex
1700 3179 1864 3218 habebat.
1905 3184 2007 3216 Hunc
2022 3185 2173 3226 peterem

1122 3225 1272 3275 juvenes
1294 3241 1415 3269 annas,
1439 3229 1695 3268 Bummmus.

2045 3336 2067 3379 ξ·
2079 3334 2181 3381 ''Her-J
