<?xml version="1.0" encoding="UTF-8"?>
<!DOCTYPE html PUBLIC "-//W3C//DTD XHTML 1.0 Transitional//EN"
    "http://www.w3.org/TR/xhtml1/DTD/xhtml1-transitional.dtd">
<html xmlns="http://www.w3.org/1999/xhtml" xml:lang="en" lang="en">
 <head>
  <title>
</title>
<meta http-equiv="Content-Type" content="text/html;charset=utf-8" />
  <meta name='ocr-system' content='tesseract 3.04.00' />
  <meta name='ocr-capabilities' content='ocr_page ocr_carea ocr_par ocr_line ocrx_word'/>
</head>
<body>
  <div class='ocr_page' id='page_1' title='image "./publiiovidiinaso02ovid_0203.png"; bbox 0 0 2483 3616; ppageno 0'>
   <div class='ocr_carea' id='block_1_1' title="bbox 291 162 1897 265">
    <p class='ocr_par' dir='ltr' id='par_1_1' title="bbox 291 162 1897 265">
     <span class='ocr_line' id='line_1_1' title="bbox 291 162 1897 265; baseline -0.002 0"><span class='ocrx_word' id='word_1_1' title='bbox 291 162 1897 265; x_wconf 66' lang='lat' dir='ltr'><strong>METAMORPHOSEONLmiu</strong></span> 
     </span>
    </p>
   </div>
   <div class='ocr_carea' id='block_1_2' title="bbox 1542 106 1567 115">
    <p class='ocr_par' dir='ltr' id='par_1_2' title="bbox 1542 106 1567 115">
     <span class='ocr_line' id='line_1_2' title="bbox 1542 106 1567 115; baseline 0 0"><span class='ocrx_word' id='word_1_2' title='bbox 1542 106 1567 115; x_wconf 67' lang='grc' dir='ltr'><strong>-ε</strong></span> 
     </span>
    </p>
   </div>
   <div class='ocr_carea' id='block_1_3' title="bbox 168 303 1843 1464">
    <p class='ocr_par' dir='ltr' id='par_1_3' title="bbox 168 303 1843 1464">
     <span class='ocr_line' id='line_1_3' title="bbox 312 303 1797 379; baseline -0.001 -18"><span class='ocrx_word' id='word_1_3' title='bbox 312 306 622 379; x_wconf 84' lang='lat' dir='ltr'>Eloquitur,</span> <span class='ocrx_word' id='word_1_4' title='bbox 659 322 820 377; x_wconf 87' lang='lat' dir='ltr'><strong>quam</strong></span> <span class='ocrx_word' id='word_1_5' title='bbox 845 304 998 359; x_wconf 84' lang='lat' dir='ltr'><strong>clade</strong></span> <span class='ocrx_word' id='word_1_6' title='bbox 1022 304 1213 360; x_wconf 88' lang='lat' dir='ltr'><strong>domus</strong></span> <span class='ocrx_word' id='word_1_7' title='bbox 1238 303 1301 358; x_wconf 81' lang='lat' dir='ltr'><strong>ab</strong></span> <span class='ocrx_word' id='word_1_8' title='bbox 1327 308 1581 376; x_wconf 83' lang='lat' dir='ltr'><strong>Agenore</strong></span> <span class='ocrx_word' id='word_1_9' title='bbox 1608 305 1797 360; x_wconf 63' lang='lat' dir='ltr'><strong>ductae</strong></span> 
     </span>
     <span class='ocr_line' id='line_1_4' title="bbox 315 377 1693 450; baseline -0.002 -16"><span class='ocrx_word' id='word_1_10' title='bbox 315 378 556 434; x_wconf 80' lang='lat' dir='ltr'><strong>Gaudet:</strong></span> <span class='ocrx_word' id='word_1_11' title='bbox 598 378 653 430; x_wconf 83' lang='lat'>&amp;</span> <span class='ocrx_word' id='word_1_12' title='bbox 681 380 709 431; x_wconf 68' lang='lat'><strong>{1</strong></span> <span class='ocrx_word' id='word_1_13' title='bbox 736 377 906 449; x_wconf 67' lang='lat' dir='ltr'><strong>Tyria</strong></span> <span class='ocrx_word' id='word_1_14' title='bbox 933 377 1215 431; x_wconf 66' lang='lat' dir='ltr'><strong>collecium</strong></span> <span class='ocrx_word' id='word_1_15' title='bbox 1237 377 1425 450; x_wconf 86' lang='lat' dir='ltr'><strong>pellice</strong></span> <span class='ocrx_word' id='word_1_16' title='bbox 1449 379 1693 433; x_wconf 83' lang='lat' dir='ltr'><strong>transfert</strong></span> 
     </span>
     <span class='ocr_line' id='line_1_5' title="bbox 309 449 1548 523; baseline -0.001 -16"><span class='ocrx_word' id='word_1_17' title='bbox 309 453 366 507; x_wconf 89' lang='lat' dir='ltr'><strong>In</strong></span> <span class='ocrx_word' id='word_1_18' title='bbox 393 450 598 523; x_wconf 85' lang='lat' dir='ltr'><strong>generis</strong></span> <span class='ocrx_word' id='word_1_19' title='bbox 624 449 794 504; x_wconf 90' lang='lat' dir='ltr'><strong>socios</strong></span> <span class='ocrx_word' id='word_1_20' title='bbox 830 450 1032 504; x_wconf 92' lang='lat' dir='ltr'><strong>odium.</strong></span> <span class='ocrx_word' id='word_1_21' title='bbox 1069 451 1205 505; x_wconf 80' lang='lat' dir='ltr'>subit</span> <span class='ocrx_word' id='word_1_22' title='bbox 1227 468 1354 504; x_wconf 91' lang='lat' dir='ltr'><strong>ecce</strong></span> <span class='ocrx_word' id='word_1_23' title='bbox 1382 451 1548 522; x_wconf 86' lang='lat' dir='ltr'><strong>priori</strong></span> 
     </span>
     <span class='ocr_line' id='line_1_6' title="bbox 168 522 1843 595; baseline 0.001 -20"><span class='ocrx_word' id='word_1_24' title='bbox 168 526 272 575; x_wconf 81' lang='lat'><strong>260</strong></span> <span class='ocrx_word' id='word_1_25' title='bbox 308 522 498 578; x_wconf 76' lang='lat' dir='ltr'><strong>Caussa</strong></span> <span class='ocrx_word' id='word_1_26' title='bbox 522 539 735 584; x_wconf 85' lang='lat' dir='ltr'><strong>1·ecens;</strong></span> <span class='ocrx_word' id='word_1_27' title='bbox 774 523 1150 595; x_wconf 86' lang='lat' dir='ltr'><strong>gravidamque</strong></span> <span class='ocrx_word' id='word_1_28' title='bbox 1176 522 1324 576; x_wconf 88' lang='lat' dir='ltr'><strong>dolet</strong></span> <span class='ocrx_word' id='word_1_29' title='bbox 1350 524 1418 577; x_wconf 90' lang='lat' dir='ltr'><strong>de</strong></span> <span class='ocrx_word' id='word_1_30' title='bbox 1443 523 1641 578; x_wconf 84' lang='lat' dir='ltr'><strong>semine</strong></span> <span class='ocrx_word' id='word_1_31' title='bbox 1665 522 1843 594; x_wconf 84' lang='lat' dir='ltr'><strong>magni</strong></span> 
     </span>
     <span class='ocr_line' id='line_1_7' title="bbox 307 594 1765 668; baseline -0.001 -17"><span class='ocrx_word' id='word_1_32' title='bbox 307 595 429 651; x_wconf 88' lang='lat' dir='ltr'><strong>Esse</strong></span> <span class='ocrx_word' id='word_1_33' title='bbox 447 595 593 666; x_wconf 85' lang='lat' dir='ltr'><strong>Jovis</strong></span> <span class='ocrx_word' id='word_1_34' title='bbox 618 594 876 649; x_wconf 84' lang='lat' dir='ltr'><strong>Semelen.</strong></span> <span class='ocrx_word' id='word_1_35' title='bbox 918 609 1032 650; x_wconf 89' lang='lat' dir='ltr'><strong>tum</strong></span> <span class='ocrx_word' id='word_1_36' title='bbox 1058 597 1292 665; x_wconf 84' lang='lat' dir='ltr'><strong>linguam</strong></span> <span class='ocrx_word' id='word_1_37' title='bbox 1319 595 1385 648; x_wconf 86' lang='lat' dir='ltr'><strong>ad</strong></span> <span class='ocrx_word' id='word_1_38' title='bbox 1407 595 1578 668; x_wconf 87' lang='lat' dir='ltr'><strong>jurgia</strong></span> <span class='ocrx_word' id='word_1_39' title='bbox 1599 596 1765 650; x_wconf 87' lang='lat' dir='ltr'><strong>solvit.</strong></span> 
     </span>
     <span class='ocr_line' id='line_1_8' title="bbox 309 665 1530 740; baseline -0.001 -17"><span class='ocrx_word' id='word_1_40' title='bbox 309 665 486 724; x_wconf 84' lang='lat' dir='ltr'><strong>Effeci</strong></span> <span class='ocrx_word' id='word_1_41' title='bbox 510 667 641 740; x_wconf 88' lang='lat' dir='ltr'><strong>quid</strong></span> <span class='ocrx_word' id='word_1_42' title='bbox 668 669 810 722; x_wconf 91' lang='lat' dir='ltr'><strong>enim</strong></span> <span class='ocrx_word' id='word_1_43' title='bbox 835 668 994 722; x_wconf 90' lang='lat' dir='ltr'><strong>toties</strong></span> <span class='ocrx_word' id='word_1_44' title='bbox 1022 685 1116 740; x_wconf 89' lang='lat' dir='ltr'><strong>per</strong></span> <span class='ocrx_word' id='word_1_45' title='bbox 1136 668 1335 739; x_wconf 83' lang='lat' dir='ltr'><strong>jurgia?</strong></span> <span class='ocrx_word' id='word_1_46' title='bbox 1377 668 1530 722; x_wconf 81' lang='lat' dir='ltr'><strong>dixit.</strong></span> 
     </span>
     <span class='ocr_line' id='line_1_9' title="bbox 308 739 1663 814; baseline -0.001 -18"><span class='ocrx_word' id='word_1_47' title='bbox 308 740 416 812; x_wconf 85' lang='lat' dir='ltr'><strong>Ipsa</strong></span> <span class='ocrx_word' id='word_1_48' title='bbox 440 740 671 814; x_wconf 86' lang='lat' dir='ltr'><strong>petenda</strong></span> <span class='ocrx_word' id='word_1_49' title='bbox 697 740 826 795; x_wconf 90' lang='lat' dir='ltr'><strong>mihi</strong></span> <span class='ocrx_word' id='word_1_50' title='bbox 850 739 948 794; x_wconf 88' lang='lat' dir='ltr'><strong>est:</strong></span> <span class='ocrx_word' id='word_1_51' title='bbox 989 741 1177 812; x_wconf 86' lang='lat' dir='ltr'><strong>ipsam,</strong></span> <span class='ocrx_word' id='word_1_52' title='bbox 1216 740 1253 794; x_wconf 90' lang='lat' dir='ltr'>fi</span> <span class='ocrx_word' id='word_1_53' title='bbox 1276 741 1503 795; x_wconf 75' lang='lat' dir='ltr'><strong>maxima</strong></span> <span class='ocrx_word' id='word_1_54' title='bbox 1521 740 1663 810; x_wconf 87' lang='lat' dir='ltr'><strong>Juno</strong></span> 
     </span>
     <span class='ocr_line' id='line_1_10' title="bbox 310 812 1708 884; baseline 0 -16"><span class='ocrx_word' id='word_1_55' title='bbox 310 814 443 869; x_wconf 84' lang='lat' dir='ltr'><strong>Rite</strong></span> <span class='ocrx_word' id='word_1_56' title='bbox 467 831 666 876; x_wconf 88' lang='lat' dir='ltr'><strong>vocor,</strong></span> <span class='ocrx_word' id='word_1_57' title='bbox 706 812 956 884; x_wconf 83' lang='lat' dir='ltr'><strong>perdam3</strong></span> <span class='ocrx_word' id='word_1_58' title='bbox 998 813 1035 866; x_wconf 91' lang='lat' dir='ltr'>fi</span> <span class='ocrx_word' id='word_1_59' title='bbox 1060 831 1146 867; x_wconf 92' lang='lat' dir='ltr'><strong>me</strong></span> <span class='ocrx_word' id='word_1_60' title='bbox 1171 814 1491 884; x_wconf 78' lang='lat' dir='ltr'><strong>gemmantia</strong></span> <span class='ocrx_word' id='word_1_61' title='bbox 1517 813 1708 868; x_wconf 60' lang='lat' dir='ltr'><strong>dextra</strong></span> 
     </span>
     <span class='ocr_line' id='line_1_11' title="bbox 169 884 1681 958; baseline 0.002 -21"><span class='ocrx_word' id='word_1_62' title='bbox 169 888 270 954; x_wconf 83' lang='lat'><strong>265</strong></span> <span class='ocrx_word' id='word_1_63' title='bbox 311 887 528 958; x_wconf 82' lang='lat' dir='ltr'><strong>Sceptra</strong></span> <span class='ocrx_word' id='word_1_64' title='bbox 549 899 732 939; x_wconf 85' lang='lat' dir='ltr'><strong>tenere</strong></span> <span class='ocrx_word' id='word_1_65' title='bbox 761 885 952 946; x_wconf 90' lang='lat' dir='ltr'><strong>decet;</strong></span> <span class='ocrx_word' id='word_1_66' title='bbox 995 884 1032 938; x_wconf 87' lang='lat' dir='ltr'>fi</span> <span class='ocrx_word' id='word_1_67' title='bbox 1056 886 1168 941; x_wconf 91' lang='lat' dir='ltr'><strong>sum</strong></span> <span class='ocrx_word' id='word_1_68' title='bbox 1190 886 1398 956; x_wconf 86' lang='lat' dir='ltr'><strong>regina,</strong></span> <span class='ocrx_word' id='word_1_69' title='bbox 1430 885 1681 958; x_wconf 88' lang='lat' dir='ltr'><strong>Jovisque</strong></span> 
     </span>
     <span class='ocr_line' id='line_1_12' title="bbox 312 957 1817 1030; baseline 0 -17"><span class='ocrx_word' id='word_1_70' title='bbox 312 959 386 1014; x_wconf 87' lang='lat' dir='ltr'><strong>Et</strong></span> <span class='ocrx_word' id='word_1_71' title='bbox 412 958 560 1012; x_wconf 87' lang='lat' dir='ltr'><strong>soror</strong></span> <span class='ocrx_word' id='word_1_72' title='bbox 585 958 640 1011; x_wconf 66' lang='grc' dir='ltr'><strong>δε</strong></span> <span class='ocrx_word' id='word_1_73' title='bbox 665 957 874 1028; x_wconf 77' lang='lat' dir='ltr'><strong>conjux.</strong></span> <span class='ocrx_word' id='word_1_74' title='bbox 915 970 1060 1010; x_wconf 87' lang='lat' dir='ltr'><strong>certe</strong></span> <span class='ocrx_word' id='word_1_75' title='bbox 1085 957 1248 1010; x_wconf 87' lang='lat' dir='ltr'><strong>soror.</strong></span> <span class='ocrx_word' id='word_1_76' title='bbox 1289 970 1340 1010; x_wconf 88' lang='lat' dir='ltr'><strong>at</strong></span> <span class='ocrx_word' id='word_1_77' title='bbox 1375 971 1536 1030; x_wconf 86' lang='lat' dir='ltr'><strong>put0‚</strong></span> <span class='ocrx_word' id='word_1_78' title='bbox 1573 958 1718 1013; x_wconf 88' lang='lat' dir='ltr'><strong>furto</strong></span> <span class='ocrx_word' id='word_1_79' title='bbox 1743 957 1817 1013; x_wconf 88' lang='lat' dir='ltr'><strong>est</strong></span> 
     </span>
     <span class='ocr_line' id='line_1_13' title="bbox 313 1028 1655 1098; baseline 0 -14"><span class='ocrx_word' id='word_1_80' title='bbox 313 1031 612 1085; x_wconf 89' lang='lat' dir='ltr'><strong>Contenta:</strong></span> <span class='ocrx_word' id='word_1_81' title='bbox 654 1030 709 1083; x_wconf 84' lang='lat'>&amp;</span> <span class='ocrx_word' id='word_1_82' title='bbox 736 1028 947 1082; x_wconf 87' lang='lat' dir='ltr'><strong>thalami</strong></span> <span class='ocrx_word' id='word_1_83' title='bbox 971 1028 1144 1082; x_wconf 89' lang='lat' dir='ltr'><strong>brevis</strong></span> <span class='ocrx_word' id='word_1_84' title='bbox 1172 1029 1246 1083; x_wconf 88' lang='lat' dir='ltr'><strong>est</strong></span> <span class='ocrx_word' id='word_1_85' title='bbox 1269 1028 1454 1098; x_wconf 85' lang='lat' dir='ltr'><strong>injuria</strong></span> <span class='ocrx_word' id='word_1_86' title='bbox 1478 1029 1655 1084; x_wconf 85' lang='lat' dir='ltr'><strong>nostri.</strong></span> 
     </span>
     <span class='ocr_line' id='line_1_14' title="bbox 313 1100 1776 1175; baseline 0 -18"><span class='ocrx_word' id='word_1_87' title='bbox 313 1103 599 1175; x_wconf 86' lang='lat' dir='ltr'><strong>Concipit3</strong></span> <span class='ocrx_word' id='word_1_88' title='bbox 639 1102 692 1155; x_wconf 89' lang='lat' dir='ltr'><strong>id</strong></span> <span class='ocrx_word' id='word_1_89' title='bbox 720 1101 929 1154; x_wconf 86' lang='lat' dir='ltr'><strong>deerat:</strong></span> <span class='ocrx_word' id='word_1_90' title='bbox 971 1100 1345 1172; x_wconf 88' lang='lat' dir='ltr'><strong>manifestaque</strong></span> <span class='ocrx_word' id='word_1_91' title='bbox 1371 1102 1593 1155; x_wconf 80' lang='lat' dir='ltr'><strong>crimina</strong></span> <span class='ocrx_word' id='word_1_92' title='bbox 1616 1104 1776 1174; x_wconf 90' lang='lat' dir='ltr'><strong>pleno</strong></span> 
     </span>
     <span class='ocr_line' id='line_1_15' title="bbox 314 1173 1813 1246; baseline -0.001 -16"><span class='ocrx_word' id='word_1_93' title='bbox 314 1176 442 1230; x_wconf 88' lang='lat' dir='ltr'><strong>Fert</strong></span> <span class='ocrx_word' id='word_1_94' title='bbox 463 1189 645 1228; x_wconf 86' lang='lat' dir='ltr'><strong>utero:</strong></span> <span class='ocrx_word' id='word_1_95' title='bbox 687 1174 741 1226; x_wconf 83' lang='lat'>&amp;</span> <span class='ocrx_word' id='word_1_96' title='bbox 767 1186 961 1236; x_wconf 83' lang='lat' dir='ltr'><strong>mater,</strong></span> <span class='ocrx_word' id='word_1_97' title='bbox 1000 1174 1150 1245; x_wconf 88' lang='lat' dir='ltr'><strong>quod</strong></span> <span class='ocrx_word' id='word_1_98' title='bbox 1176 1174 1267 1226; x_wconf 72' lang='lat' dir='ltr'><strong>vix</strong></span> <span class='ocrx_word' id='word_1_99' title='bbox 1290 1173 1418 1227; x_wconf 87' lang='lat' dir='ltr'><strong>mihi</strong></span> <span class='ocrx_word' id='word_1_100' title='bbox 1442 1174 1668 1246; x_wconf 84' lang='lat' dir='ltr'><strong>contigit</strong></span> <span class='ocrx_word' id='word_1_101' title='bbox 1691 1175 1813 1238; x_wconf 84' lang='lat' dir='ltr'><strong>uni,</strong></span> 
     </span>
     <span class='ocr_line' id='line_1_16' title="bbox 174 1245 1587 1317; baseline -0.001 -17"><span class='ocrx_word' id='word_1_102' title='bbox 174 1266 278 1315; x_wconf 86' lang='lat'><strong>270</strong></span> <span class='ocrx_word' id='word_1_103' title='bbox 313 1249 401 1303; x_wconf 92' lang='lat' dir='ltr'><strong>De</strong></span> <span class='ocrx_word' id='word_1_104' title='bbox 418 1247 553 1317; x_wconf 84' lang='lat' dir='ltr'><strong>Jove</strong></span> <span class='ocrx_word' id='word_1_105' title='bbox 576 1246 688 1299; x_wconf 89' lang='lat' dir='ltr'><strong>vult</strong></span> <span class='ocrx_word' id='word_1_106' title='bbox 713 1246 840 1299; x_wconf 86' lang='lat' dir='ltr'><strong>fieri.</strong></span> <span class='ocrx_word' id='word_1_107' title='bbox 879 1258 1022 1299; x_wconf 82' lang='lat' dir='ltr'><strong>tanta</strong></span> <span class='ocrx_word' id='word_1_108' title='bbox 1047 1245 1120 1300; x_wconf 90' lang='lat' dir='ltr'><strong>est</strong></span> <span class='ocrx_word' id='word_1_109' title='bbox 1144 1245 1338 1299; x_wconf 83' lang='lat' dir='ltr'><strong>fiducia</strong></span> <span class='ocrx_word' id='word_1_110' title='bbox 1368 1245 1587 1300; x_wconf 82' lang='lat' dir='ltr'><strong>formae.</strong></span> 
     </span>
     <span class='ocr_line' id='line_1_17' title="bbox 316 1317 1584 1378; baseline -0.002 -5"><span class='ocrx_word' id='word_1_111' title='bbox 316 1317 796 1374; x_wconf 55' lang='lat' dir='ltr'><strong>Fhssateanifiuax</strong></span> <span class='ocrx_word' id='word_1_112' title='bbox 838 1317 1584 1378; x_wconf 63' lang='lat' dir='ltr'><strong>necfuniSannTna31inon</strong></span> 
     </span>
     <span class='ocr_line' id='line_1_18' title="bbox 315 1390 1686 1464; baseline 0 -18"><span class='ocrx_word' id='word_1_113' title='bbox 315 1391 404 1446; x_wconf 80' lang='lat' dir='ltr'><strong>Ab</strong></span> <span class='ocrx_word' id='word_1_114' title='bbox 418 1390 557 1462; x_wconf 85' lang='lat' dir='ltr'><strong>Jove</strong></span> <span class='ocrx_word' id='word_1_115' title='bbox 581 1391 748 1446; x_wconf 82' lang='lat' dir='ltr'><strong>mersa</strong></span> <span class='ocrx_word' id='word_1_116' title='bbox 772 1391 864 1445; x_wconf 78' lang='lat' dir='ltr'><strong>suo</strong></span> <span class='ocrx_word' id='word_1_117' title='bbox 887 1391 1090 1464; x_wconf 83' lang='lat' dir='ltr'><strong>Stygias</strong></span> <span class='ocrx_word' id='word_1_118' title='bbox 1116 1391 1402 1463; x_wconf 85' lang='lat' dir='ltr'><strong>penetrarit</strong></span> <span class='ocrx_word' id='word_1_119' title='bbox 1425 1391 1480 1446; x_wconf 88' lang='lat' dir='ltr'><strong>in</strong></span> <span class='ocrx_word' id='word_1_120' title='bbox 1503 1390 1686 1446; x_wconf 79' lang='lat' dir='ltr'><strong>undas,</strong></span> 
     </span>
    </p>
   </div>
   <div class='ocr_carea' id='block_1_4' title="bbox 19 1593 1074 3384">
    <p class='ocr_par' dir='ltr' id='par_1_4' title="bbox 19 1593 1066 1946">
     <span class='ocr_line' id='line_1_19' title="bbox 19 1593 1060 1645; baseline -0.001 -12"><span class='ocrx_word' id='word_1_121' title='bbox 19 1594 186 1644; x_wconf 65' lang='lat' dir='ltr'><strong>&#39;exsulum</strong></span> <span class='ocrx_word' id='word_1_122' title='bbox 217 1596 379 1645; x_wconf 84' lang='lat' dir='ltr'><strong>impetum</strong></span> <span class='ocrx_word' id='word_1_123' title='bbox 402 1593 439 1631; x_wconf 75' lang='lat' dir='ltr'><strong>in</strong></span> <span class='ocrx_word' id='word_1_124' title='bbox 458 1593 735 1631; x_wconf 67' lang='lat' dir='ltr'><strong>Lacedaemo-aios</strong></span> <span class='ocrx_word' id='word_1_125' title='bbox 745 1596 915 1642; x_wconf 67' lang='lat' dir='ltr'><strong>ficerunt.</strong></span> <span class='ocrx_word' id='word_1_126' title='bbox 934 1595 980 1632; x_wconf 80' lang='lat' dir='ltr'><strong>Et</strong></span> <span class='ocrx_word' id='word_1_127' title='bbox 999 1593 1060 1632; x_wconf 87' lang='lat' dir='ltr'><strong>lib.</strong></span> 
     </span>
     <span class='ocr_line' id='line_1_20' title="bbox 33 1644 1061 1693; baseline -0.001 -11"><span class='ocrx_word' id='word_1_128' title='bbox 33 1658 128 1683; x_wconf 72' lang='lat' dir='ltr'><strong>nu.</strong></span> <span class='ocrx_word' id='word_1_129' title='bbox 175 1646 226 1682; x_wconf 85' lang='lat' dir='ltr'><strong>Ibi</strong></span> <span class='ocrx_word' id='word_1_130' title='bbox 257 1660 332 1682; x_wconf 69' lang='lat' dir='ltr'><strong>cum</strong></span> <span class='ocrx_word' id='word_1_131' title='bbox 374 1645 542 1681; x_wconf 68' lang='lat' dir='ltr'><strong>laceratus</strong></span> <span class='ocrx_word' id='word_1_132' title='bbox 576 1644 700 1692; x_wconf 71' lang='lat' dir='ltr'><strong>jurgiis</strong></span> <span class='ocrx_word' id='word_1_133' title='bbox 742 1645 932 1681; x_wconf 71' lang='lat' dir='ltr'><strong>multorum</strong></span> <span class='ocrx_word' id='word_1_134' title='bbox 976 1645 1061 1693; x_wconf 84' lang='lat' dir='ltr'><strong>effet.</strong></span> 
     </span>
     <span class='ocr_line' id='line_1_21' title="bbox 30 1694 1061 1743; baseline 0 -12"><span class='ocrx_word' id='word_1_135' title='bbox 30 1698 144 1733; x_wconf 66' lang='lat' dir='ltr'><strong>Cios.</strong></span> <span class='ocrx_word' id='word_1_136' title='bbox 178 1696 347 1733; x_wconf 85' lang='lat' dir='ltr'><strong>Heinsius</strong></span> <span class='ocrx_word' id='word_1_137' title='bbox 364 1697 437 1732; x_wconf 88' lang='lat' dir='ltr'><strong>hoc</strong></span> <span class='ocrx_word' id='word_1_138' title='bbox 456 1694 722 1732; x_wconf 85' lang='lat' dir='ltr'><strong>hemistichium</strong></span> <span class='ocrx_word' id='word_1_139' title='bbox 744 1695 833 1732; x_wconf 90' lang='lat' dir='ltr'><strong>olim</strong></span> <span class='ocrx_word' id='word_1_140' title='bbox 861 1695 1061 1743; x_wconf 64' lang='lat' dir='ltr'><strong>suspectum</strong></span> 
     </span>
     <span class='ocr_line' id='line_1_22' title="bbox 30 1745 1064 1795; baseline -0.001 -12"><span class='ocrx_word' id='word_1_141' title='bbox 30 1746 206 1791; x_wconf 69' lang='lat' dir='ltr'><strong>habebat,</strong></span> <span class='ocrx_word' id='word_1_142' title='bbox 233 1748 270 1783; x_wconf 72' lang='lat'><strong>8&lt;</strong></span> <span class='ocrx_word' id='word_1_143' title='bbox 293 1747 499 1795; x_wconf 75' lang='lat' dir='ltr'><strong>conjecerat</strong></span> <span class='ocrx_word' id='word_1_144' title='bbox 524 1773 534 1789; x_wconf 91' lang='lat'><strong>,</strong></span> <span class='ocrx_word' id='word_1_145' title='bbox 571 1745 670 1793; x_wconf 71' lang='lat' dir='ltr'><strong>Qid</strong></span> <span class='ocrx_word' id='word_1_146' title='bbox 700 1745 855 1793; x_wconf 75' lang='lat' dir='ltr'><strong>linguam</strong></span> <span class='ocrx_word' id='word_1_147' title='bbox 885 1747 932 1782; x_wconf 80' lang='lat' dir='ltr'><strong>ad</strong></span> <span class='ocrx_word' id='word_1_148' title='bbox 954 1746 1064 1794; x_wconf 77' lang='lat' dir='ltr'><strong>jurgii</strong></span> 
     </span>
     <span class='ocr_line' id='line_1_23' title="bbox 22 1795 1066 1846; baseline 0.001 -14"><span class='ocrx_word' id='word_1_149' title='bbox 22 1796 145 1846; x_wconf 78' lang='lat' dir='ltr'><strong>solvi?</strong></span> <span class='ocrx_word' id='word_1_150' title='bbox 171 1797 228 1833; x_wconf 75' lang='lat' dir='ltr'><strong>vel</strong></span> <span class='ocrx_word' id='word_1_151' title='bbox 242 1797 353 1845; x_wconf 73' lang='lat' dir='ltr'><em>,fhlvo</em></span> <span class='ocrx_word' id='word_1_152' title='bbox 367 1807 381 1834; x_wconf 57' lang='grc' dir='ltr'><strong>,ἓ</strong></span> <span class='ocrx_word' id='word_1_153' title='bbox 395 1796 515 1833; x_wconf 84' lang='lat' dir='ltr'><strong>deleto</strong></span> <span class='ocrx_word' id='word_1_154' title='bbox 535 1795 698 1844; x_wconf 72' lang='lat' dir='ltr'><strong>sequenti</strong></span> <span class='ocrx_word' id='word_1_155' title='bbox 719 1795 834 1839; x_wconf 89' lang='lat' dir='ltr'><strong>versu,</strong></span> <span class='ocrx_word' id='word_1_156' title='bbox 856 1807 968 1844; x_wconf 82' lang='lat' dir='ltr'><strong>quein</strong></span> <span class='ocrx_word' id='word_1_157' title='bbox 991 1797 1066 1833; x_wconf 83' lang='lat' dir='ltr'><strong>La-</strong></span> 
     </span>
     <span class='ocr_line' id='line_1_24' title="bbox 31 1845 1063 1897; baseline -0.001 -13"><span class='ocrx_word' id='word_1_158' title='bbox 31 1847 149 1884; x_wconf 82' lang='lat' dir='ltr'><strong>tinum</strong></span> <span class='ocrx_word' id='word_1_159' title='bbox 172 1859 249 1884; x_wconf 82' lang='lat' dir='ltr'><strong>non</strong></span> <span class='ocrx_word' id='word_1_160' title='bbox 271 1847 431 1895; x_wconf 73' lang='lat' dir='ltr'><strong>putabat,</strong></span> <span class='ocrx_word' id='word_1_161' title='bbox 453 1845 517 1883; x_wconf 88' lang='lat' dir='ltr'><strong>nifi</strong></span> <span class='ocrx_word' id='word_1_162' title='bbox 537 1845 697 1894; x_wconf 75' lang='lat' dir='ltr'><strong>legatur,</strong></span> <span class='ocrx_word' id='word_1_163' title='bbox 718 1847 843 1896; x_wconf 83' lang='lat' dir='ltr'><strong>profeci</strong></span> <span class='ocrx_word' id='word_1_164' title='bbox 865 1847 950 1897; x_wconf 74' lang='lat' dir='ltr'><strong>quid</strong></span> <span class='ocrx_word' id='word_1_165' title='bbox 971 1847 1063 1884; x_wconf 77' lang='lat' dir='ltr'><strong>enim</strong></span> 
     </span>
     <span class='ocr_line' id='line_1_25' title="bbox 35 1898 358 1946; baseline 0.003 -13"><span class='ocrx_word' id='word_1_166' title='bbox 35 1906 86 1933; x_wconf 85' lang='lat' dir='ltr'><strong>tot</strong></span> <span class='ocrx_word' id='word_1_167' title='bbox 107 1898 138 1933; x_wconf 79' lang='lat' dir='ltr'><strong>i&#39;o·</strong></span> <span class='ocrx_word' id='word_1_168' title='bbox 153 1906 213 1946; x_wconf 86' lang='lat' dir='ltr'><strong>per</strong></span> <span class='ocrx_word' id='word_1_169' title='bbox 227 1898 358 1946; x_wconf 75' lang='lat' dir='ltr'><strong>jurgia.</strong></span> 
     </span>
    </p>

    <p class='ocr_par' dir='ltr' id='par_1_5' title="bbox 84 1947 1063 1997">
     <span class='ocr_line' id='line_1_26' title="bbox 84 1947 1063 1997; baseline 0.002 -13"><span class='ocrx_word' id='word_1_170' title='bbox 84 1948 327 1997; x_wconf 76' lang='lat' dir='ltr'><strong>262.Profeci.]</strong></span> <span class='ocrx_word' id='word_1_171' title='bbox 343 1948 507 1985; x_wconf 77' lang='lat' dir='ltr'><strong>Francos.</strong></span> <span class='ocrx_word' id='word_1_172' title='bbox 520 1947 802 1997; x_wconf 69' lang='lat' dir='ltr'><strong>effici‚veimflius</strong></span> <span class='ocrx_word' id='word_1_173' title='bbox 813 1959 900 1984; x_wconf 85' lang='lat' dir='ltr'><strong>meo</strong></span> <span class='ocrx_word' id='word_1_174' title='bbox 908 1948 1063 1996; x_wconf 83' lang='lat' dir='ltr'><strong>judicio.</strong></span> 
     </span>
    </p>

    <p class='ocr_par' dir='ltr' id='par_1_6' title="bbox 84 1998 941 2047">
     <span class='ocr_line' id='line_1_27' title="bbox 84 1998 941 2047; baseline -0.001 -12"><span class='ocrx_word' id='word_1_175' title='bbox 84 1999 168 2042; x_wconf 68' lang='lat'><strong>264.</strong></span> <span class='ocrx_word' id='word_1_176' title='bbox 196 1999 272 2035; x_wconf 86' lang='lat' dir='ltr'><strong>Rite</strong></span> <span class='ocrx_word' id='word_1_177' title='bbox 292 1998 428 2047; x_wconf 55' lang='lat' dir='ltr'><strong>vocam]</strong></span> <span class='ocrx_word' id='word_1_178' title='bbox 459 1998 551 2043; x_wconf 65' lang='lat' dir='ltr'><strong>Jure</strong></span> <span class='ocrx_word' id='word_1_179' title='bbox 571 2012 669 2035; x_wconf 75' lang='lat' dir='ltr'><strong>vocor</strong></span> <span class='ocrx_word' id='word_1_180' title='bbox 691 1998 776 2034; x_wconf 81' lang='lat' dir='ltr'><strong>alter</strong></span> <span class='ocrx_word' id='word_1_181' title='bbox 795 1999 941 2046; x_wconf 81' lang='lat' dir='ltr'><strong>Regius.</strong></span> 
     </span>
    </p>

    <p class='ocr_par' dir='ltr' id='par_1_7' title="bbox 32 2049 1072 2737">
     <span class='ocr_line' id='line_1_28' title="bbox 87 2049 1062 2097; baseline -0.001 -12"><span class='ocrx_word' id='word_1_182' title='bbox 87 2049 170 2094; x_wconf 64' lang='grc' dir='ltr'><strong>ἰός.</strong></span> <span class='ocrx_word' id='word_1_183' title='bbox 198 2049 326 2096; x_wconf 85' lang='lat' dir='ltr'><strong>Sisum</strong></span> <span class='ocrx_word' id='word_1_184' title='bbox 354 2049 494 2097; x_wconf 78' lang='lat' dir='ltr'><strong>regina,</strong></span> <span class='ocrx_word' id='word_1_185' title='bbox 521 2049 692 2097; x_wconf 72' lang='lat' dir='ltr'><strong>Jovlsqtte</strong></span> <span class='ocrx_word' id='word_1_186' title='bbox 722 2061 764 2087; x_wconf 63' lang='lat'><strong>(5¹</strong></span> <span class='ocrx_word' id='word_1_187' title='bbox 783 2049 880 2096; x_wconf 74' lang='lat' dir='ltr'><strong>fhror</strong></span> <span class='ocrx_word' id='word_1_188' title='bbox 911 2062 955 2088; x_wconf 65' lang='grc'><strong>(7</strong></span> <span class='ocrx_word' id='word_1_189' title='bbox 986 2062 1062 2085; x_wconf 83' lang='lat' dir='ltr'><strong>con-</strong></span> 
     </span>
     <span class='ocr_line' id='line_1_29' title="bbox 32 2098 1062 2147; baseline 0.001 -13"><span class='ocrx_word' id='word_1_190' title='bbox 32 2098 132 2147; x_wconf 82' lang='lat' dir='ltr'><strong>jux.]</strong></span> <span class='ocrx_word' id='word_1_191' title='bbox 159 2104 206 2135; x_wconf 81' lang='lat' dir='ltr'><strong>Et</strong></span> <span class='ocrx_word' id='word_1_192' title='bbox 218 2100 312 2146; x_wconf 75' lang='lat' dir='ltr'><strong>fhror</strong></span> <span class='ocrx_word' id='word_1_193' title='bbox 334 2112 377 2138; x_wconf 63' lang='grc' dir='ltr'><strong>ες»</strong></span> <span class='ocrx_word' id='word_1_194' title='bbox 397 2100 529 2146; x_wconf 78' lang='lat' dir='ltr'><strong>conjux.</strong></span> <span class='ocrx_word' id='word_1_195' title='bbox 556 2100 725 2136; x_wconf 84' lang='lat' dir='ltr'><strong>Declarat</strong></span> <span class='ocrx_word' id='word_1_196' title='bbox 746 2099 819 2135; x_wconf 88' lang='lat' dir='ltr'><strong>hoc</strong></span> <span class='ocrx_word' id='word_1_197' title='bbox 844 2101 898 2136; x_wconf 81' lang='lat' dir='ltr'><strong>M.</strong></span> <span class='ocrx_word' id='word_1_198' title='bbox 919 2099 1062 2136; x_wconf 87' lang='lat' dir='ltr'><strong>Tullius</strong></span> 
     </span>
     <span class='ocr_line' id='line_1_30' title="bbox 42 2148 1064 2198; baseline 0.001 -14"><span class='ocrx_word' id='word_1_199' title='bbox 42 2148 100 2184; x_wconf 78' lang='lat' dir='ltr'><strong>lib.</strong></span> <span class='ocrx_word' id='word_1_200' title='bbox 124 2161 164 2186; x_wconf 82' lang='lat'><strong>11.</strong></span> <span class='ocrx_word' id='word_1_201' title='bbox 189 2149 248 2185; x_wconf 84' lang='lat' dir='ltr'><strong>De</strong></span> <span class='ocrx_word' id='word_1_202' title='bbox 268 2157 340 2186; x_wconf 78' lang='lat' dir='ltr'><strong>nat.</strong></span> <span class='ocrx_word' id='word_1_203' title='bbox 361 2149 476 2186; x_wconf 84' lang='lat' dir='ltr'><strong>Deor.</strong></span> <span class='ocrx_word' id='word_1_204' title='bbox 503 2153 580 2187; x_wconf 56' lang='lat' dir='ltr'><strong>A‘e5r</strong></span> <span class='ocrx_word' id='word_1_205' title='bbox 591 2160 706 2186; x_wconf 81' lang='lat' dir='ltr'><strong>autem</strong></span> <span class='ocrx_word' id='word_1_206' title='bbox 722 2177 731 2193; x_wconf 93' lang='lat'>,</span> <span class='ocrx_word' id='word_1_207' title='bbox 759 2160 797 2185; x_wconf 79' lang='lat' dir='ltr'><strong>ut</strong></span> <span class='ocrx_word' id='word_1_208' title='bbox 823 2150 922 2185; x_wconf 84' lang='lat' dir='ltr'><strong>Stoici</strong></span> <span class='ocrx_word' id='word_1_209' title='bbox 951 2150 1064 2198; x_wconf 78' lang='lat' dir='ltr'><strong>dispu-</strong></span> 
     </span>
     <span class='ocr_line' id='line_1_31' title="bbox 43 2198 1066 2247; baseline 0.003 -14"><span class='ocrx_word' id='word_1_210' title='bbox 43 2207 124 2233; x_wconf 74' lang='lat' dir='ltr'><strong>tant</strong></span> <span class='ocrx_word' id='word_1_211' title='bbox 139 2226 149 2241; x_wconf 91' lang='lat'><strong>,</strong></span> <span class='ocrx_word' id='word_1_212' title='bbox 176 2198 366 2247; x_wconf 63' lang='lat' dir='ltr'><strong>interjectus</strong></span> <span class='ocrx_word' id='word_1_213' title='bbox 384 2200 474 2236; x_wconf 83' lang='lat' dir='ltr'><strong>inter</strong></span> <span class='ocrx_word' id='word_1_214' title='bbox 495 2214 591 2236; x_wconf 78' lang='lat' dir='ltr'><strong>mare</strong></span> <span class='ocrx_word' id='word_1_215' title='bbox 613 2228 623 2244; x_wconf 90' lang='lat'>‚</span> <span class='ocrx_word' id='word_1_216' title='bbox 649 2212 692 2239; x_wconf 61' lang='lat' dir='ltr'><strong>i&amp;</strong></span> <span class='ocrx_word' id='word_1_217' title='bbox 722 2199 852 2235; x_wconf 72' lang='lat' dir='ltr'><strong>caelum</strong></span> <span class='ocrx_word' id='word_1_218' title='bbox 876 2227 886 2243; x_wconf 92' lang='lat'>‚</span> <span class='ocrx_word' id='word_1_219' title='bbox 910 2200 1066 2245; x_wconf 66' lang='lat' dir='ltr'><strong>Junonis</strong></span> 
     </span>
     <span class='ocr_line' id='line_1_32' title="bbox 44 2248 1063 2300; baseline 0.003 -18"><span class='ocrx_word' id='word_1_220' title='bbox 44 2248 180 2283; x_wconf 70' lang='lat' dir='ltr'><strong>nomine</strong></span> <span class='ocrx_word' id='word_1_221' title='bbox 200 2250 429 2296; x_wconf 72' lang='lat' dir='ltr'><strong>consecratur,</strong></span> <span class='ocrx_word' id='word_1_222' title='bbox 456 2264 542 2300; x_wconf 75' lang='lat' dir='ltr'><strong>quae</strong></span> <span class='ocrx_word' id='word_1_223' title='bbox 563 2250 605 2298; x_wconf 84' lang='lat' dir='ltr'><strong>est</strong></span> <span class='ocrx_word' id='word_1_224' title='bbox 618 2250 713 2298; x_wconf 82' lang='lat' dir='ltr'><strong>soror</strong></span> <span class='ocrx_word' id='word_1_225' title='bbox 734 2262 777 2289; x_wconf 63' lang='grc' dir='ltr'><strong>(φ</strong></span> <span class='ocrx_word' id='word_1_226' title='bbox 799 2250 920 2298; x_wconf 78' lang='lat' dir='ltr'><strong>conjux</strong></span> <span class='ocrx_word' id='word_1_227' title='bbox 942 2250 1063 2295; x_wconf 77' lang='lat' dir='ltr'><strong>Jovi53</strong></span> 
     </span>
     <span class='ocr_line' id='line_1_33' title="bbox 42 2296 1067 2348; baseline 0.004 -16"><span class='ocrx_word' id='word_1_228' title='bbox 42 2297 134 2347; x_wconf 73' lang='lat' dir='ltr'><strong>quod</strong></span> <span class='ocrx_word' id='word_1_229' title='bbox 166 2296 410 2344; x_wconf 64' lang='lat' dir='ltr'><strong>&amp;similitudo</strong></span> <span class='ocrx_word' id='word_1_230' title='bbox 431 2301 473 2346; x_wconf 78' lang='lat' dir='ltr'><strong>cst</strong></span> <span class='ocrx_word' id='word_1_231' title='bbox 492 2301 659 2345; x_wconf 53' lang='lat' dir='ltr'><strong>aetheris,</strong></span> <span class='ocrx_word' id='word_1_232' title='bbox 686 2312 729 2339; x_wconf 58' lang='lat' dir='ltr'><strong>cy</strong></span> <span class='ocrx_word' id='word_1_233' title='bbox 760 2313 836 2336; x_wconf 77' lang='lat' dir='ltr'><strong>cum</strong></span> <span class='ocrx_word' id='word_1_234' title='bbox 869 2314 901 2336; x_wconf 81' lang='lat' dir='ltr'><strong>eo</strong></span> <span class='ocrx_word' id='word_1_235' title='bbox 922 2300 1067 2348; x_wconf 81' lang='lat' dir='ltr'><strong>summa</strong></span> 
     </span>
     <span class='ocr_line' id='line_1_34' title="bbox 41 2348 1066 2400; baseline 0.005 -18"><span class='ocrx_word' id='word_1_236' title='bbox 41 2348 243 2394; x_wconf 52' lang='lat' dir='ltr'><strong>conjunctio,</strong></span> <span class='ocrx_word' id='word_1_237' title='bbox 290 2349 542 2396; x_wconf 70' lang='lat' dir='ltr'><strong>Effiminarunt</strong></span> <span class='ocrx_word' id='word_1_238' title='bbox 572 2361 688 2390; x_wconf 72' lang='lat' dir='ltr'><strong>autem</strong></span> <span class='ocrx_word' id='word_1_239' title='bbox 720 2364 797 2386; x_wconf 81' lang='lat' dir='ltr'><strong>eum</strong></span> <span class='ocrx_word' id='word_1_240' title='bbox 826 2379 836 2395; x_wconf 88' lang='lat'><strong>,</strong></span> <span class='ocrx_word' id='word_1_241' title='bbox 863 2350 1066 2400; x_wconf 72' lang='lat' dir='ltr'><strong>Junonique</strong></span> 
     </span>
     <span class='ocr_line' id='line_1_35' title="bbox 40 2397 1068 2447; baseline 0.003 -13"><span class='ocrx_word' id='word_1_242' title='bbox 40 2397 239 2434; x_wconf 68' lang='lat' dir='ltr'><strong>tribuerunt</strong></span> <span class='ocrx_word' id='word_1_243' title='bbox 261 2426 270 2443; x_wconf 93' lang='lat'><strong>,</strong></span> <span class='ocrx_word' id='word_1_244' title='bbox 308 2399 396 2447; x_wconf 64' lang='lat' dir='ltr'><strong>quod</strong></span> <span class='ocrx_word' id='word_1_245' title='bbox 427 2399 516 2434; x_wconf 68' lang='lat' dir='ltr'><strong>nihil</strong></span> <span class='ocrx_word' id='word_1_246' title='bbox 535 2400 577 2446; x_wconf 82' lang='lat' dir='ltr'><strong>est</strong></span> <span class='ocrx_word' id='word_1_247' title='bbox 597 2415 629 2436; x_wconf 82' lang='lat' dir='ltr'><strong>eo</strong></span> <span class='ocrx_word' id='word_1_248' title='bbox 651 2401 796 2436; x_wconf 82' lang='lat' dir='ltr'><strong>mollius.</strong></span> <span class='ocrx_word' id='word_1_249' title='bbox 840 2401 887 2437; x_wconf 80' lang='lat' dir='ltr'><strong>Et</strong></span> <span class='ocrx_word' id='word_1_250' title='bbox 915 2401 1068 2437; x_wconf 75' lang='lat' dir='ltr'><strong>Macro-</strong></span> 
     </span>
     <span class='ocr_line' id='line_1_36' title="bbox 41 2447 1067 2498; baseline 0.002 -14"><span class='ocrx_word' id='word_1_251' title='bbox 41 2447 119 2484; x_wconf 88' lang='lat' dir='ltr'><strong>bius</strong></span> <span class='ocrx_word' id='word_1_252' title='bbox 142 2448 201 2483; x_wconf 87' lang='lat' dir='ltr'><strong>lib.</strong></span> <span class='ocrx_word' id='word_1_253' title='bbox 237 2462 259 2485; x_wconf 86' lang='lat'><strong>1.</strong></span> <span class='ocrx_word' id='word_1_254' title='bbox 293 2448 433 2484; x_wconf 78' lang='lat' dir='ltr'><strong>Saturn.</strong></span> <span class='ocrx_word' id='word_1_255' title='bbox 456 2460 530 2495; x_wconf 75' lang='lat' dir='ltr'><strong>cap.</strong></span> <span class='ocrx_word' id='word_1_256' title='bbox 553 2461 648 2485; x_wconf 77' lang='lat' dir='ltr'><strong>xvii.</strong></span> <span class='ocrx_word' id='word_1_257' title='bbox 687 2450 776 2485; x_wconf 84' lang='lat' dir='ltr'><strong>Hinc</strong></span> <span class='ocrx_word' id='word_1_258' title='bbox 797 2450 896 2494; x_wconf 73' lang='lat' dir='ltr'><strong>Juno</strong></span> <span class='ocrx_word' id='word_1_259' title='bbox 917 2451 1067 2498; x_wconf 59' lang='lat' dir='ltr'><strong>&amp;sbror</strong></span> 
     </span>
     <span class='ocr_line' id='line_1_37' title="bbox 43 2498 1069 2547; baseline 0.001 -13"><span class='ocrx_word' id='word_1_260' title='bbox 43 2498 152 2545; x_wconf 73' lang='lat' dir='ltr'><strong>Jovis</strong></span> <span class='ocrx_word' id='word_1_261' title='bbox 190 2509 233 2537; x_wconf 61' lang='grc' dir='ltr'><strong>ω’</strong></span> <span class='ocrx_word' id='word_1_262' title='bbox 265 2500 387 2547; x_wconf 63' lang='lat' dir='ltr'><strong>conjux</strong></span> <span class='ocrx_word' id='word_1_263' title='bbox 408 2509 563 2535; x_wconf 70' lang='lat' dir='ltr'><strong>vocatur.</strong></span> <span class='ocrx_word' id='word_1_264' title='bbox 600 2499 656 2545; x_wconf 79' lang='lat' dir='ltr'><strong>Est</strong></span> <span class='ocrx_word' id='word_1_265' title='bbox 676 2510 792 2534; x_wconf 78' lang='lat' dir='ltr'><strong>autem</strong></span> <span class='ocrx_word' id='word_1_266' title='bbox 815 2500 913 2544; x_wconf 60' lang='lat' dir='ltr'><strong>Jtcno</strong></span> <span class='ocrx_word' id='word_1_267' title='bbox 931 2504 1069 2542; x_wconf 44' lang='grc' dir='ltr'><strong>πέμφ’</strong></span> 
     </span>
     <span class='ocr_line' id='line_1_38' title="bbox 40 2548 1069 2599; baseline -0.001 -14"><span class='ocrx_word' id='word_1_268' title='bbox 40 2549 170 2586; x_wconf 71' lang='lat' dir='ltr'><strong>dicitur</strong></span> <span class='ocrx_word' id='word_1_269' title='bbox 183 2549 279 2596; x_wconf 72' lang='lat' dir='ltr'><strong>fin&#39;or</strong></span> <span class='ocrx_word' id='word_1_270' title='bbox 293 2577 302 2593; x_wconf 91' lang='lat'>,</span> <span class='ocrx_word' id='word_1_271' title='bbox 330 2549 410 2599; x_wconf 71' lang='lat' dir='ltr'><strong>quia</strong></span> <span class='ocrx_word' id='word_1_272' title='bbox 432 2549 550 2596; x_wconf 73' lang='lat' dir='ltr'><strong>iisdem</strong></span> <span class='ocrx_word' id='word_1_273' title='bbox 563 2548 905 2598; x_wconf 72' lang='lat' dir='ltr'><strong>seminibus,quibu5</strong></span> <span class='ocrx_word' id='word_1_274' title='bbox 926 2549 1069 2592; x_wconf 50' lang='lat' dir='ltr'><strong>caeliam,</strong></span> 
     </span>
     <span class='ocr_line' id='line_1_39' title="bbox 43 2599 1072 2648; baseline 0.001 -13"><span class='ocrx_word' id='word_1_275' title='bbox 43 2599 148 2635; x_wconf 78' lang='lat' dir='ltr'><strong>etiam</strong></span> <span class='ocrx_word' id='word_1_276' title='bbox 170 2602 231 2635; x_wconf 77' lang='lat' dir='ltr'><strong>cz&#39;e&#39;r</strong></span> <span class='ocrx_word' id='word_1_277' title='bbox 251 2599 294 2645; x_wconf 82' lang='lat' dir='ltr'><strong>est</strong></span> <span class='ocrx_word' id='word_1_278' title='bbox 307 2609 513 2647; x_wconf 71' lang='lat' dir='ltr'><strong>procreatus.</strong></span> <span class='ocrx_word' id='word_1_279' title='bbox 542 2600 663 2646; x_wconf 76' lang='lat' dir='ltr'><strong>conjux</strong></span> <span class='ocrx_word' id='word_1_280' title='bbox 678 2627 687 2642; x_wconf 95' lang='lat'>‚</span> <span class='ocrx_word' id='word_1_281' title='bbox 714 2599 796 2648; x_wconf 75' lang='lat' dir='ltr'><strong>quia</strong></span> <span class='ocrx_word' id='word_1_282' title='bbox 828 2602 889 2634; x_wconf 76' lang='lat' dir='ltr'><strong>cz&#39;e&#39;r</strong></span> <span class='ocrx_word' id='word_1_283' title='bbox 902 2599 1072 2647; x_wconf 41' lang='lat' dir='ltr'><strong>subiecsffus</strong></span> 
     </span>
     <span class='ocr_line' id='line_1_40' title="bbox 42 2648 1037 2697; baseline 0 -12"><span class='ocrx_word' id='word_1_284' title='bbox 42 2649 86 2695; x_wconf 83' lang='lat' dir='ltr'><strong>est</strong></span> <span class='ocrx_word' id='word_1_285' title='bbox 105 2649 202 2686; x_wconf 74' lang='lat' dir='ltr'><strong>caclo.</strong></span> <span class='ocrx_word' id='word_1_286' title='bbox 230 2649 332 2697; x_wconf 84' lang='lat' dir='ltr'><strong>Lege</strong></span> <span class='ocrx_word' id='word_1_287' title='bbox 355 2649 465 2686; x_wconf 72' lang='lat' dir='ltr'><strong>etiam</strong></span> <span class='ocrx_word' id='word_1_288' title='bbox 488 2648 654 2685; x_wconf 82' lang='lat' dir='ltr'><strong>Servium</strong></span> <span class='ocrx_word' id='word_1_289' title='bbox 676 2649 712 2685; x_wconf 88' lang='lat' dir='ltr'><strong>in</strong></span> <span class='ocrx_word' id='word_1_290' title='bbox 735 2649 857 2696; x_wconf 78' lang='lat' dir='ltr'><strong>primo</strong></span> <span class='ocrx_word' id='word_1_291' title='bbox 880 2648 1037 2686; x_wconf 86' lang='lat' dir='ltr'><strong>Aeneid.</strong></span> 
     </span>
     <span class='ocr_line' id='line_1_41' title="bbox 43 2700 258 2737; baseline 0 -1"><span class='ocrx_word' id='word_1_292' title='bbox 43 2700 258 2737; x_wconf 69' lang='lat' dir='ltr'><strong>CxorAnus.</strong></span> 
     </span>
    </p>

    <p class='ocr_par' dir='ltr' id='par_1_8' title="bbox 42 2747 1074 2993">
     <span class='ocr_line' id='line_1_42' title="bbox 93 2747 1073 2799; baseline -0.001 -12"><span class='ocrx_word' id='word_1_293' title='bbox 93 2751 176 2796; x_wconf 89' lang='lat'><em>267.</em></span> <span class='ocrx_word' id='word_1_294' title='bbox 205 2755 261 2786; x_wconf 86' lang='lat' dir='ltr'><strong>At</strong></span> <span class='ocrx_word' id='word_1_295' title='bbox 276 2759 358 2799; x_wconf 81' lang='lat' dir='ltr'><strong>puto</strong></span> <span class='ocrx_word' id='word_1_296' title='bbox 372 2751 472 2797; x_wconf 75' lang='lat' dir='ltr'><strong>ficrto</strong></span> <span class='ocrx_word' id='word_1_297' title='bbox 492 2749 535 2794; x_wconf 69' lang='lat' dir='ltr'><strong>eft</strong></span> <span class='ocrx_word' id='word_1_298' title='bbox 556 2747 767 2797; x_wconf 75' lang='lat' dir='ltr'><strong>Contenta.]</strong></span> <span class='ocrx_word' id='word_1_299' title='bbox 798 2749 848 2784; x_wconf 70' lang='lat' dir='ltr'><strong>Tb</strong></span> <span class='ocrx_word' id='word_1_300' title='bbox 867 2747 913 2794; x_wconf 86' lang='lat' dir='ltr'><strong>est</strong></span> <span class='ocrx_word' id='word_1_301' title='bbox 935 2747 954 2785; x_wconf 67' lang='lat'><strong>{1</strong></span> <span class='ocrx_word' id='word_1_302' title='bbox 978 2748 1073 2786; x_wconf 80' lang='lat' dir='ltr'><strong>mul-</strong></span> 
     </span>
     <span class='ocr_line' id='line_1_43' title="bbox 42 2799 1074 2848; baseline -0.003 -10"><span class='ocrx_word' id='word_1_303' title='bbox 42 2801 86 2839; x_wconf 78' lang='lat' dir='ltr'><strong>tis</strong></span> <span class='ocrx_word' id='word_1_304' title='bbox 106 2800 402 2848; x_wconf 84' lang='lat' dir='ltr'><strong>praestantiorum</strong></span> <span class='ocrx_word' id='word_1_305' title='bbox 427 2800 532 2836; x_wconf 84' lang='lat' dir='ltr'><strong>abest.</strong></span> <span class='ocrx_word' id='word_1_306' title='bbox 555 2799 675 2836; x_wconf 81' lang='lat' dir='ltr'><strong>Scribe</strong></span> <span class='ocrx_word' id='word_1_307' title='bbox 689 2827 698 2842; x_wconf 89' lang='lat'>‚</span> <span class='ocrx_word' id='word_1_308' title='bbox 711 2808 750 2834; x_wconf 82' lang='lat' dir='ltr'><strong>at</strong></span> <span class='ocrx_word' id='word_1_309' title='bbox 765 2808 848 2848; x_wconf 74' lang='lat' dir='ltr'><strong>puto</strong></span> <span class='ocrx_word' id='word_1_310' title='bbox 860 2800 961 2845; x_wconf 74' lang='lat' dir='ltr'><strong>furto</strong></span> <span class='ocrx_word' id='word_1_311' title='bbox 982 2805 1074 2836; x_wconf 86' lang='lat' dir='ltr'><strong>Con-</strong></span> 
     </span>
     <span class='ocr_line' id='line_1_44' title="bbox 43 2849 1074 2896; baseline 0.001 -10"><span class='ocrx_word' id='word_1_312' title='bbox 43 2861 187 2887; x_wconf 74' lang='lat' dir='ltr'><strong>tentam.</strong></span> <span class='ocrx_word' id='word_1_313' title='bbox 215 2851 355 2887; x_wconf 67' lang='lat' dir='ltr'><strong>Hfixns.</strong></span> <span class='ocrx_word' id='word_1_314' title='bbox 382 2849 523 2887; x_wconf 82' lang='lat' dir='ltr'><strong>Heinsii</strong></span> <span class='ocrx_word' id='word_1_315' title='bbox 544 2849 794 2896; x_wconf 65' lang='lat' dir='ltr'><strong>conjecturam</strong></span> <span class='ocrx_word' id='word_1_316' title='bbox 823 2849 942 2885; x_wconf 78' lang='lat' dir='ltr'><strong>firmat</strong></span> <span class='ocrx_word' id='word_1_317' title='bbox 964 2849 1074 2887; x_wconf 77' lang='lat' dir='ltr'><strong>Fran-</strong></span> 
     </span>
     <span class='ocr_line' id='line_1_45' title="bbox 47 2899 1071 2948; baseline 0.001 -12"><span class='ocrx_word' id='word_1_318' title='bbox 47 2899 257 2937; x_wconf 82' lang='lat' dir='ltr'><strong>cofurtensis</strong></span> <span class='ocrx_word' id='word_1_319' title='bbox 278 2900 395 2937; x_wconf 84' lang='lat' dir='ltr'><strong>codex</strong></span> <span class='ocrx_word' id='word_1_320' title='bbox 424 2928 434 2944; x_wconf 78' lang='lat'><strong>‚</strong></span> <span class='ocrx_word' id='word_1_321' title='bbox 470 2899 532 2948; x_wconf 89' lang='lat' dir='ltr'><strong>qui</strong></span> <span class='ocrx_word' id='word_1_322' title='bbox 550 2911 570 2936; x_wconf 86' lang='lat' dir='ltr'><strong>a</strong></span> <span class='ocrx_word' id='word_1_323' title='bbox 593 2910 706 2935; x_wconf 84' lang='lat' dir='ltr'><strong>manu</strong></span> <span class='ocrx_word' id='word_1_324' title='bbox 735 2899 852 2947; x_wconf 79' lang='lat' dir='ltr'><strong>prima</strong></span> <span class='ocrx_word' id='word_1_325' title='bbox 884 2899 1038 2937; x_wconf 81' lang='lat' dir='ltr'><strong>habebat</strong></span> <span class='ocrx_word' id='word_1_326' title='bbox 1060 2927 1071 2944; x_wconf 95' lang='lat'><strong>,</strong></span> 
     </span>
     <span class='ocr_line' id='line_1_46' title="bbox 48 2948 880 2993; baseline 0 -8"><span class='ocrx_word' id='word_1_327' title='bbox 48 2959 252 2986; x_wconf 81' lang='lat' dir='ltr'><strong>contentam.</strong></span> <span class='ocrx_word' id='word_1_328' title='bbox 277 2950 336 2986; x_wconf 88' lang='lat' dir='ltr'><strong>sed</strong></span> <span class='ocrx_word' id='word_1_329' title='bbox 355 2959 443 2987; x_wconf 88' lang='lat' dir='ltr'><strong>tunc</strong></span> <span class='ocrx_word' id='word_1_330' title='bbox 464 2949 610 2986; x_wconf 85' lang='lat' dir='ltr'><strong>mallem</strong></span> <span class='ocrx_word' id='word_1_331' title='bbox 623 2977 633 2993; x_wconf 92' lang='lat'><strong><em>‚</em></strong></span> <span class='ocrx_word' id='word_1_332' title='bbox 660 2960 700 2985; x_wconf 78' lang='lat' dir='ltr'><strong>at</strong></span> <span class='ocrx_word' id='word_1_333' title='bbox 718 2948 880 2985; x_wconf 62' lang='lat' dir='ltr'><strong>thalami.</strong></span> 
     </span>
    </p>

    <p class='ocr_par' dir='ltr' id='par_1_9' title="bbox 46 2998 1074 3384">
     <span class='ocr_line' id='line_1_47' title="bbox 111 2998 1071 3048; baseline 0.002 -13"><span class='ocrx_word' id='word_1_334' title='bbox 111 3000 194 3046; x_wconf 88' lang='lat'>269.</span> <span class='ocrx_word' id='word_1_335' title='bbox 241 3001 343 3047; x_wconf 65' lang='lat' dir='ltr'><strong>Qcod</strong></span> <span class='ocrx_word' id='word_1_336' title='bbox 381 3001 446 3036; x_wconf 81' lang='lat' dir='ltr'><strong>vix</strong></span> <span class='ocrx_word' id='word_1_337' title='bbox 488 2999 575 3036; x_wconf 75' lang='lat' dir='ltr'><strong>mihi</strong></span> <span class='ocrx_word' id='word_1_338' title='bbox 623 2999 762 3047; x_wconf 73' lang='lat' dir='ltr'><strong>contigit</strong></span> <span class='ocrx_word' id='word_1_339' title='bbox 792 2998 892 3048; x_wconf 81' lang='lat' dir='ltr'><strong>uni.]</strong></span> <span class='ocrx_word' id='word_1_340' title='bbox 941 3000 994 3036; x_wconf 86' lang='lat' dir='ltr'><strong>Ut</strong></span> <span class='ocrx_word' id='word_1_341' title='bbox 1025 2999 1071 3037; x_wconf 87' lang='lat' dir='ltr'><strong>de</strong></span> 
     </span>
     <span class='ocr_line' id='line_1_48' title="bbox 47 3049 1072 3098; baseline 0.004 -15"><span class='ocrx_word' id='word_1_342' title='bbox 47 3049 140 3096; x_wconf 83' lang='lat' dir='ltr'><strong>Jove</strong></span> <span class='ocrx_word' id='word_1_343' title='bbox 161 3051 403 3098; x_wconf 86' lang='lat' dir='ltr'><strong>conceperim.</strong></span> <span class='ocrx_word' id='word_1_344' title='bbox 424 3049 635 3086; x_wconf 78' lang='lat' dir='ltr'><strong>Vulcanum</strong></span> <span class='ocrx_word' id='word_1_345' title='bbox 658 3050 756 3086; x_wconf 87' lang='lat' dir='ltr'><strong>enim</strong></span> <span class='ocrx_word' id='word_1_346' title='bbox 781 3061 825 3086; x_wconf 79' lang='lat' dir='ltr'><strong>ex</strong></span> <span class='ocrx_word' id='word_1_347' title='bbox 845 3050 941 3096; x_wconf 91' lang='lat' dir='ltr'><strong>Jove</strong></span> <span class='ocrx_word' id='word_1_348' title='bbox 959 3050 1072 3087; x_wconf 83' lang='lat' dir='ltr'><strong>susce-</strong></span> 
     </span>
     <span class='ocr_line' id='line_1_49' title="bbox 48 3098 1071 3146; baseline 0.004 -13"><span class='ocrx_word' id='word_1_349' title='bbox 48 3099 102 3146; x_wconf 85' lang='lat' dir='ltr'><strong>pit</strong></span> <span class='ocrx_word' id='word_1_350' title='bbox 121 3098 217 3142; x_wconf 88' lang='lat' dir='ltr'><strong>Juno</strong></span> <span class='ocrx_word' id='word_1_351' title='bbox 240 3111 248 3134; x_wconf 90' lang='lat'>:</span> <span class='ocrx_word' id='word_1_352' title='bbox 284 3099 428 3137; x_wconf 70' lang='lat' dir='ltr'><strong>tametsi</strong></span> <span class='ocrx_word' id='word_1_353' title='bbox 449 3099 631 3136; x_wconf 72' lang='lat' dir='ltr'><strong>Hesiodus</strong></span> <span class='ocrx_word' id='word_1_354' title='bbox 659 3100 754 3136; x_wconf 67' lang='lat' dir='ltr'><strong>dicat</strong></span> <span class='ocrx_word' id='word_1_355' title='bbox 783 3100 994 3137; x_wconf 84' lang='lat' dir='ltr'><strong>Vulcanum</strong></span> <span class='ocrx_word' id='word_1_356' title='bbox 1027 3112 1071 3137; x_wconf 82' lang='lat' dir='ltr'><strong>ex</strong></span> 
     </span>
     <span class='ocr_line' id='line_1_50' title="bbox 48 3147 1072 3192; baseline 0.002 -6"><span class='ocrx_word' id='word_1_357' title='bbox 48 3148 121 3186; x_wconf 81' lang='lat' dir='ltr'><strong>sola</strong></span> <span class='ocrx_word' id='word_1_358' title='bbox 141 3147 285 3192; x_wconf 89' lang='lat' dir='ltr'><strong>Junone</strong></span> <span class='ocrx_word' id='word_1_359' title='bbox 305 3149 405 3186; x_wconf 82' lang='lat' dir='ltr'><strong>fuiffe</strong></span> <span class='ocrx_word' id='word_1_360' title='bbox 426 3157 566 3186; x_wconf 82' lang='lat' dir='ltr'><strong>natum.</strong></span> <span class='ocrx_word' id='word_1_361' title='bbox 613 3150 774 3186; x_wconf 67' lang='lat' dir='ltr'><strong>Rsoxus.</strong></span> <span class='ocrx_word' id='word_1_362' title='bbox 826 3150 872 3186; x_wconf 85' lang='lat' dir='ltr'><strong>Et</strong></span> <span class='ocrx_word' id='word_1_363' title='bbox 892 3150 952 3187; x_wconf 86' lang='lat' dir='ltr'><strong>hic</strong></span> <span class='ocrx_word' id='word_1_364' title='bbox 971 3150 1072 3188; x_wconf 85' lang='lat' dir='ltr'><strong>locus</strong></span> 
     </span>
     <span class='ocr_line' id='line_1_51' title="bbox 48 3196 1074 3237; baseline 0.002 -2"><span class='ocrx_word' id='word_1_365' title='bbox 48 3196 265 3235; x_wconf 78' lang='lat' dir='ltr'><strong>obscuritatis</strong></span> <span class='ocrx_word' id='word_1_366' title='bbox 285 3200 449 3236; x_wconf 79' lang='lat' dir='ltr'><strong>nonnihil</strong></span> <span class='ocrx_word' id='word_1_367' title='bbox 474 3199 593 3236; x_wconf 79' lang='lat' dir='ltr'><strong>habet.</strong></span> <span class='ocrx_word' id='word_1_368' title='bbox 632 3200 730 3235; x_wconf 73' lang='lat' dir='ltr'><strong>Nam</strong></span> <span class='ocrx_word' id='word_1_369' title='bbox 761 3201 800 3236; x_wconf 88' lang='lat'>&amp;</span> <span class='ocrx_word' id='word_1_370' title='bbox 828 3199 918 3236; x_wconf 80' lang='lat' dir='ltr'><strong>aliae</strong></span> <span class='ocrx_word' id='word_1_371' title='bbox 938 3201 1074 3237; x_wconf 80' lang='lat' dir='ltr'><strong>multae</strong></span> 
     </span>
     <span class='ocr_line' id='line_1_52' title="bbox 50 3247 1074 3298; baseline 0.006 -17"><span class='ocrx_word' id='word_1_372' title='bbox 50 3260 95 3285; x_wconf 78' lang='lat' dir='ltr'><strong>ex</strong></span> <span class='ocrx_word' id='word_1_373' title='bbox 116 3247 209 3292; x_wconf 83' lang='lat' dir='ltr'><strong>Jove</strong></span> <span class='ocrx_word' id='word_1_374' title='bbox 239 3256 483 3293; x_wconf 83' lang='lat' dir='ltr'><strong>conceperunt</strong></span> <span class='ocrx_word' id='word_1_375' title='bbox 504 3277 514 3293; x_wconf 91' lang='lat'>‚</span> <span class='ocrx_word' id='word_1_376' title='bbox 551 3260 628 3285; x_wconf 89' lang='lat' dir='ltr'><strong>non</strong></span> <span class='ocrx_word' id='word_1_377' title='bbox 649 3249 746 3295; x_wconf 89' lang='lat' dir='ltr'><strong>Juno</strong></span> <span class='ocrx_word' id='word_1_378' title='bbox 767 3257 924 3286; x_wconf 78' lang='lat' dir='ltr'><strong>tantum.</strong></span> <span class='ocrx_word' id='word_1_379' title='bbox 970 3252 1074 3298; x_wconf 75' lang='lat' dir='ltr'><strong>Qua-</strong></span> 
     </span>
     <span class='ocr_line' id='line_1_53' title="bbox 46 3294 1068 3348; baseline 0.006 -17"><span class='ocrx_word' id='word_1_380' title='bbox 46 3311 86 3338; x_wconf 82' lang='lat' dir='ltr'><strong>1e</strong></span> <span class='ocrx_word' id='word_1_381' title='bbox 118 3294 266 3343; x_wconf 84' lang='lat' dir='ltr'><strong>quidam</strong></span> <span class='ocrx_word' id='word_1_382' title='bbox 289 3323 300 3340; x_wconf 90' lang='lat'>‚</span> <span class='ocrx_word' id='word_1_383' title='bbox 339 3297 424 3341; x_wconf 73' lang='lat' dir='ltr'><strong>uni,</strong></span> <span class='ocrx_word' id='word_1_384' title='bbox 450 3299 631 3346; x_wconf 84' lang='lat' dir='ltr'><strong>accipiunt</strong></span> <span class='ocrx_word' id='word_1_385' title='bbox 663 3298 800 3336; x_wconf 57' lang='lat' dir='ltr'><strong>dictum</strong></span> <span class='ocrx_word' id='word_1_386' title='bbox 823 3326 834 3344; x_wconf 96' lang='lat'>‚</span> <span class='ocrx_word' id='word_1_387' title='bbox 871 3311 938 3348; x_wconf 86' lang='lat' dir='ltr'><strong>pro</strong></span> <span class='ocrx_word' id='word_1_388' title='bbox 952 3300 1068 3348; x_wconf 71' lang='lat' dir='ltr'><strong>fimet.</strong></span> 
     </span>
     <span class='ocr_line' id='line_1_54' title="bbox 47 3351 266 3384; baseline -0.009 0"><span class='ocrx_word' id='word_1_389' title='bbox 47 3365 51 3368; x_wconf 88' lang='lat'><em>·</em></span> <span class='ocrx_word' id='word_1_390' title='bbox 98 3353 191 3384; x_wconf 70' lang='lat' dir='ltr'><strong>Tem.</strong></span> <span class='ocrx_word' id='word_1_391' title='bbox 219 3351 266 3383; x_wconf 79' lang='grc' dir='ltr'><strong>ΙΙ.</strong></span> 
     </span>
    </p>
   </div>
   <div class='ocr_carea' id='block_1_5' title="bbox 2030 1463 2151 1519">
    <p class='ocr_par' dir='ltr' id='par_1_10' title="bbox 2030 1463 2151 1519">
     <span class='ocr_line' id='line_1_55' title="bbox 2030 1463 2151 1519; baseline 0.008 -1"><span class='ocrx_word' id='word_1_392' title='bbox 2030 1463 2151 1519; x_wconf 82' lang='lat' dir='ltr'><strong>Sur-</strong></span> 
     </span>
    </p>
   </div>
   <div class='ocr_carea' id='block_1_6' title="bbox 1114 1590 2158 2371">
    <p class='ocr_par' dir='ltr' id='par_1_11' title="bbox 1114 1590 2155 2062">
     <span class='ocr_line' id='line_1_56' title="bbox 1114 1590 2153 1644; baseline -0.003 -12"><span class='ocrx_word' id='word_1_393' title='bbox 1114 1596 1214 1644; x_wconf 83' lang='lat' dir='ltr'><strong>qnod</strong></span> <span class='ocrx_word' id='word_1_394' title='bbox 1236 1604 1361 1634; x_wconf 85' lang='lat' dir='ltr'><strong>tamen</strong></span> <span class='ocrx_word' id='word_1_395' title='bbox 1394 1607 1463 1633; x_wconf 86' lang='lat' dir='ltr'><strong>nec</strong></span> <span class='ocrx_word' id='word_1_396' title='bbox 1483 1593 1599 1644; x_wconf 80' lang='lat' dir='ltr'><strong>ipsum</strong></span> <span class='ocrx_word' id='word_1_397' title='bbox 1629 1594 1708 1633; x_wconf 78' lang='lat' dir='ltr'><strong>satis</strong></span> <span class='ocrx_word' id='word_1_398' title='bbox 1746 1592 1893 1631; x_wconf 87' lang='lat' dir='ltr'><strong>defendi</strong></span> <span class='ocrx_word' id='word_1_399' title='bbox 1918 1590 2018 1641; x_wconf 90' lang='lat' dir='ltr'><strong>posse</strong></span> <span class='ocrx_word' id='word_1_400' title='bbox 2046 1592 2153 1630; x_wconf 67' lang='lat' dir='ltr'><strong>vide-i</strong></span> 
     </span>
     <span class='ocr_line' id='line_1_57' title="bbox 1114 1643 2152 1691; baseline -0.004 -8"><span class='ocrx_word' id='word_1_401' title='bbox 1114 1654 1182 1683; x_wconf 88' lang='lat' dir='ltr'><strong>tur.</strong></span> <span class='ocrx_word' id='word_1_402' title='bbox 1211 1659 1296 1684; x_wconf 85' lang='lat' dir='ltr'><strong>cum</strong></span> <span class='ocrx_word' id='word_1_403' title='bbox 1321 1649 1358 1684; x_wconf 69' lang='grc' dir='ltr'><strong>δε</strong></span> <span class='ocrx_word' id='word_1_404' title='bbox 1379 1647 1590 1691; x_wconf 79' lang='lat' dir='ltr'><strong>Vulcanus,</strong></span> <span class='ocrx_word' id='word_1_405' title='bbox 1617 1648 1655 1684; x_wconf 70' lang='grc' dir='ltr'><strong>ὃς</strong></span> <span class='ocrx_word' id='word_1_406' title='bbox 1685 1645 1794 1683; x_wconf 85' lang='lat' dir='ltr'><strong>Hebe</strong></span> <span class='ocrx_word' id='word_1_407' title='bbox 1817 1672 1827 1688; x_wconf 92' lang='lat'>,</span> <span class='ocrx_word' id='word_1_408' title='bbox 1863 1644 1953 1680; x_wconf 85' lang='lat' dir='ltr'><strong>item</strong></span> <span class='ocrx_word' id='word_1_409' title='bbox 1978 1644 2079 1680; x_wconf 88' lang='lat' dir='ltr'><strong>Mars</strong></span> <span class='ocrx_word' id='word_1_410' title='bbox 2110 1643 2152 1679; x_wconf 87' lang='lat'>&amp;</span> 
     </span>
     <span class='ocr_line' id='line_1_58' title="bbox 1118 1692 2151 1746; baseline -0.004 -13"><span class='ocrx_word' id='word_1_411' title='bbox 1118 1697 1248 1746; x_wconf 74' lang='lat' dir='ltr'><strong>llithya</strong></span> <span class='ocrx_word' id='word_1_412' title='bbox 1273 1726 1283 1742; x_wconf 93' lang='lat'>,</span> <span class='ocrx_word' id='word_1_413' title='bbox 1320 1697 1393 1734; x_wconf 84' lang='lat' dir='ltr'><strong>five</strong></span> <span class='ocrx_word' id='word_1_414' title='bbox 1425 1697 1567 1734; x_wconf 77' lang='lat' dir='ltr'><strong>Lucina</strong></span> <span class='ocrx_word' id='word_1_415' title='bbox 1591 1725 1601 1741; x_wconf 93' lang='lat'><em>‚</em></span> <span class='ocrx_word' id='word_1_416' title='bbox 1629 1698 1774 1743; x_wconf 82' lang='lat' dir='ltr'><strong>Iunone</strong></span> <span class='ocrx_word' id='word_1_417' title='bbox 1803 1695 1878 1732; x_wconf 85' lang='lat' dir='ltr'><strong>nati</strong></span> <span class='ocrx_word' id='word_1_418' title='bbox 1907 1693 1951 1730; x_wconf 86' lang='lat' dir='ltr'><strong>ab</strong></span> <span class='ocrx_word' id='word_1_419' title='bbox 1980 1692 2151 1730; x_wconf 77' lang='lat' dir='ltr'><strong>Hesiodo</strong></span> 
     </span>
     <span class='ocr_line' id='line_1_59' title="bbox 1116 1742 2152 1796; baseline -0.004 -13"><span class='ocrx_word' id='word_1_420' title='bbox 1116 1748 1316 1785; x_wconf 77' lang='lat' dir='ltr'><strong>traduntur.</strong></span> <span class='ocrx_word' id='word_1_421' title='bbox 1364 1746 1462 1784; x_wconf 86' lang='lat' dir='ltr'><strong>Vide</strong></span> <span class='ocrx_word' id='word_1_422' title='bbox 1478 1748 1608 1796; x_wconf 84' lang='lat' dir='ltr'><strong>igitur,</strong></span> <span class='ocrx_word' id='word_1_423' title='bbox 1633 1760 1724 1785; x_wconf 86' lang='lat' dir='ltr'><strong>num</strong></span> <span class='ocrx_word' id='word_1_424' title='bbox 1753 1759 1819 1782; x_wconf 80' lang='lat' dir='ltr'><strong>uno</strong></span> <span class='ocrx_word' id='word_1_425' title='bbox 1845 1744 2044 1793; x_wconf 80' lang='lat' dir='ltr'><strong>legendum</strong></span> <span class='ocrx_word' id='word_1_426' title='bbox 2074 1742 2115 1780; x_wconf 91' lang='lat' dir='ltr'><strong>fit</strong></span> <span class='ocrx_word' id='word_1_427' title='bbox 2139 1770 2152 1788; x_wconf 87' lang='lat'>,</span> 
     </span>
     <span class='ocr_line' id='line_1_60' title="bbox 1119 1795 2155 1847; baseline -0.005 -12"><span class='ocrx_word' id='word_1_428' title='bbox 1119 1799 1157 1835; x_wconf 88' lang='lat'>&amp;</span> <span class='ocrx_word' id='word_1_429' title='bbox 1189 1799 1234 1835; x_wconf 83' lang='lat' dir='ltr'><strong>ad</strong></span> <span class='ocrx_word' id='word_1_430' title='bbox 1262 1799 1475 1847; x_wconf 82' lang='lat' dir='ltr'><strong>sequentem</strong></span> <span class='ocrx_word' id='word_1_431' title='bbox 1509 1798 1629 1834; x_wconf 78' lang='lat' dir='ltr'><strong>casum</strong></span> <span class='ocrx_word' id='word_1_432' title='bbox 1651 1796 1896 1835; x_wconf 82' lang='lat' dir='ltr'><strong>referendum.</strong></span> <span class='ocrx_word' id='word_1_433' title='bbox 1932 1795 2155 1831; x_wconf 60' lang='lat' dir='ltr'><strong>Mrcutus.</strong></span> 
     </span>
     <span class='ocr_line' id='line_1_61' title="bbox 1118 1844 2155 1893; baseline -0.004 -9"><span class='ocrx_word' id='word_1_434' title='bbox 1118 1848 1217 1885; x_wconf 72' lang='lat' dir='ltr'><strong>Vide</strong></span> <span class='ocrx_word' id='word_1_435' title='bbox 1237 1848 1483 1885; x_wconf 79' lang='lat' dir='ltr'><strong>ratiocinantis</strong></span> <span class='ocrx_word' id='word_1_436' title='bbox 1511 1848 1647 1885; x_wconf 86' lang='lat' dir='ltr'><strong>aestum</strong></span> <span class='ocrx_word' id='word_1_437' title='bbox 1673 1863 1681 1886; x_wconf 73' lang='grc' dir='ltr'>ε</span> <span class='ocrx_word' id='word_1_438' title='bbox 1719 1859 1805 1885; x_wconf 84' lang='lat' dir='ltr'><strong>narn</strong></span> <span class='ocrx_word' id='word_1_439' title='bbox 1836 1846 1885 1882; x_wconf 82' lang='lat' dir='ltr'><strong>ita</strong></span> <span class='ocrx_word' id='word_1_440' title='bbox 1919 1844 2044 1893; x_wconf 86' lang='lat' dir='ltr'><strong>objicit</strong></span> <span class='ocrx_word' id='word_1_441' title='bbox 2064 1872 2075 1889; x_wconf 91' lang='lat'>‚</span> <span class='ocrx_word' id='word_1_442' title='bbox 2112 1850 2155 1880; x_wconf 90' lang='lat' dir='ltr'><strong>ut</strong></span> 
     </span>
     <span class='ocr_line' id='line_1_62' title="bbox 1118 1893 2155 1947; baseline -0.004 -13"><span class='ocrx_word' id='word_1_443' title='bbox 1118 1899 1235 1935; x_wconf 75' lang='lat' dir='ltr'><strong>statim</strong></span> <span class='ocrx_word' id='word_1_444' title='bbox 1259 1900 1426 1936; x_wconf 87' lang='lat' dir='ltr'><strong>confutet</strong></span> <span class='ocrx_word' id='word_1_445' title='bbox 1447 1899 1638 1947; x_wconf 79' lang='lat' dir='ltr'><strong>negative:</strong></span> <span class='ocrx_word' id='word_1_446' title='bbox 1668 1911 1743 1936; x_wconf 89' lang='lat' dir='ltr'><strong>non</strong></span> <span class='ocrx_word' id='word_1_447' title='bbox 1766 1897 1866 1933; x_wconf 89' lang='lat' dir='ltr'><strong>enim</strong></span> <span class='ocrx_word' id='word_1_448' title='bbox 1899 1902 2073 1932; x_wconf 86' lang='lat' dir='ltr'><strong>contenta</strong></span> <span class='ocrx_word' id='word_1_449' title='bbox 2105 1893 2155 1930; x_wconf 88' lang='lat' dir='ltr'><strong>est</strong></span> 
     </span>
     <span class='ocr_line' id='line_1_63' title="bbox 1119 1944 2155 1997; baseline -0.005 -11"><span class='ocrx_word' id='word_1_450' title='bbox 1119 1950 1218 1987; x_wconf 83' lang='lat' dir='ltr'><strong>furto</strong></span> <span class='ocrx_word' id='word_1_451' title='bbox 1233 1978 1244 1994; x_wconf 92' lang='lat'>,</span> <span class='ocrx_word' id='word_1_452' title='bbox 1269 1949 1330 1986; x_wconf 91' lang='lat' dir='ltr'><strong>sed</strong></span> <span class='ocrx_word' id='word_1_453' title='bbox 1359 1950 1519 1997; x_wconf 84' lang='lat' dir='ltr'><strong>concipit</strong></span> <span class='ocrx_word' id='word_1_454' title='bbox 1531 1964 1542 1992; x_wconf 87' lang='grc'>;</span> <span class='ocrx_word' id='word_1_455' title='bbox 1570 1962 1658 1987; x_wconf 86' lang='lat' dir='ltr'><strong>nam</strong></span> <span class='ocrx_word' id='word_1_456' title='bbox 1679 1948 1716 1986; x_wconf 89' lang='lat' dir='ltr'><strong>id</strong></span> <span class='ocrx_word' id='word_1_457' title='bbox 1746 1947 1790 1984; x_wconf 85' lang='lat' dir='ltr'><strong>ad</strong></span> <span class='ocrx_word' id='word_1_458' title='bbox 1812 1946 1988 1983; x_wconf 82' lang='lat' dir='ltr'><strong>malitiam</strong></span> <span class='ocrx_word' id='word_1_459' title='bbox 2010 1944 2155 1982; x_wconf 81' lang='lat' dir='ltr'><strong>deerat:</strong></span> 
     </span>
     <span class='ocr_line' id='line_1_64' title="bbox 1348 2007 1876 2062; baseline -0.002 -14"><span class='ocrx_word' id='word_1_460' title='bbox 1348 2012 1600 2062; x_wconf 71' lang='lat' dir='ltr'><strong>Manifhstaque</strong></span> <span class='ocrx_word' id='word_1_461' title='bbox 1618 2007 1764 2049; x_wconf 58' lang='lat' dir='ltr'><strong>crimina</strong></span> <span class='ocrx_word' id='word_1_462' title='bbox 1779 2011 1876 2061; x_wconf 83' lang='lat' dir='ltr'><strong>pleno</strong></span> 
     </span>
    </p>

    <p class='ocr_par' dir='ltr' id='par_1_12' title="bbox 1167 2058 2156 2114">
     <span class='ocr_line' id='line_1_65' title="bbox 1167 2058 2156 2114; baseline -0.004 -14"><span class='ocrx_word' id='word_1_463' title='bbox 1167 2070 1247 2112; x_wconf 65' lang='lat' dir='ltr'><strong>Fert</strong></span> <span class='ocrx_word' id='word_1_464' title='bbox 1268 2074 1361 2100; x_wconf 78' lang='lat' dir='ltr'><strong>utero</strong></span> <span class='ocrx_word' id='word_1_465' title='bbox 1376 2092 1385 2107; x_wconf 89' lang='lat'>,</span> <span class='ocrx_word' id='word_1_466' title='bbox 1400 2075 1442 2102; x_wconf 62' lang='lat' dir='ltr'><strong>&lt;y</strong></span> <span class='ocrx_word' id='word_1_467' title='bbox 1461 2073 1594 2108; x_wconf 80' lang='lat' dir='ltr'><strong>mater,</strong></span> <span class='ocrx_word' id='word_1_468' title='bbox 1608 2064 1697 2114; x_wconf 74' lang='lat' dir='ltr'><strong>quod</strong></span> <span class='ocrx_word' id='word_1_469' title='bbox 1718 2063 1783 2098; x_wconf 86' lang='lat' dir='ltr'><strong>vix</strong></span> <span class='ocrx_word' id='word_1_470' title='bbox 1810 2061 1896 2099; x_wconf 80' lang='lat' dir='ltr'><strong>mihi</strong></span> <span class='ocrx_word' id='word_1_471' title='bbox 1919 2061 2058 2110; x_wconf 80' lang='lat' dir='ltr'><strong>contigit</strong></span> <span class='ocrx_word' id='word_1_472' title='bbox 2078 2058 2156 2105; x_wconf 78' lang='lat' dir='ltr'><strong>uni,</strong></span> 
     </span>
    </p>

    <p class='ocr_par' dir='ltr' id='par_1_13' title="bbox 1117 2122 2158 2371">
     <span class='ocr_line' id='line_1_66' title="bbox 1169 2122 2157 2170; baseline -0.002 -10"><span class='ocrx_word' id='word_1_473' title='bbox 1169 2130 1222 2160; x_wconf 81' lang='lat' dir='ltr'><strong>De</strong></span> <span class='ocrx_word' id='word_1_474' title='bbox 1243 2125 1338 2170; x_wconf 75' lang='lat' dir='ltr'><em>Jove</em></span> <span class='ocrx_word' id='word_1_475' title='bbox 1357 2122 1438 2159; x_wconf 76' lang='lat' dir='ltr'><strong>vult</strong></span> <span class='ocrx_word' id='word_1_476' title='bbox 1452 2122 1542 2170; x_wconf 84' lang='lat' dir='ltr'><strong>fieri.</strong></span> <span class='ocrx_word' id='word_1_477' title='bbox 1574 2122 1666 2161; x_wconf 84' lang='lat' dir='ltr'><strong>Illud</strong></span> <span class='ocrx_word' id='word_1_478' title='bbox 1686 2123 1748 2160; x_wconf 84' lang='lat' dir='ltr'><strong>uni</strong></span> <span class='ocrx_word' id='word_1_479' title='bbox 1768 2123 1878 2159; x_wconf 72' lang='lat' dir='ltr'><strong>etiam</strong></span> <span class='ocrx_word' id='word_1_480' title='bbox 1903 2129 2157 2164; x_wconf 83' lang='lat' dir='ltr'><strong>memoratur,</strong></span> 
     </span>
     <span class='ocr_line' id='line_1_67' title="bbox 1117 2170 2158 2223; baseline -0.005 -12"><span class='ocrx_word' id='word_1_481' title='bbox 1117 2174 1185 2212; x_wconf 85' lang='lat' dir='ltr'><strong>nisi</strong></span> <span class='ocrx_word' id='word_1_482' title='bbox 1203 2176 1280 2223; x_wconf 85' lang='lat' dir='ltr'><strong>quis</strong></span> <span class='ocrx_word' id='word_1_483' title='bbox 1304 2186 1370 2223; x_wconf 85' lang='lat' dir='ltr'><strong>pro</strong></span> <span class='ocrx_word' id='word_1_484' title='bbox 1384 2173 1488 2222; x_wconf 65' lang='lat' dir='ltr'><strong>sbmel</strong></span> <span class='ocrx_word' id='word_1_485' title='bbox 1510 2173 1667 2222; x_wconf 84' lang='lat' dir='ltr'><strong>positum</strong></span> <span class='ocrx_word' id='word_1_486' title='bbox 1682 2181 1806 2222; x_wconf 88' lang='lat' dir='ltr'><strong>putet:</strong></span> <span class='ocrx_word' id='word_1_487' title='bbox 1821 2173 1985 2220; x_wconf 78' lang='lat' dir='ltr'><strong>Raphael</strong></span> <span class='ocrx_word' id='word_1_488' title='bbox 2007 2171 2051 2208; x_wconf 88' lang='lat' dir='ltr'><strong>de</strong></span> <span class='ocrx_word' id='word_1_489' title='bbox 2063 2170 2158 2207; x_wconf 87' lang='lat' dir='ltr'><strong>Vul-</strong></span> 
     </span>
     <span class='ocr_line' id='line_1_68' title="bbox 1120 2218 2157 2275; baseline -0.005 -14"><span class='ocrx_word' id='word_1_490' title='bbox 1120 2237 1213 2262; x_wconf 83' lang='lat' dir='ltr'><strong>cano</strong></span> <span class='ocrx_word' id='word_1_491' title='bbox 1236 2225 1412 2272; x_wconf 86' lang='lat' dir='ltr'><strong>intelligit.</strong></span> <span class='ocrx_word' id='word_1_492' title='bbox 1441 2224 1522 2272; x_wconf 81' lang='lat' dir='ltr'><strong>Ego</strong></span> <span class='ocrx_word' id='word_1_493' title='bbox 1543 2225 1653 2261; x_wconf 79' lang='lat' dir='ltr'><strong>etiam</strong></span> <span class='ocrx_word' id='word_1_494' title='bbox 1674 2224 1719 2261; x_wconf 93' lang='lat' dir='ltr'><strong>de</strong></span> <span class='ocrx_word' id='word_1_495' title='bbox 1747 2223 1856 2260; x_wconf 88' lang='lat' dir='ltr'><strong>Hebe</strong></span> <span class='ocrx_word' id='word_1_496' title='bbox 1877 2222 2026 2270; x_wconf 86' lang='lat' dir='ltr'><strong>intelligi</strong></span> <span class='ocrx_word' id='word_1_497' title='bbox 2056 2218 2157 2275; x_wconf 40' lang='grc' dir='ltr'>μοί-ἴε</span> 
     </span>
     <span class='ocr_line' id='line_1_69' title="bbox 1120 2270 2155 2323; baseline -0.005 -11"><span class='ocrx_word' id='word_1_498' title='bbox 1120 2276 1299 2312; x_wconf 79' lang='lat' dir='ltr'><strong>existimo.</strong></span> <span class='ocrx_word' id='word_1_499' title='bbox 1328 2276 1538 2311; x_wconf 65' lang='lat' dir='ltr'><strong>GLAREAN.</strong></span> <span class='ocrx_word' id='word_1_500' title='bbox 1563 2276 1643 2323; x_wconf 86' lang='lat' dir='ltr'><strong>Ego</strong></span> <span class='ocrx_word' id='word_1_501' title='bbox 1663 2270 2155 2323; x_wconf 80' lang='lat' dir='ltr'><strong>praeferrem‚uno‚quod1n</strong></span> 
     </span>
     <span class='ocr_line' id='line_1_70' title="bbox 1120 2323 2042 2371; baseline -0.007 -8"><span class='ocrx_word' id='word_1_502' title='bbox 1120 2326 1334 2363; x_wconf 83' lang='lat' dir='ltr'><strong>Florentino</strong></span> <span class='ocrx_word' id='word_1_503' title='bbox 1359 2324 1488 2362; x_wconf 88' lang='lat' dir='ltr'><strong>codice</strong></span> <span class='ocrx_word' id='word_1_504' title='bbox 1518 2325 1589 2370; x_wconf 87' lang='lat' dir='ltr'><strong>est,</strong></span> <span class='ocrx_word' id='word_1_505' title='bbox 1617 2326 1655 2362; x_wconf 62' lang='grc' dir='ltr'><strong>ὃς</strong></span> <span class='ocrx_word' id='word_1_506' title='bbox 1685 2325 1734 2361; x_wconf 80' lang='lat' dir='ltr'><strong>ita</strong></span> <span class='ocrx_word' id='word_1_507' title='bbox 1765 2323 2042 2371; x_wconf 83' lang='lat' dir='ltr'><strong>distinguerem:</strong></span> 
     </span>
    </p>
   </div>
   <div class='ocr_carea' id='block_1_7' title="bbox 1123 2385 2168 3390">
    <p class='ocr_par' dir='ltr' id='par_1_14' title="bbox 1174 2385 1967 2438">
     <span class='ocr_line' id='line_1_71' title="bbox 1174 2385 1967 2438; baseline -0.006 -13"><span class='ocrx_word' id='word_1_508' title='bbox 1174 2394 1219 2425; x_wconf 82' lang='lat' dir='ltr'><strong>Et</strong></span> <span class='ocrx_word' id='word_1_509' title='bbox 1240 2400 1351 2425; x_wconf 80' lang='lat' dir='ltr'><strong>mater</strong></span> <span class='ocrx_word' id='word_1_510' title='bbox 1365 2417 1375 2433; x_wconf 89' lang='lat'>‚</span> <span class='ocrx_word' id='word_1_511' title='bbox 1401 2388 1491 2438; x_wconf 73' lang='lat' dir='ltr'><strong>quod</strong></span> <span class='ocrx_word' id='word_1_512' title='bbox 1512 2389 1578 2425; x_wconf 84' lang='lat' dir='ltr'><strong>vix</strong></span> <span class='ocrx_word' id='word_1_513' title='bbox 1600 2386 1689 2424; x_wconf 78' lang='lat' dir='ltr'><strong>mihi</strong></span> <span class='ocrx_word' id='word_1_514' title='bbox 1710 2385 1875 2434; x_wconf 76' lang='lat' dir='ltr'><strong>contigit,</strong></span> <span class='ocrx_word' id='word_1_515' title='bbox 1901 2398 1967 2421; x_wconf 79' lang='lat' dir='ltr'><strong>uno</strong></span> 
     </span>
    </p>

    <p class='ocr_par' dir='ltr' id='par_1_15' title="bbox 1171 2438 1541 2485">
     <span class='ocr_line' id='line_1_72' title="bbox 1171 2438 1541 2485; baseline -0.003 -10"><span class='ocrx_word' id='word_1_516' title='bbox 1171 2445 1226 2475; x_wconf 87' lang='lat' dir='ltr'><strong>De</strong></span> <span class='ocrx_word' id='word_1_517' title='bbox 1245 2440 1340 2485; x_wconf 73' lang='lat' dir='ltr'><em>Jove</em></span> <span class='ocrx_word' id='word_1_518' title='bbox 1361 2439 1442 2475; x_wconf 71' lang='lat' dir='ltr'><strong>vult</strong></span> <span class='ocrx_word' id='word_1_519' title='bbox 1453 2438 1541 2485; x_wconf 82' lang='lat' dir='ltr'><strong>fieri.</strong></span> 
     </span>
    </p>

    <p class='ocr_par' dir='ltr' id='par_1_16' title="bbox 1123 2496 2166 2888">
     <span class='ocr_line' id='line_1_73' title="bbox 1124 2496 2164 2548; baseline -0.003 -12"><span class='ocrx_word' id='word_1_520' title='bbox 1124 2501 1223 2536; x_wconf 88' lang='lat' dir='ltr'><strong>Cum</strong></span> <span class='ocrx_word' id='word_1_521' title='bbox 1252 2507 1310 2536; x_wconf 90' lang='lat' dir='ltr'><strong>tot</strong></span> <span class='ocrx_word' id='word_1_522' title='bbox 1342 2501 1400 2537; x_wconf 84' lang='lat' dir='ltr'><strong>alii</strong></span> <span class='ocrx_word' id='word_1_523' title='bbox 1430 2499 1497 2536; x_wconf 84' lang='lat' dir='ltr'><strong>sint</strong></span> <span class='ocrx_word' id='word_1_524' title='bbox 1522 2527 1532 2542; x_wconf 91' lang='lat'><strong>‚</strong></span> <span class='ocrx_word' id='word_1_525' title='bbox 1560 2511 1604 2536; x_wconf 83' lang='lat' dir='ltr'><strong>ex</strong></span> <span class='ocrx_word' id='word_1_526' title='bbox 1627 2498 1755 2548; x_wconf 86' lang='lat' dir='ltr'><strong>quibus</strong></span> <span class='ocrx_word' id='word_1_527' title='bbox 1775 2498 1881 2547; x_wconf 84' lang='lat' dir='ltr'><strong>poffit</strong></span> <span class='ocrx_word' id='word_1_528' title='bbox 1913 2504 2029 2534; x_wconf 81' lang='lat' dir='ltr'><strong>mater</strong></span> <span class='ocrx_word' id='word_1_529' title='bbox 2050 2496 2126 2534; x_wconf 85' lang='lat' dir='ltr'><strong>fieri</strong></span> <span class='ocrx_word' id='word_1_530' title='bbox 2149 2499 2164 2541; x_wconf 86' lang='grc'><strong>,“</strong></span> 
     </span>
     <span class='ocr_line' id='line_1_74' title="bbox 1123 2547 2162 2596; baseline -0.003 -10"><span class='ocrx_word' id='word_1_531' title='bbox 1123 2550 1181 2586; x_wconf 84' lang='lat' dir='ltr'><strong>illa</strong></span> <span class='ocrx_word' id='word_1_532' title='bbox 1202 2561 1281 2586; x_wconf 89' lang='lat' dir='ltr'><strong>non</strong></span> <span class='ocrx_word' id='word_1_533' title='bbox 1301 2548 1366 2585; x_wconf 86' lang='lat' dir='ltr'><strong>nifi</strong></span> <span class='ocrx_word' id='word_1_534' title='bbox 1388 2549 1433 2586; x_wconf 87' lang='lat' dir='ltr'><strong>de</strong></span> <span class='ocrx_word' id='word_1_535' title='bbox 1451 2548 1528 2586; x_wconf 86' lang='lat' dir='ltr'><strong>solo</strong></span> <span class='ocrx_word' id='word_1_536' title='bbox 1550 2550 1644 2596; x_wconf 90' lang='lat' dir='ltr'><strong>Jove</strong></span> <span class='ocrx_word' id='word_1_537' title='bbox 1676 2549 1755 2586; x_wconf 87' lang='lat' dir='ltr'><strong>vult</strong></span> <span class='ocrx_word' id='word_1_538' title='bbox 1787 2548 1863 2585; x_wconf 89' lang='lat' dir='ltr'><strong>fieri</strong></span> <span class='ocrx_word' id='word_1_539' title='bbox 1888 2576 1898 2590; x_wconf 94' lang='lat'>,</span> <span class='ocrx_word' id='word_1_540' title='bbox 1935 2547 2038 2596; x_wconf 85' lang='lat' dir='ltr'><strong>quod</strong></span> <span class='ocrx_word' id='word_1_541' title='bbox 2068 2547 2162 2584; x_wconf 77' lang='lat' dir='ltr'><strong>mihi</strong></span> 
     </span>
     <span class='ocr_line' id='line_1_75' title="bbox 1127 2597 2161 2648; baseline -0.001 -13"><span class='ocrx_word' id='word_1_542' title='bbox 1127 2599 1190 2635; x_wconf 82' lang='lat' dir='ltr'><strong>vix</strong></span> <span class='ocrx_word' id='word_1_543' title='bbox 1213 2599 1366 2646; x_wconf 81' lang='lat' dir='ltr'><strong>contigit</strong></span> <span class='ocrx_word' id='word_1_544' title='bbox 1380 2610 1538 2647; x_wconf 76' lang='lat' dir='ltr'><strong>‚paucos</strong></span> <span class='ocrx_word' id='word_1_545' title='bbox 1559 2611 1653 2648; x_wconf 83' lang='lat' dir='ltr'><strong>quae</strong></span> <span class='ocrx_word' id='word_1_546' title='bbox 1674 2611 1718 2636; x_wconf 77' lang='lat' dir='ltr'><strong>ex</strong></span> <span class='ocrx_word' id='word_1_547' title='bbox 1739 2599 1833 2645; x_wconf 89' lang='lat' dir='ltr'><strong>Jove</strong></span> <span class='ocrx_word' id='word_1_548' title='bbox 1855 2606 1974 2647; x_wconf 74' lang='lat' dir='ltr'><strong>pai-tus</strong></span> <span class='ocrx_word' id='word_1_549' title='bbox 1990 2597 2161 2641; x_wconf 88' lang='lat' dir='ltr'><strong>cdidi,ut</strong></span> 
     </span>
     <span class='ocr_line' id='line_1_76' title="bbox 1126 2649 2163 2697; baseline -0.001 -12"><span class='ocrx_word' id='word_1_550' title='bbox 1126 2649 1335 2686; x_wconf 84' lang='lat' dir='ltr'><strong>Vulcanum</strong></span> <span class='ocrx_word' id='word_1_551' title='bbox 1359 2651 1396 2686; x_wconf 69' lang='grc' dir='ltr'><strong>δε</strong></span> <span class='ocrx_word' id='word_1_552' title='bbox 1425 2650 1570 2686; x_wconf 82' lang='lat' dir='ltr'><strong>Heben.</strong></span> <span class='ocrx_word' id='word_1_553' title='bbox 1617 2650 1824 2686; x_wconf 75' lang='lat' dir='ltr'><strong>Gratiarum</strong></span> <span class='ocrx_word' id='word_1_554' title='bbox 1855 2660 2006 2697; x_wconf 88' lang='lat' dir='ltr'><strong>quoque</strong></span> <span class='ocrx_word' id='word_1_555' title='bbox 2034 2659 2163 2696; x_wconf 76' lang='lat' dir='ltr'><strong>paren-</strong></span> 
     </span>
     <span class='ocr_line' id='line_1_77' title="bbox 1126 2698 2163 2748; baseline 0 -12"><span class='ocrx_word' id='word_1_556' title='bbox 1126 2707 1202 2736; x_wconf 87' lang='lat' dir='ltr'><strong>tem</strong></span> <span class='ocrx_word' id='word_1_557' title='bbox 1233 2700 1422 2745; x_wconf 89' lang='lat' dir='ltr'><strong>Junonem</strong></span> <span class='ocrx_word' id='word_1_558' title='bbox 1450 2699 1627 2748; x_wconf 83' lang='lat' dir='ltr'><strong>quosdam</strong></span> <span class='ocrx_word' id='word_1_559' title='bbox 1661 2701 1781 2736; x_wconf 87' lang='lat' dir='ltr'><strong>facere</strong></span> <span class='ocrx_word' id='word_1_560' title='bbox 1810 2699 2012 2737; x_wconf 82' lang='lat' dir='ltr'><strong>observavit</strong></span> <span class='ocrx_word' id='word_1_561' title='bbox 2041 2698 2163 2736; x_wconf 84' lang='lat' dir='ltr'><strong>Barth.</strong></span> 
     </span>
     <span class='ocr_line' id='line_1_78' title="bbox 1127 2748 2164 2797; baseline -0.002 -11"><span class='ocrx_word' id='word_1_562' title='bbox 1127 2750 1210 2786; x_wconf 79' lang='lat' dir='ltr'><strong>adv.</strong></span> <span class='ocrx_word' id='word_1_563' title='bbox 1231 2762 1370 2786; x_wconf 75' lang='lat' dir='ltr'><strong>xxxm.</strong></span> <span class='ocrx_word' id='word_1_564' title='bbox 1397 2762 1452 2786; x_wconf 82' lang='lat'><strong>1¹.</strong></span> <span class='ocrx_word' id='word_1_565' title='bbox 1478 2749 1538 2786; x_wconf 84' lang='lat' dir='ltr'><strong>sed</strong></span> <span class='ocrx_word' id='word_1_566' title='bbox 1560 2762 1605 2787; x_wconf 80' lang='lat' dir='ltr'><strong>an</strong></span> <span class='ocrx_word' id='word_1_567' title='bbox 1626 2761 1671 2787; x_wconf 81' lang='lat' dir='ltr'><strong>ex</strong></span> <span class='ocrx_word' id='word_1_568' title='bbox 1694 2751 1898 2795; x_wconf 87' lang='lat' dir='ltr'><strong>Jove‚non</strong></span> <span class='ocrx_word' id='word_1_569' title='bbox 1919 2757 2029 2797; x_wconf 73' lang='lat' dir='ltr'><strong>patet.</strong></span> <span class='ocrx_word' id='word_1_570' title='bbox 2051 2749 2087 2785; x_wconf 84' lang='lat'>&amp;</span> <span class='ocrx_word' id='word_1_571' title='bbox 2110 2748 2164 2785; x_wconf 87' lang='lat' dir='ltr'><strong>di-</strong></span> 
     </span>
     <span class='ocr_line' id='line_1_79' title="bbox 1125 2798 2166 2849; baseline -0.001 -13"><span class='ocrx_word' id='word_1_572' title='bbox 1125 2799 1244 2836; x_wconf 76' lang='lat' dir='ltr'><strong>versos</strong></span> <span class='ocrx_word' id='word_1_573' title='bbox 1267 2800 1325 2837; x_wconf 83' lang='lat' dir='ltr'><strong>alii</strong></span> <span class='ocrx_word' id='word_1_574' title='bbox 1345 2808 1508 2848; x_wconf 81' lang='lat' dir='ltr'><strong>parentes</strong></span> <span class='ocrx_word' id='word_1_575' title='bbox 1540 2800 1765 2843; x_wconf 78' lang='lat' dir='ltr'><strong>adscribunt;</strong></span> <span class='ocrx_word' id='word_1_576' title='bbox 1801 2800 1863 2837; x_wconf 87' lang='lat' dir='ltr'><strong>sed</strong></span> <span class='ocrx_word' id='word_1_577' title='bbox 1894 2811 1986 2849; x_wconf 81' lang='lat' dir='ltr'><strong>quae</strong></span> <span class='ocrx_word' id='word_1_578' title='bbox 2015 2799 2076 2837; x_wconf 85' lang='lat' dir='ltr'><strong>hie</strong></span> <span class='ocrx_word' id='word_1_579' title='bbox 2098 2798 2166 2835; x_wconf 80' lang='lat' dir='ltr'><strong>dis-</strong></span> 
     </span>
     <span class='ocr_line' id='line_1_80' title="bbox 1129 2849 1754 2888; baseline 0.003 -2"><span class='ocrx_word' id='word_1_580' title='bbox 1129 2849 1288 2887; x_wconf 86' lang='lat' dir='ltr'><strong>cutiendi</strong></span> <span class='ocrx_word' id='word_1_581' title='bbox 1314 2850 1416 2888; x_wconf 89' lang='lat' dir='ltr'><strong>locus</strong></span> <span class='ocrx_word' id='word_1_582' title='bbox 1436 2863 1513 2888; x_wconf 89' lang='lat' dir='ltr'><strong>non</strong></span> <span class='ocrx_word' id='word_1_583' title='bbox 1536 2851 1596 2888; x_wconf 82' lang='lat' dir='ltr'><strong>est.</strong></span> <span class='ocrx_word' id='word_1_584' title='bbox 1622 2851 1754 2888; x_wconf 64' lang='lat' dir='ltr'><strong>anm.</strong></span> 
     </span>
    </p>

    <p class='ocr_par' dir='ltr' id='par_1_17' title="bbox 1124 2898 2164 3100">
     <span class='ocr_line' id='line_1_81' title="bbox 1181 2898 2161 2951; baseline -0.003 -15"><span class='ocrx_word' id='word_1_585' title='bbox 1181 2912 1262 2948; x_wconf 85' lang='lat'><strong>371.</strong></span> <span class='ocrx_word' id='word_1_586' title='bbox 1292 2907 1362 2937; x_wconf 82' lang='lat' dir='ltr'><strong>Nec</strong></span> <span class='ocrx_word' id='word_1_587' title='bbox 1376 2899 1444 2948; x_wconf 81' lang='lat' dir='ltr'><strong>stm</strong></span> <span class='ocrx_word' id='word_1_588' title='bbox 1470 2902 1677 2951; x_wconf 64' lang='lat' dir='ltr'><strong>Satur72itz.]</strong></span> <span class='ocrx_word' id='word_1_589' title='bbox 1727 2901 1895 2938; x_wconf 63' lang='lat' dir='ltr'><strong>Emendat</strong></span> <span class='ocrx_word' id='word_1_590' title='bbox 1918 2912 1962 2937; x_wconf 83' lang='lat' dir='ltr'><strong>ex</strong></span> <span class='ocrx_word' id='word_1_591' title='bbox 1984 2898 2161 2936; x_wconf 77' lang='lat' dir='ltr'><strong>ambobus</strong></span> 
     </span>
     <span class='ocr_line' id='line_1_82' title="bbox 1127 2948 2164 2999; baseline -0.005 -12"><span class='ocrx_word' id='word_1_592' title='bbox 1127 2951 1242 2995; x_wconf 88' lang='lat' dir='ltr'><strong>meis,</strong></span> <span class='ocrx_word' id='word_1_593' title='bbox 1269 2962 1345 2987; x_wconf 88' lang='lat' dir='ltr'><strong>uno</strong></span> <span class='ocrx_word' id='word_1_594' title='bbox 1365 2950 1520 2996; x_wconf 80' lang='lat' dir='ltr'><strong>Maffei‚</strong></span> <span class='ocrx_word' id='word_1_595' title='bbox 1549 2952 1604 2989; x_wconf 89' lang='lat' dir='ltr'><strong>Io.</strong></span> <span class='ocrx_word' id='word_1_596' title='bbox 1625 2952 1722 2996; x_wconf 89' lang='lat' dir='ltr'><strong>Dei,</strong></span> <span class='ocrx_word' id='word_1_597' title='bbox 1751 2951 1939 2999; x_wconf 72' lang='lat' dir='ltr'><strong>Capranic.</strong></span> <span class='ocrx_word' id='word_1_598' title='bbox 1969 2952 2006 2987; x_wconf 85' lang='lat'>&amp;</span> <span class='ocrx_word' id='word_1_599' title='bbox 2035 2948 2164 2985; x_wconf 82' lang='lat' dir='ltr'><strong>Caele-</strong></span> 
     </span>
     <span class='ocr_line' id='line_1_83' title="bbox 1124 2998 2163 3051; baseline -0.005 -14"><span class='ocrx_word' id='word_1_600' title='bbox 1124 3001 1245 3045; x_wconf 86' lang='lat' dir='ltr'><strong>stinis,</strong></span> <span class='ocrx_word' id='word_1_601' title='bbox 1284 3007 1354 3037; x_wconf 80' lang='lat' dir='ltr'><strong>Nec</strong></span> <span class='ocrx_word' id='word_1_602' title='bbox 1377 3003 1471 3050; x_wconf 66' lang='lat' dir='ltr'><strong>fiam.</strong></span> <span class='ocrx_word' id='word_1_603' title='bbox 1510 3004 1677 3039; x_wconf 55' lang='lat' dir='ltr'><strong>Cmrasi.</strong></span> <span class='ocrx_word' id='word_1_604' title='bbox 1716 3002 1919 3051; x_wconf 85' lang='lat' dir='ltr'><strong>Simplicius</strong></span> <span class='ocrx_word' id='word_1_605' title='bbox 1953 3002 1990 3037; x_wconf 71' lang='grc' dir='ltr'><strong>ὅ(</strong></span> <span class='ocrx_word' id='word_1_606' title='bbox 2020 2998 2163 3047; x_wconf 70' lang='lat' dir='ltr'><strong>gravius</strong></span> 
     </span>
     <span class='ocr_line' id='line_1_84' title="bbox 1124 3050 1696 3100; baseline 0.005 -13"><span class='ocrx_word' id='word_1_607' title='bbox 1124 3050 1267 3088; x_wconf 87' lang='lat' dir='ltr'><strong>videtur</strong></span> <span class='ocrx_word' id='word_1_608' title='bbox 1289 3080 1298 3095; x_wconf 93' lang='lat'>,</span> <span class='ocrx_word' id='word_1_609' title='bbox 1327 3052 1428 3100; x_wconf 87' lang='lat' dir='ltr'><strong>quod</strong></span> <span class='ocrx_word' id='word_1_610' title='bbox 1453 3052 1490 3089; x_wconf 90' lang='lat' dir='ltr'><strong>in</strong></span> <span class='ocrx_word' id='word_1_611' title='bbox 1513 3053 1696 3090; x_wconf 74' lang='lat' dir='ltr'><strong>Palatino:</strong></span> 
     </span>
    </p>

    <p class='ocr_par' dir='ltr' id='par_1_18' title="bbox 1178 3099 2037 3152">
     <span class='ocr_line' id='line_1_85' title="bbox 1178 3099 2037 3152; baseline -0.002 -14"><span class='ocrx_word' id='word_1_612' title='bbox 1178 3102 1295 3138; x_wconf 72' lang='lat' dir='ltr'><strong>Fallat</strong></span> <span class='ocrx_word' id='word_1_613' title='bbox 1314 3117 1391 3138; x_wconf 75' lang='lat' dir='ltr'><strong>eam</strong></span> <span class='ocrx_word' id='word_1_614' title='bbox 1403 3105 1504 3149; x_wconf 77' lang='lat' dir='ltr'><strong>faxo.</strong></span> <span class='ocrx_word' id='word_1_615' title='bbox 1531 3117 1588 3140; x_wconf 80' lang='lat' dir='ltr'><strong>nec</strong></span> <span class='ocrx_word' id='word_1_616' title='bbox 1601 3105 1685 3152; x_wconf 74' lang='lat' dir='ltr'><strong>sum</strong></span> <span class='ocrx_word' id='word_1_617' title='bbox 1705 3102 1871 3139; x_wconf 73' lang='lat' dir='ltr'><strong>Saturnia</strong></span> <span class='ocrx_word' id='word_1_618' title='bbox 1887 3130 1896 3144; x_wconf 90' lang='lat'><strong>,</strong></span> <span class='ocrx_word' id='word_1_619' title='bbox 1916 3099 1951 3149; x_wconf 78' lang='lat' dir='ltr'><em>st</em></span> <span class='ocrx_word' id='word_1_620' title='bbox 1970 3112 2037 3134; x_wconf 74' lang='lat' dir='ltr'><strong>non</strong></span> 
     </span>
    </p>

    <p class='ocr_par' dir='ltr' id='par_1_19' title="bbox 1129 3148 2128 3240">
     <span class='ocr_line' id='line_1_86' title="bbox 1178 3148 2128 3203; baseline -0.002 -16"><span class='ocrx_word' id='word_1_621' title='bbox 1178 3157 1231 3188; x_wconf 84' lang='lat' dir='ltr'><strong>De</strong></span> <span class='ocrx_word' id='word_1_622' title='bbox 1254 3153 1348 3197; x_wconf 69' lang='lat' dir='ltr'><em>Jove</em></span> <span class='ocrx_word' id='word_1_623' title='bbox 1369 3154 1477 3200; x_wconf 81' lang='lat' dir='ltr'><strong>mersa</strong></span> <span class='ocrx_word' id='word_1_624' title='bbox 1492 3154 1554 3203; x_wconf 77' lang='lat' dir='ltr'><strong>suo</strong></span> <span class='ocrx_word' id='word_1_625' title='bbox 1575 3154 1708 3203; x_wconf 71' lang='lat' dir='ltr'><strong>Stygias</strong></span> <span class='ocrx_word' id='word_1_626' title='bbox 1723 3151 1915 3203; x_wconf 71' lang='lat' dir='ltr'><strong>penetrabit</strong></span> <span class='ocrx_word' id='word_1_627' title='bbox 1935 3150 1982 3185; x_wconf 81' lang='lat' dir='ltr'><strong>ad</strong></span> <span class='ocrx_word' id='word_1_628' title='bbox 2002 3148 2128 3186; x_wconf 76' lang='lat' dir='ltr'><strong>undas.</strong></span> 
     </span>
     <span class='ocr_line' id='line_1_87' title="bbox 1129 3201 1461 3240; baseline 0.006 -2"><span class='ocrx_word' id='word_1_629' title='bbox 1129 3201 1233 3238; x_wconf 75' lang='lat' dir='ltr'><strong>DAN.</strong></span> <span class='ocrx_word' id='word_1_630' title='bbox 1260 3203 1461 3240; x_wconf 61' lang='lat' dir='ltr'><strong>Heinsms.</strong></span> 
     </span>
    </p>

    <p class='ocr_par' dir='ltr' id='par_1_20' title="bbox 1128 3249 2167 3349">
     <span class='ocr_line' id='line_1_88' title="bbox 1182 3249 2167 3302; baseline -0.003 -14"><span class='ocrx_word' id='word_1_631' title='bbox 1182 3264 1266 3293; x_wconf 81' lang='lat'><strong>272.</strong></span> <span class='ocrx_word' id='word_1_632' title='bbox 1294 3258 1347 3288; x_wconf 86' lang='lat' dir='ltr'><strong>De</strong></span> <span class='ocrx_word' id='word_1_633' title='bbox 1369 3253 1502 3302; x_wconf 53' lang='grc' dir='ltr'><strong>ὕοι-α]</strong></span> <span class='ocrx_word' id='word_1_634' title='bbox 1532 3254 1591 3290; x_wconf 75' lang='lat' dir='ltr'><strong>Ab</strong></span> <span class='ocrx_word' id='word_1_635' title='bbox 1615 3254 1708 3298; x_wconf 71' lang='lat' dir='ltr'><strong>Jove</strong></span> <span class='ocrx_word' id='word_1_636' title='bbox 1722 3280 1731 3295; x_wconf 90' lang='lat'><em>‚</em></span> <span class='ocrx_word' id='word_1_637' title='bbox 1749 3259 1788 3287; x_wconf 85' lang='lat' dir='ltr'><strong>ut</strong></span> <span class='ocrx_word' id='word_1_638' title='bbox 1808 3249 1941 3286; x_wconf 75' lang='lat' dir='ltr'><strong>habent</strong></span> <span class='ocrx_word' id='word_1_639' title='bbox 1961 3249 2040 3286; x_wconf 82' lang='lat' dir='ltr'><strong>libri</strong></span> <span class='ocrx_word' id='word_1_640' title='bbox 2063 3256 2167 3286; x_wconf 90' lang='lat' dir='ltr'><strong>vete-</strong></span> 
     </span>
     <span class='ocr_line' id='line_1_89' title="bbox 1128 3299 2167 3349; baseline -0.002 -10"><span class='ocrx_word' id='word_1_641' title='bbox 1128 3313 1195 3341; x_wconf 79' lang='lat' dir='ltr'><strong>res.</strong></span> <span class='ocrx_word' id='word_1_642' title='bbox 1222 3302 1436 3341; x_wconf 52' lang='lat' dir='ltr'><strong>emmaus.</strong></span> <span class='ocrx_word' id='word_1_643' title='bbox 1471 3304 1532 3339; x_wconf 73' lang='lat' dir='ltr'><strong>Ab</strong></span> <span class='ocrx_word' id='word_1_644' title='bbox 1554 3305 1649 3349; x_wconf 69' lang='lat' dir='ltr'><strong>Jove</strong></span> <span class='ocrx_word' id='word_1_645' title='bbox 1681 3313 1765 3339; x_wconf 83' lang='lat' dir='ltr'><strong>cum</strong></span> <span class='ocrx_word' id='word_1_646' title='bbox 1796 3299 2028 3346; x_wconf 77' lang='lat' dir='ltr'><strong>melioribus,</strong></span> <span class='ocrx_word' id='word_1_647' title='bbox 2054 3300 2091 3338; x_wconf 73' lang='grc' dir='ltr'><strong>ὅ(</strong></span> <span class='ocrx_word' id='word_1_648' title='bbox 2107 3309 2167 3349; x_wconf 80' lang='lat' dir='ltr'><strong>pe—</strong></span> 
     </span>
    </p>

    <p class='ocr_par' dir='ltr' id='par_1_21' title="bbox 1466 3352 2168 3390">
     <span class='ocr_line' id='line_1_90' title="bbox 1466 3352 2168 3390; baseline -0.006 0"><span class='ocrx_word' id='word_1_649' title='bbox 1466 3352 1493 3390; x_wconf 86' lang='lat' dir='ltr'>B</span> <span class='ocrx_word' id='word_1_650' title='bbox 1517 3353 1538 3390; x_wconf 89' lang='lat' dir='ltr'><strong>b</strong></span> <span class='ocrx_word' id='word_1_651' title='bbox 2111 3363 2168 3387; x_wconf 76' lang='lat' dir='ltr'><strong>na-</strong></span> 
     </span>
    </p>
   </div>
   <div class='ocr_carea' id='block_1_8' title="bbox 1220 2026 1318 2032">
    <p class='ocr_par' dir='ltr' id='par_1_22' title="bbox 1220 2026 1318 2032">
     <span class='ocr_line' id='line_1_91' title="bbox 1220 2026 1318 2032; baseline 0 0"><span class='ocrx_word' id='word_1_652' title='bbox 1220 2026 1318 2032; x_wconf 95' lang='lat' dir='ltr'><strong> </strong></span> 
     </span>
    </p>
   </div>
  </div>
 </body>
</html>
