2483 3616
782 214 845 272 P.
918 213 1336 275 OVIDII

289 238 391 274 210

1408 211 1939 272 NASONIS

577 308 734 367 Scitis
758 311 933 379 enim,
961 310 1018 364 &
1042 308 1223 364 multis
1247 304 1445 362 latebra
1470 319 1774 379 opportuna
1795 306 1978 363 fuistis.

578 383 857 458 Ecquem,
883 400 1008 439 cum
1032 381 1232 437 vestrae
1258 392 1342 434 tot
1368 391 1589 451 agantur
1611 381 1782 434 secula
1801 381 1973 444 vitae,

431 460 541 527 '445
578 457 692 530 Qui
719 456 788 512 fic
827 456 1084 523 tabuerit,
1123 455 1290 526 longo
1315 451 1624 508 meministis
1652 452 1708 507 in
1732 453 1897 507 aevo?

575 530 650 586 Et
675 531 880 603 placet,
907 531 960 585 &
987 528 1177 586 video:
1215 527 1308 583 sed
1333 525 1483 600 quod
1510 524 1809 600 videoque,
1835 526 2153 602 placetque3

580 604 710 662 Non
733 616 912 659 tamen
935 601 1170 658 invenio
1209 612 1384 655 tantus
1408 608 1559 651 tenet
1585 615 1735 655 error
1758 610 2040 655 amantem.

582 676 822 751 Quoque
846 677 1011 749 magis
1035 675 1277 735 doleam;
1319 689 1421 727 nec
1445 688 1545 725 nos
1569 688 1714 727 mare
1739 674 1938 746 separat
1964 673 2179 746 iugem,

579 749 697 805 Nec
720 750 831 817 via,
855 767 957 804 nec
980 760 1220 809 monte8‚
1247 762 1348 800 nee
1371 743 1552 799 clausis
1575 746 1787 801 moenia
1812 746 1998 817 portis,

431 826 536 892 '450
572 820 785 892 Exigua
806 821 1156 893 prohibemur
1179 820 1330 892 aquit.
1358 818 1505 890 cupit
1527 817 1636 891 ipse
1660 820 1857 875 teneri:

573 894 715 949 Nam
741 893 956 966 quoties
982 891 1196 966 liquidis
1217 891 1554 965 porrexi-mus
1579 891 1753 947 oscula
1776 893 2034 966 lymphis;

576 965 693 1020 Hic
718 966 878 1021 toties
903 965 969 1020 ad
997 983 1085 1021 me
1115 965 1363 1037 resupino
1388 964 1576 1020 nititur
1611 982 1721 1020 ore.

571 1037 727 1093 Poffe
750 1052 906 1111 putes
933 1040 1093 1111 tangi.
1119 1039 1404 1093 minimum
1427 1037 1530 1103 est,
1553 1038 1704 1112 quod
1729 1038 2023 1094 amantibus
2047 1038 2230 1096 obstat.

573 1110 832 1186 Quisquis
856 1130 912 1168 es
929 1146 944 1173 ,
972 1112 1079 1168 hue
1105 1112 1208 1167 exi.
1248 1112 1381 1186 quid
1404 1129 1521 1176 me,
1546 1129 1680 1185 puer
1705 1112 1893 1177 unice,
1914 1111 2076 1168 fallis?

327 1298 414 1351 2143.
451 1299 603 1339 Latebra
633 1297 817 1353 opportuna
840 1300 996 1352 fuistis.]
1051 1300 1322 1340 Procacitatem

279 1352 532 1401 'nympharum
554 1354 682 1402 tangit.
702 1354 777 1392 vid.
796 1352 842 1391 ad
861 1353 921 1391 lib.
935 1365 984 1392 11.
1004 1364 1091 1401 452.

329 1414 414 1452 445.
442 1409 552 1453 Longo
572 1404 611 1441 in
630 1404 746 1455 aeva]
778 1410 931 1453 Longum
950 1404 990 1441 in
1011 1417 1141 1441 aevum
1163 1402 1322 1452 Neapol.

277 1452 421 1493 Medic.
432 1453 511 1511 see.
531 1455 571 1493 δε
592 1454 739 1495 Lovan.
762 1455 872 1506 longos
901 1455 940 1493 in
970 1468 1077 1493 annos
1107 1455 1251 1493 Moreti
1281 1466 1323 1491 u-

275 1515 357 1543 nus.

327 1555 412 1603 446.
444 1561 493 1594 Et
506 1557 620 1608 placet
641 1568 684 1599 &⁸
704 1556 843 1607 videm]
882 1556 1005 1598 Gebh.
1035 1556 1096 1595 lib.
1129 1569 1177 1595 11.
1211 1557 1322 1606 Crep.

275 1616 323 1643 11.
349 1611 406 1644 En
419 1609 534 1657 placet
556 1637 567 1654 ,
592 1622 634 1646 en
656 1609 767 1646 video.
794 1621 861 1658 pro
884 1619 1007 1646 tantus
1027 1637 1037 1654 ,
1065 1607 1198 1646 multus
1232 1608 1318 1645 citat

269 1654 450 1700 AVincent.
472 1659 613 1698 Bellov.
635 1659 778 1709 Specul.
800 1659 892 1697 Hist.
912 1660 973 1697 lib.
989 1671 1043 1697 vx.
1069 1671 1149 1708 cap.
1173 1659 1256 1697 116.

325 1720 409 1757 449.
439 1715 510 1747 Nec
531 1710 609 1757 via,
632 1724 690 1748 nec
711 1721 924 1756 montes-,nec
944 1709 1064 1761 clausis
1087 1710 1220 1748 moenia
1237 1719 1315 1760 por-

272 1757 358 1808 tis.]
388 1760 516 1809 Lege,
545 1769 587 1799 ut
618 1761 758 1811 aliquot
778 1769 869 1799 vett.
889 1761 1026 1799 habent
1050 1789 1061 1807 ,
1097 1761 1191 1798 inter
1222 1773 1316 1810 quos

274 1809 353 1846 mei
376 1821 385 1848 ε
424 1817 507 1848 Non
527 1813 615 1857 via,
642 1826 711 1849 non
743 1823 873 1850 montes
897 1841 908 1858 ,
944 1826 1012 1849 non
1034 1810 1154 1862 clausis
1182 1811 1316 1849 moenia

268 1860 388 1910 portis.
416 1860 472 1899 Ita
493 1862 594 1900 enim
613 1862 755 1901 suavius
777 1863 839 1901 est.
865 1864 1035 1901 CioFAN.

326 1922 411 1960 451.
439 1919 537 1950 Nam
562 1913 714 1963 quoties,
734 1914 834 1964 effa]
864 1915 911 1952 Et
932 1914 991 1952 hic
1023 1915 1063 1952 ὃς
1092 1913 1229 1964 ubique
1258 1913 1319 1953 lib.

270 1959 390 2011 script.
411 1964 565 2014 quotiens
578 1992 589 2009 ,
616 1965 656 2002 &
676 1965 798 2002 totiens
817 1964 966 2003 habent.
992 1964 1107 2003 C1or.

323 2025 409 2062 452.
442 2014 626 2064 Nititur.]
666 2016 819 2052 Vertitur
842 2016 994 2054 Thuan.

265 2113 271 2116 ‚
322 2075 409 2114 453.
437 2065 635 2103 Minimum
655 2065 698 2113 est
726 2067 816 2117 quod
846 2067 1051 2104 amantibus
1079 2066 1225 2118 obstat.]
1264 2067 1318 2106 Tb

267 2111 313 2162 est
333 2115 440 2153 multi
459 2124 600 2154 veteres
622 2128 700 2154 non
722 2117 935 2166 agnoscunt.
961 2118 1094 2156 Forte:

320 2177 423 2187 —-
452 2168 650 2204 Minimum
670 2168 756 2218 quid
776 2168 979 2206 amantibus
999 2168 1117 2216 obstat.
1146 2168 1288 2207 HEINS.

319 2226 405 2266 454.
433 2218 534 2266 Qid
555 2232 629 2264 me,
649 2228 736 2268 puer
757 2221 877 2264 unice,
893 2218 1032 2269 falli5.]
1061 2219 1257 2268 Eleganter
1276 2219 1314 2256 in

268 2265 344 2305 aliis
378 2268 566 2306 codicibus
587 2297 598 2314 ‚
636 2269 737 2318 Qid
777 2284 855 2315 me,
889 2280 976 2320 puer
1002 2270 1124 2308 invide
1145 2298 1155 2315 ‚
1184 2269 1316 2317 fallis?

264 2316 375 2357 DAN.
403 2318 604 2358 Hfimsxus.
637 2320 762 2357 Invide
793 2332 886 2358 unus
907 2321 1016 2360 Palat.
1047 2332 1140 2358 unus
1161 2321 1317 2370 Argent.

265 2366 401 2418 Thyfii
432 2369 517 2408 cod.
553 2370 656 2421 quod
689 2370 834 2420 elegans
862 2372 946 2410 sane
970 2400 981 2417 ‚
1020 2372 1073 2409 uti
1104 2372 1143 2409 ὃς
1175 2372 1316 2420 parenti

264 2427 355 2456 meo
378 2420 579 2459 videbatur.
606 2432 699 2459 unus
720 2423 863 2461 Moreti
885 2451 895 2468 ,
932 2423 1018 2474 quid
1042 2436 1095 2460 me
1121 2422 1315 2472 pulcherri-

266 2481 320 2505 me
332 2470 447 2516 fallis.
471 2472 532 2510 sed
553 2471 698 2520 vulgata
718 2472 830 2511 leffio
850 2473 957 2522 ipfius
978 2473 1133 2511 Nasonis
1154 2473 1203 2511 est
1225 2502 1235 2519 ,
1275 2475 1315 2511 ὃ(

263 2517 376 2567 longe
414 2521 684 2571 elegantissima.
721 2524 842 2561 unicus
866 2552 876 2568 ,
903 2525 967 2574 qui
989 2535 1115 2573 parem
1138 2535 1217 2562 non
1248 2524 1314 2561 ha-

265 2566 351 2614 bet,
379 2568 453 2609 ssve
473 2573 519 2610 ad
550 2574 712 2610 formam
736 2575 774 2612 &
796 2575 1105 2624 pulchritudinem
1129 2602 1139 2619 ‚
1167 2582 1208 2612 ut
1237 2575 1312 2612 hoc

264 2617 352 2656 loco
367 2647 377 2665 ,
407 2621 479 2660 five
509 2623 556 2661 ad
575 2624 658 2662 alias
681 2624 786 2662 dotes
807 2627 994 2664 referatur.
1015 2634 1077 2663 aut
1096 2637 1210 2676 quem
1233 2627 1312 2676 quis

262 2679 350 2717 prae
373 2674 498 2711 ceteris
522 2682 632 2712 amat.
658 2676 844 2722 Juvenalis
874 2677 944 2714 Sat.
970 2690 1021 2715 ix.
1045 2677 1106 2724 63.

315 2733 492 2782 Improbus
513 2749 543 2771 es
557 2764 567 2780 ,
595 2749 672 2772 cum
687 2738 792 2786 poscis
806 2765 817 2782 ‚
841 2738 907 2775 ait.
926 2738 990 2787 sed
1001 2737 1095 2788 pusio
1117 2739 1272 2786 clamat,

316 2783 438 2832 Posce:
458 2785 521 2831 fied
541 2786 688 2834 appellat
704 2797 788 2836 puer
810 2788 930 2825 unicus
946 2816 956 2833 ‚
985 2800 1026 2825 ut
1047 2790 1246 2839 Polyphemi

316 2838 411 2871 Lata
432 2836 517 2872 acies
531 2863 541 2880 ,
560 2845 623 2885 per
645 2850 752 2886 quam
766 2838 887 2886 fhllers
908 2838 1017 2888 evafit
1040 2840 1172 2890 Ulyſjes.

260 2897 334 2954 8εᾴ
353 2898 423 2936 illic
444 2899 537 2937 sumi
566 2902 681 2949 potest
696 2930 706 2946 ‚
734 2902 780 2940 de
802 2916 942 2952 puero,
968 2906 1029 2954 qui
1052 2907 1210 2946 domino
1239 2910 1303 2949 suo

259 2960 388 2990 unicus
410 2950 459 2988 est
480 2952 519 2988 δε
540 2949 644 2990 solus.
665 2952 811 2991 Plautus
840 2954 980 2992 Asinaia
1005 2957 1090 2995 Aet.
1115 2970 1170 2996 iv,
1195 2960 1250 2998 Sc.
1276 2974 1305 3001 1.

310 3016 410 3048 Nam
431 3022 472 3049 tu
492 3016 600 3050 Poeta
619 3027 651 3050 es
668 3015 716 3050 ad
737 3028 812 3051 eam
836 3029 907 3053 rem
930 3016 1061 3054 unicus.

258 3069 422 3120 Captivis
444 3073 529 3112 Aet.
551 3087 578 3112 1.
603 3075 658 3113 Sc.
682 3088 727 3113 11.

307 3123 458 3161 Alienus
478 3139 557 3162 cum
575 3127 644 3174 ejus
665 3127 918 3165 incommodum
942 3139 1018 3165 tam
1040 3144 1135 3179 aegre
1156 3133 1249 3173 feras
1263 3161 1274 3178 ,

308 3175 409 3220 Qid
429 3189 482 3213 me
499 3185 635 3226 patrem
653 3187 720 3226 par
733 3180 849 3225 facere
864 3208 873 3223 ‚
887 3179 940 3215 cui
961 3179 1016 3216 ille
1035 3181 1078 3228 est
1100 3183 1220 3218 unicus
1233 3193 1248 3220 ?

2119 1205 2221 1256 455
2260 1188 2417 1262 Quo-

1430 1301 1589 1339 Perdidit
1601 1330 1611 1347 ,
1631 1303 1847 1353 pessundedit
1866 1302 1930 1341 tibi
1944 1302 2064 1352 filium
2085 1301 2149 1340 uni
2166 1303 2321 1343 unicum.

1379 1352 1541 1391 Catullus
1562 1353 1609 1390 ad
1628 1353 1820 1392 Caesarem
1842 1355 2120 1392 Carmxxvm.

1480 1409 1571 1441 Eone
1592 1406 1728 1442 nomine
1741 1434 1750 1450 ‚
1772 1412 1962 1456 Imperator
1981 1406 2077 1443 unice
2091 1434 2102 1450 ‚

1483 1461 1576 1493 Socer
1591 1469 1756 1508 generque
1768 1457 1963 1507 perdidistis
1982 1458 2128 1495 omnia?

1379 1505 1573 1551 Afranius,
1587 1507 1678 1555 {Quis
1699 1518 1775 1545 tam
1796 1508 1926 1557 ingenio
1945 1508 1989 1556 est
2008 1508 2107 1545 unico
2127 1519 2170 1548 ey
2189 1508 2284 1545 corde
2286 1509 2421 1558 sagaci,

1378 1557 1584 1595 Paterculus
1594 1558 1654 1595 lib.
1668 1570 1759 1605 11.7.
1784 1559 1822 1596 in
1843 1559 1980 1596 malam
2002 1566 2143 1607 partem
2166 1558 2296 1607 posuit.
2322 1561 2414 1597 Huic

1374 1609 1556 1646 atrocitati
1576 1609 1749 1658 adjectum
1764 1609 1873 1658 scelus
1894 1609 2048 1646 unicum.
2076 1608 2262 1653 &Festus‚
2281 1611 2413 1648 Sarda-

1372 1660 1518 1708 napalus
1533 1688 1543 1704 ‚
1556 1666 1629 1697 Rex
1651 1659 1870 1709 Affyriotum
1890 1660 2011 1697 unicae
2033 1659 2207 1698 luxuriae.
2234 1660 2420 1708 Catullus,

1373 1711 1498 1749 Carni.
1522 1722 1598 1747 Lxr.
1623 1710 1707 1748 228.

1552 1762 1679 1810 Qalis
1698 1762 1802 1799 unica
1820 1762 1864 1799 ab
1887 1762 2015 1812 optima
2092 1804 2094 1807 ,

1602 1819 1722 1850 Matre
1745 1813 1941 1851 Telemacho
1965 1824 2084 1851 manet

1653 1871 1765 1901 Fama
1789 1864 1972 1914 Penelopeo.

1372 1913 1580 1964 Propertius
1601 1913 1646 1952 ad
1671 1915 1874 1964 Cynthium
1901 1915 1994 1953 libro
2018 1927 2045 1952 1.
2065 1914 2120 1952 El.
2141 1927 2176 1953 z.

1424 1972 1516 2004 Cum
1539 1965 1604 2003 tibi
1616 1967 1819 2016 praefirtim
1841 1965 1993 2003 Phoebus
2007 1966 2076 2014 sua
2098 1965 2259 2004 carmina
2289 1967 2411 2014 donem*

1475 2017 1697 2066 Aoniamque
1716 2017 1822 2053 libens
1844 2017 2016 2066 Calliopea
2033 2016 2172 2065 lyram3

1423 2069 1531 2105 Unica
1553 2080 1610 2104 nec
1632 2066 1715 2117 defit
1727 2068 1893 2116 jucundis
1909 2068 2028 2116 gratia
2047 2067 2159 2105 dictis.

1374 2117 1429 2157 Ita
1442 2119 1542 2156 enim
1554 2118 1672 2167 scripti
1681 2117 1846 2168 quidam,
1858 2131 1936 2155 non
1950 2117 2074 2155 verbis.
2102 2118 2327 2158 &lib.11.El.
2349 2131 2407 2168 19.

1424 2169 1531 2206 Unica
1553 2179 1641 2206 nata
1662 2183 1733 2206 meo
1748 2169 1983 2219 pulcherrima
2005 2182 2087 2205 cura
2110 2168 2233 2208 dolori.

1370 2220 1473 2258 Hinc
1503 2219 1755 2258 emendandus
1785 2220 1963 2269 Apulejus
1992 2219 2125 2257 Florid.
2152 2219 2244 2258 libro
2266 2233 2293 2258 1.
2321 2221 2411 2260 loco

1369 2272 1611 2309 vexatissimo.
1634 2271 1841 2308 Alexandro
1862 2271 1937 2316 illi,
1965 2270 2058 2319 longe
2077 2271 2159 2307 olim
2181 2270 2410 2319 excellentissi-

1369 2335 1424 2359 mo
1444 2323 1547 2372 Regi,
1573 2322 1627 2359 cui
1647 2336 1689 2359 ex
1710 2321 1806 2358 rebus
1827 2323 1913 2359 attis
1944 2334 1988 2362 (9⁴
2017 2322 2128 2358 aut‘tis
2149 2333 2407 2371 cognomentum

1370 2379 1501 2423 Magno
1530 2373 1619 2422 (pri.
1646 2372 1703 2410 ed.
1727 2379 1912 2420 Magnum.
1934 2379 2026 2421 puto
2040 2400 2050 2416 ‚
2072 2373 2225 2421 Magni)
2252 2374 2409 2412 inditum

1369 2424 1436 2472 est,
1462 2438 1503 2461 ne
1524 2423 1590 2473 nisi
1607 2424 1748 2460 unicam
1777 2423 1927 2472 gloriam
1948 2424 2088 2472 adeptus
2105 2421 2183 2472 sine
2209 2424 2311 2462 laude
2340 2439 2409 2462 un-

1370 2489 1478 2525 quam
1500 2475 1750 2512 nominaretur.
1778 2474 2066 2512 Elmenhorstius
2088 2473 2224 2520 edidit,
2250 2475 2408 2512 inditum

1369 2526 1435 2573 est,
1458 2525 1614 2575 placuit,
1642 2539 1683 2562 ne
1704 2524 1760 2573 iste
1781 2539 1870 2562 unus
1900 2539 1976 2562 eam
1994 2525 2142 2574 gloriam
2171 2538 2202 2561 a.
2217 2526 2251 2574 s
2277 2525 2301 2563 l.
2323 2540 2408 2577 unq.

1366 2577 1498 2625 partim
1523 2588 1567 2614 ex
1591 2577 1738 2621 Colvii,
1763 2577 1895 2625 partim
1917 2588 1962 2614 ex
1984 2575 2195 2613 Wouwerii
2217 2576 2410 2625 conjeetu-

1365 2639 1401 2664 ra
1416 2656 1427 2673 ,
1456 2627 1555 2666 malo
1579 2639 1641 2664 me
1660 2627 1824 2665 hercules
1853 2627 2038 2675 exemplo.
2066 2626 2208 2674 optime
2228 2627 2345 2675 prima
2368 2640 2407 2665 e-

1366 2678 1457 2716 ditio
1473 2708 1483 2724 ‚
1511 2693 1552 2715 ne
1573 2679 1633 2715 vir
1665 2678 1806 2714 unicam
1821 2677 1970 2725 gloriam
1991 2678 2133 2726 adeptus
2157 2705 2167 2721 ‚
2197 2675 2271 2727 fine
2302 2678 2406 2716 laude

1365 2742 1523 2779 unquam
1545 2729 1794 2765 nominaretur.
1820 2726 1953 2772 scribe,
1979 2727 2182 2764 Alexandri
2213 2727 2306 2765 illius
2328 2729 2405 2766 lon-

1359 2792 1399 2827 ge
1420 2779 1502 2815 olim
1522 2777 1784 2825 excellentissimi
1814 2778 1930 2827 Regis,
1957 2778 2010 2815 cui
2043 2792 2084 2815 ex
2116 2777 2213 2815 rebus
2241 2780 2328 2817 attis
2358 2792 2402 2821 ω’

1362 2830 1473 2866 aultis
1505 2839 1763 2877 cognomentum
1802 2830 1928 2877 Magni
1970 2830 2125 2866 inditum
2157 2828 2200 2877 est
2221 2858 2231 2874 ,
2270 2844 2311 2868 ne
2342 2831 2402 2868 vir

1362 2882 1502 2916 unicam
1519 2880 1667 2929 gloriam
1699 2880 1840 2928 adeptus
1862 2878 1937 2929 fine
1967 2880 2070 2917 laude
2098 2894 2257 2930 unquam
2290 2883 2401 2919 nomi-

1359 2941 1514 2967 naretur.
1541 2941 1636 2980 quae
1657 2931 1785 2967 omnia
1801 2931 1880 2979 Jam
1911 2930 2017 2979 plana
2042 2930 2124 2968 sunt
2145 2933 2183 2968 &
2204 2930 2400 2980 perspicua.

1359 2992 1404 3017 ex
1427 2981 1489 3019 illo
1513 2982 1612 3018 enim
1638 2982 1690 3018 cui
1701 2995 1742 3017 ex
1754 2981 1850 3018 rebus
1861 2983 1946 3019 attis
1959 2983 2030 3020 &o
2058 2981 2169 3031 usque
2192 2993 2234 3019 ea
2253 2983 2361 3020 verba
2385 3011 2397 3027 ‚

1358 3032 1427 3079 ejus
1449 3032 1554 3080 igitur
1576 3031 1780 3069 Alexandri
1802 3060 1812 3076 ‚
1841 3044 1936 3081 quae
1968 3033 2171 3069 inseruntur
2202 3033 2396 3081 parenthe-

1358 3080 1383 3117 fi
1404 3081 1482 3119 sunt
1512 3082 1743 3120 includenda.
1770 3083 1876 3120 initio
1906 3083 2162 3131 Metamorph.
2189 3083 2393 3133 Thessaliam

1358 3132 1470 3180 (nam
1490 3133 1560 3170 illic
1587 3134 1725 3183 originis
1744 3146 1924 3171 maternae
1946 3133 2075 3181 nostrae
2097 3134 2340 3181 fundamenta
2368 3147 2392 3170 a

1357 3183 1545 3221 Plutarcho
1576 3184 1633 3221 illo
1654 3184 1781 3234 inclyto
1795 3213 1806 3230 ,
1832 3198 1873 3221 ac
1894 3197 1975 3222 mox
1996 3190 2095 3220 Sexto
2117 3183 2314 3234 Philofitpho
2333 3198 2390 3221 ne·

245 3219 380 3260 -Verba
402 3225 583 3274 Hegionis
602 3227 682 3266 sunt
696 3257 706 3273 ‚
732 3230 794 3278 qui
815 3238 941 3267 tamen
962 3230 1052 3269 duos
1073 3231 1164 3270 filios
1184 3232 1298 3271 habe·
1346 3242 1425 3283 pote
1456 3234 1540 3283 ejus,
1556 3235 1696 3284 prodita
1714 3236 1863 3284 gloriam
1885 3235 1978 3272 nobis
2000 3235 2162 3281 faciunt)
2190 3248 2267 3271 eam
2290 3233 2389 3283 Thtf-

255 3269 324 3309 ‘Dat‘
352 3273 521 3314 Bacchid.
544 3278 629 3317 Aer.
652 3290 716 3316 111.
738 3280 793 3317 Sc.
817 3293 879 3318 111.

1343 3284 1476 3332 saliam
1501 3299 1542 3321 ex
1565 3296 1644 3322 voto
1658 3287 1826 3335 petebam.
1849 3285 1947 3323 &fic
1964 3284 2068 3334 saepe
2089 3284 2189 3323 idem
2202 3285 2390 3334 Apulejus.

303 3321 382 3361 Elii.
408 3326 486 3373 Qo
497 3328 591 3366 ducis
602 3342 692 3368 nunc
704 3330 869 3381 meeLy.
888 3332 954 3369 Ad
964 3332 1078 3380 illam,
1092 3343 1294 3384 quaeruum
1351 3334 1409 3373 sed
1442 3335 1592 3385 quando
1618 3348 1698 3376 non
1737 3336 1801 3375 soli
1832 3335 1972 3375 Nasoni
2003 3335 2209 3386 castigando
2237 3337 2307 3374 hae
2334 3334 2392 3371 lu-

2267 3383 2392 3429 cubra:
