2483 3616
372 149 711 216 MET'A·
748 142 1619 208 MORPHOSEON
1692 152 1836 215 Lm.

1912 156 1973 216 II.
2124 178 2144 213 1
2156 180 2218 233 59

363 264 691 318 Germanam
719 267 841 311 ante
868 256 1083 320 ocu103‚
1118 256 1562 331 fortunatumque
1586 257 1779 315 sororis

362 332 717 404 Conjngium,
751 329 1082 403 pulchraque
1107 330 1291 385 Deum
1314 330 1408 385 sub
1431 331 1664 404 imagine
1689 335 1858 406 ponit.

220 414 318 480 805
353 405 667 478 Cuneiaque
695 421 886 476 magna
910 404 1066 468 facit,
1104 403 1296 477 quibus
1320 403 1551 470 irritata,
1590 406 1793 462 dolore-

361 480 621 552 Cecropis
646 480 864 532 occulto
890 478 1197 533 mordetur:
1240 477 1296 532 &
1326 479 1483 533 anxia
1501 479 1692 544 nocie,

359 554 541 609 Anxia
565 553 684 607 luce
715 552 914 624 gemin
955 553 1206 625 lentaque
1232 552 1525 607 miserrima
1549 552 1670 608 tabe

359 626 644 700 Liquitur,
684 640 743 680 ut
770 626 963 697 glacies
988 626 1201 680 incerto
1228 625 1399 680 saucia
1423 625 1558 681 sole:

361 699 663 773 Felicisque
689 700 843 754 bonis
868 717 978 754 non
1001 699 1168 754 secius
1194 700 1370 754 uritur
1398 698 1632 765 Herse3‚

214 776 316 833 810
354 773 534 846 Quam
558 792 684 828 cum
709 773 924 846 spinosis
948 773 1086 845 ignis
1112 773 1427 846 supponitur
1449 773 1657 836 herbis3

359 848 514 922 Quae
539 866 717 921 neque
743 847 871 901 dant
896 845 1173 911 flammae,
1201 847 1416 920 lenique
1441 859 1631 920 tepore
1656 853 1981 905 c1·emantur;

363 921 531 993 Saepe
555 920 920 993 mori'voluit3
961 936 1031 974 ne
1055 920 1353 993 quidquam
1375 921 1478 975 tale
1503 920 1740 977 videret:

362 996 531 1066 Saepe
556 995 702 1050 velut
727 994 932 1048 crimen
956 992 1136 1064 rigido
1158 1010 1372 1048 narrare
1396 994 1619 1064 parenti.

361 1067 616 1141 Denique
643 1068 698 1123 in
722 1065 945 1122 adverso
960 1066 1485 1122 vvenientem-limine
1510 1065 1646 1123 sedit

70 1259 109 1299 ἃ
130 1259 222 1298 libro
244 1269 315 1297 vn.
340 1254 496 1294 Aeneid.
517 1253 562 1302 78
572 1255 603 1292 r.

120 1321 228 1359 Filius
247 1318 404 1356 ardentes
425 1315 524 1353 haud
537 1315 647 1365 secius
668 1326 812 1366 aequore
836 1312 951 1364 campi

118 1370 306 1408 Exercebat
326 1381 435 1419 equos.

65 1433 125 1470 ubi
139 1433 276 1481 segnius
300 1431 447 1480 plurimi
467 1438 624 1470 veteres.
653 1430 693 1468 &
713 1429 773 1468 lib.
797 1443 850 1468 1x.
871 1442 957 1478 440.
979 1439 1025 1468 ex
1046 1440 1116 1480 op-

61 1483 159 1521 timis
180 1482 403 1521 membranis
416 1510 427 1528 ‚

243 1550 354 1599 Instat
374 1564 444 1589 non
457 1550 567 1600 secius
581 1578 593 1597 ‚
620 1563 660 1589 ac
682 1560 779 1589 rorat
797 1549 913 1599 ensem

114 1603 347 1641 Fulmineum.

63 1671 168 1710 Silius
187 1671 278 1709 libro
301 1682 356 1709 vx.
381 1669 470 1717 461:

114 1740 155 1773 A
157 1746 173 1772 t
194 1732 390 1784 circumfust
399 1733 581 1784 nonsecius
592 1731 745 1784 undique
757 1731 923 1772 dextram

115 1788 293 1837 Prenſsare.

60 1848 194 1889 Noster
213 1848 272 1887 lib.
291 1859 366 1887 vn.
382 1847 466 1898 769.
480 1859 525 1885 ex
549 1845 704 1896 vestigiis
725 1852 895 1883 veterum
907 1843 1109 1883 librorum:

111 1913 242 1964 Copula
263 1913 463 1952 detrahitur
483 1912 624 1950 canibus
639 1940 649 1957 ,
676 1925 758 1962 quos
779 1910 843 1948 illa
857 1911 1036 1962 sequentes

113 1965 240 2015 Effugit
253 1993 264 2011 ,
292 1978 335 2006 (φ’
355 1964 490 2002 volucri
511 1978 580 2002 non
594 1963 703 2013 secius
724 1961 808 2000 alite
829 1962 934 2002 ludit.

59 2023 118 2066 lib.
139 2039 174 2065 x.
199 2027 282 2078 588.
303 2039 348 2065 ex
370 2027 529 2078 antiquis*
546 2025 642 2064 libris
662 2038 672 2063 :

111 2096 212 2141 Qae
233 2106 437 2145 quanquam
459 2091 621 2141 Scythica
640 2105 708 2129 non
721 2091 834 2141 secius
852 2091 901 2128 ire
912 2089 1050 2140 sagitta

112 2145 226 2181 Aonio
247 2144 326 2194 ‘msa
346 2144 389 2191 est
402 2143 542 2193 juveni.

59 2206 311 2255 utroqueloco
316 2203 451 2256 segnius
462 2217 562 2244 nunc
571 2204 715 2255 legitur.
734 2211 776 2242 ut
787 2205 826 2242 &
836 2204 899 2242 lib.
908 2215 1000 2243 v111.
1014 2203 1102 2255 356.

113 2279 173 2312 Ira
184 2274 257 2321 feri
278 2286 372 2312 mota
390 2276 456 2324 est.-
485 2290 542 2315 nec
554 2276 711 2325 fulmine
722 2276 833 2326 secim
852 2273 950 2326 arsit.

57 2336 152 2379 libro
173 2350 226 2376 XI.
252 2351 268 2387 5
276 2350 332 2388 34.

239 2413 427 2462 Trepidant
448 2413 546 2450 haud
557 2414 665 2462 secius
687 2420 829 2461 omnes}

112 2466 235 2514 Qum
247 2464 335 2512 fhlet
356 2463 460 2508 urbs,
487 2464 567 2501 aliis
588 2478 731 2502 murum
757 2466 972 2513 fhdientibus
993 2478 1107 2510 extra,

58 2526 109 2565 ita
131 2527 230 2564 enim
253 2527 411 2576 corrigo,
432 2526 595 2565 Ufitatus
616 2528 783 2565 Aemilio
804 2527 928 2565 Probo
949 2528 1108 2577 loquen-

61 2577 99 2616 di
121 2577 345 2622 modus‚nisi
368 2577 470 2627 quod
493 2578 530 2615 in
553 2579 628 2615 vita
650 2580 836 2616 Dammae
856 2578 952 2614 male
967 2579 1110 2625 setiam-

61 2639 153 2667 num
169 2657 179 2674 ‚
206 2628 312 2666 nihilo
327 2628 464 2678 fignius
492 2641 560 2678 pro
573 2629 683 2678 finias
703 2629 846 2677 legitur.
884 2628 982 2676 apud
1002 2630 1110 2678 Apu-

61 2677 173 2728 lejum
187 2691 338 2730 quoque
357 2680 395 2717 in
416 2678 567 2717 Milefiis
588 2681 801 2728 frequenter
812 2681 982 2718 occurrit.
995 2680 1108 2717 etiam

64 2731 161 2780 apud.
181 2731 265 2769 Val.
288 2731 461 2769 Flaccum
483 2731 541 2769 lib.
564 2742 628 2769 111.
655 2730 716 2769 86.

163 2813 265 2825 -——·
291 2803 372 2834 Non
385 2795 494 2845 ficius
515 2793 574 2832 ille

119 2851 264 2896 Occupat
284 2861 376 2885 arva
389 2849 526 2894 furens.

58 2894 167 2944 segius
186 2897 381 2936 scribebant
400 2897 533 2935 librarii
552 2907 619 2946 pro
635 2896 756 2947 secius.
787 2895 875 2934 hinc
905 2904 1107 2944 promana-

67 2945 120 2983 vit
139 2958 256 2986 error:
284 2959 512 2999 quamquam
534 2948 643 2997 fitius
664 2947 764 2985 haud
785 2959 867 2985 raro
890 2947 928 2984 in
950 2945 1102 2983 veterri-

67 2996 136 3033 mis
157 2999 374 3038 membranis
397 3007 585 3037 exaratum
607 3006 790 3037 occurrat.
811 2997 1030 3037 Prudentius
1045 2996 1109 3035 lib.

66 3055 115 3083 Π.
137 3056 260 3086 contra
282 3051 574 3100 Symmachum:

119 3109 217 3118 ’·“-“
246 3106 315 3137 Nec
328 3101 458 3152 fluHus
467 3101 575 3151 secius
595 3100 678 3148 hosti

119 3147 334 3199 obsequitur,
347 3166 452 3204 quam
473 3166 551 3190 cam
572 3152 686 3191 licitae
697 3154 773 3202 fert
786 3150 942 3203 transtra
955 3151 1104 3193 carinae.

69 3197 109 3236 &5
128 3199 332 3249 Hamartig.
976 3205 980 3206 ⁷

119 3263 218 3271 ’-
249 3257 319 3287 Nec
332 3251 438 3298 secius
459 3266 563 3291 aurea
585 3254 677 3292 dona

117 3300 300 3356 Jestmm
323 3302 504 3356 dirime&
524 3304 621 3357 ψαω.

2019 1141 2225 1200 Exelu-
2239 1167 2243 1169 >

1174 1250 1386 1290 Columella
1416 1251 1478 1290 lib.
1511 1263 1576 1291 111.
1611 1263 1690 1303 cap.
1712 1264 1767 1292 iv.
1807 1254 1851 1290 Id
1880 1254 1971 1293 enim
1995 1254 2094 1306 quasi
2121 1266 2224 1306 caput

1174 1316 1219 1344 ω’
1240 1304 1394 1341 columen
1415 1304 1458 1352 est
1478 1304 1713 1355 impensarum
1726 1333 1737 1350 ,
1765 1305 1929 1355 quoniam
1951 1308 1989 1344 in
2008 1321 2041 1343 eo
2063 1306 2224 1356 consistit,

1174 1355 1297 1392 melius
1318 1370 1367 1392 an
1390 1355 1532 1406 sequius
1564 1366 1674 1393 terrae
1707 1356 1938 1394 mandaverit
1962 1358 2223 1407 paterfamilias

1162 1406 1362 1455 pecuniam.
1401 1407 1451 1444 ita
1472 1407 1689 1444 veterrimus
1716 1407 1819 1452 liber,
1846 1419 1925 1445 non
1940 1408 2087 1457 segnius.
2120 1409 2224 1458 plura

1171 1456 1406 1495 observamus
1426 1457 1472 1495 ad
1491 1458 1620 1507 virgil.
1638 1470 1691 1495 rx.
1713 1457 1872 1497 Aeneid.
1902 1470 1938 1494 v.
1966 1471 2048 1505 441.
2075 1460 2222 1498 Hfims.

1172 1507 1221 1545 fic
1241 1508 1299 1546 lib.
1325 1521 1378 1546 1x.
1395 1509 1479 1558 763.
1508 1523 1565 1547 nec
1587 1509 1694 1546 lenius
1724 1510 1838 1546 altera
1860 1509 1958 1558 virgo
1981 1509 2138 1557 Aestuat.
2161 1510 2224 1548 ubi

1171 1559 1302 1598 itidem
1318 1559 1490 1598 Heinsius
1513 1575 1582 1598 non
1594 1561 1714 1609 secius.
1736 1561 1774 1598 in
1789 1561 1939 1598 Ciofani
1959 1561 2056 1598 notis
2076 1561 2223 1609 peccas-

1174 1609 1210 1647 se
1229 1611 1391 1649 librarios
1423 1619 1515 1660 puto
1531 1611 1689 1657 ,laevius
1721 1623 1789 1661 pro
1812 1611 1945 1657 lenius,
1973 1611 2222 1659 excudendo',

1159 1662 1270 1712 secius
1291 1663 1529 1713 praetulimus
1544 1692 1554 1709 ‚
1581 1664 1667 1713 quia
1689 1675 1781 1701 mox
1803 1662 1872 1700 leni
1891 1663 2065 1714 sequitur.

1223 1714 1309 1753 810.
1338 1712 1518 1765 Spinofis.]
1559 1713 1711 1764 Fumofi's
1732 1726 1826 1752 unus
1847 1713 2002 1752 Heinfii.

1223 1765 1309 1805 811.
1337 1766 1487 1818 Lenique
1509 1775 1615 1816 tepore
1638 1765 1872 1813 cremantur-‘l
1902 1765 1946 1803 Id
1965 1765 2014 1803 est
2028 1792 2039 1811 ,
2066 1765 2152 1815 igne
2170 1765 2226 1804 IeJ

1167 1814 1264 1856 niter
1307 1817 1458 1856 ardente
1503 1818 1783 1856 comburuntur.
1822 1817 2040 1854 Cxofmus.
2094 1823 2220 1866 Vapore

1168 1866 1245 1906 duo
1268 1876 1423 1907 veteres.
1448 1869 1529 1918 lege
1544 1897 1554 1914 ,
1583 1868 1738 1920 lentoque
1759 1878 1884 1919 vapore
1906 1880 1993 1906 cum
2015 1879 2094 1905 uno
2127 1867 2220 1915 Me=3

1167 1918 1382 1958 diolanensi.
1411 1928 1451 1958 ut
1473 1920 1572 1969 apud
1593 1921 1798 1959 Maronem
1820 1919 1979 1959 Aeneid.
2000 1931 2039 1958 v.
2061 1918 2149 1969 682.

1348 1972 1542 2024 Lentusque
1564 1972 1702 2010 carinas
1739 1991 1742 1994 ⁴

1220 2022 1278 2070 Est
1299 2033 1420 2073 vapor.

1164 2072 1336 2113 Sidonius
1349 2074 1571 2124 Apollinaris
1593 2076 1719 2113 Carm.
1740 2087 1812 2113 ΧΗ.

1463 2127 1588 2176 Strepit
1611 2126 1665 2163 hic
1687 2126 1775 2163 bona
1791 2124 1947 2175 flamma

1217 2175 1400 2228 Appositas
1421 2177 1556 2227 depasta
1578 2177 1714 2214 trabes:
1735 2175 1882 2225 finnata
1905 2174 2043 2214 camina

1212 2229 1346 2278 spargit
1367 2227 1544 2265 lentatum
1556 2237 1617 2278 per
1639 2229 1793 2266 culmina
1816 2238 1891 2265 tota
1912 2228 2092 2278 vaporem.v

1159 2279 1280 2318 Versu
1311 2280 1434 2329 primo
1468 2280 1603 2329 opinor
1627 2291 1647 2317 a
1670 2290 1785 2317 manu
1816 2278 1958 2316 Sidonii
1982 2276 2053 2316 effe
2068 2306 2078 2323 ,
2095 2276 2218 2328 strepi&

1161 2330 1314 2381 improba
1338 2329 1518 2380 flamma,
1532 2332 1571 2369 &
1593 2331 1697 2368 versu
1726 2330 1835 2367 tertio
1852 2339 1912 2379 per
1933 2330 2089 2367 culmina
2122 2339 2217 2368 tuta.
2241 2349 2243 2351 ·

1162 2383 1379 2469 Hfiixxgsms.
1407 2381 1500 2420 illud
1510 2392 1634 2433 vapore
1657 2381 1763 2419 facile
1785 2380 1947 2420 ferimus.
1967 2381 2018 2420 ita
2041 2379 2215 2419 LAmor⁰

1164 2446 1212 2471 11.
1235 2446 1259 2481 4
1288 2462 1295 2471 .

1216 2484 1369 2521 Fervida
1393 2484 1507 2521 vicino
1521 2482 1676 2534 flamma
1699 2493 1824 2534 vapore
1851 2492 1956 2521 nocet.

1164 2533 1226 2571 ubi
1247 2534 1358 2572 etiam
1393 2543 1499 2583 tepore
1529 2534 1698 2572 nonnulli
1730 2534 1888 2572 codices.
1927 2533 2011 2572 vide
2034 2533 2081 2571 ad
2104 2533 2218 2573 Claue*

1164 2583 1264 2623 dian.
1289 2583 1400 2622 Cons.
1423 2584 1555 2634 Olybr.
1578 2584 1632 2628 ybs.
1657 2596 1738 2633 131.
1765 2584 1825 2622 sed
1856 2584 1924 2623 leni
1955 2596 2112 2623 movere
2133 2598 2214 2624 non

1163 2635 1352 2672 auderem.
1378 2634 1428 2672 ita
1450 2636 1551 2673 enim
1573 2635 1698 2684 paffim
1732 2636 1840 2673 lenem
1861 2637 1974 2686 ignem
1996 2635 2123 2674 dicunt
2144 2648 2214 2685 op·

1164 2686 1246 2723 timi
1268 2686 1445 2724 auelores.
1473 2687 1570 2724 Cato
1592 2686 1638 2724 de
1659 2687 1716 2724 Re
1738 2686 1885 2725 Rustica
1907 2698 1984 2736 cap.
1998 2699 2080 2725 xcv.
2104 2687 2216 2737 postea

1166 2736 1235 2774 leni
1257 2737 1331 2786 igne
1352 2737 1495 2787 coquito.
1522 2737 1583 2775 ubi
1604 2736 1700 2775 male
1723 2737 1793 2775 levi
1814 2738 1997 2787 quaedam
2022 2737 2217 2776 editiones.

1166 2787 1273 2826 Idem
1287 2800 1364 2837 cap.
1377 2799 1490 2826 cxxxx.
1511 2803 1546 2826 eo
1563 2797 1717 2838 prunam
1738 2788 1846 2827 lenem
1867 2789 1988 2828 indito.
2012 2790 2213 2827 Columell.

1165 2851 1238 2877 XII.
1265 2852 1320 2888 19.
1349 2839 1481 2889 lenique
1495 2840 1654 2890 primum
1675 2840 1750 2889 igne
1773 2868 1785 2885 ,
1820 2851 1865 2880 ω’
1896 2840 2054 2878 tenuibus
2089 2841 2213 2877 admo-

1165 2892 1251 2928 dum
1283 2890 1384 2939 lignis
1404 2892 1588 2939 fornacem
1616 2891 1844 2929 incendemus.
1881 2892 1931 2929 ita
1964 2900 2069 2929 vetus
2091 2890 2210 2927 codex

1162 2942 1196 2980 S.
1223 2941 1414 2980 Germani.
1441 2942 1536 2980 male
1555 2942 1626 2979 levi
1648 2942 1775 2980 editur.
1802 2943 1845 2979 ὃς
1876 2942 1926 2980 ita
1957 2942 2044 2990 legit
2065 2942 2210 2988 Popma

1161 2993 1208 3031 ad
1234 2993 1386 3031 Catonis
1420 3005 1496 3043 cap.
1531 3006 1633 3031 unx.
1674 2995 1738 3044 qui
1779 2994 1882 3042 plura
1914 2993 2032 3030 habet.
2059 2990 2211 3038 Apicius

1161 3056 1315 3095 quoque
1329 3051 1389 3090 ‚ut
1409 3046 1523 3094 vulgo
1546 3045 1678 3082 dicitur
1693 3044 1842 3095 ,paffim
1865 3044 1934 3082 hac
1954 3042 2146 3080 locutione
2169 3053 2213 3076 u-

1161 3096 1261 3134 titur.
1293 3096 1383 3133 lento
1405 3094 1556 3134 defendi
1585 3093 1702 3145 poffet
1725 3108 1770 3134 ex
1792 3107 1856 3133 1¹1.
1879 3095 2011 3131 Amor.
2041 3102 2124 3141 573.
2147 3091 2212 3128 ubi

1163 3147 1261 3185 vide.
1282 3147 1331 3184 ita
1353 3147 1391 3183 in
1411 3148 1567 3184 Moreto
1589 3146 1678 3184 vers.
1701 3159 1762 3195 91.

1214 3205 1306 3235 Haec
1328 3197 1387 3234 ubi
1408 3198 1536 3246 collegit
1551 3226 1560 3243 ‚
1589 3197 1722 3235 lentum
1744 3194 1891 3245 censedit
1912 3193 1960 3229 ad
1981 3193 2106 3241 ignem.

1162 3257 1203 3285 ut
1225 3247 1398 3285 Heinsius
1418 3248 1456 3285 in
1479 3259 1544 3285 ora
1567 3247 1703 3287 codicis
1724 3247 1774 3286 sui
1807 3244 2027 3284 emendabat
2049 3271 2061 3289 ,
2097 3243 2211 3293 vulgo

1162 3298 1308 3349 laetum.
1344 3298 1605 3339 Rumpimus.

2033 3345 2119 3392 817.
2147 3350 2209 3392 Me,
2239 3354 2242 3357 ·
