2483 3616
280 204 380 258 410

753 160 1902 238 Ρ.ον11)11ΝΑ5οΝῙς

576 278 705 336 Non
727 278 855 345 1136,
891 279 925 332 ὁ
948 278 1179 350 juveni&
1216 287 1527 330 montanum
1554 293 1754 330 numen
1780 277 1834 330 in
1861 274 1949 330 ara
1974 271 2066 328 est.

570 351 661 407 llla
683 352 830 407 suam
853 363 1008 404 vocat
1032 351 1166 404 hanc
1182 387 1197 412 ‚
1234 349 1321 403 cui
1347 348 1622 421 quondam
1642 349 1789 418 regia
1819 348 1961 417 Juno

573 424 723 480 Orbe
752 423 1056 479 interdixit:
1096 438 1258 494 quam
1281 421 1372 474 vix
1393 419 1616 473 erratica
1643 419 1810 472 Delos

577 497 842 551 Orantem
867 495 1072 567 accepit
1089 539 1101 557 ‚
1143 506 1260 547 tum
1283 510 1408 546 cum
1431 492 1558 546 levis
1581 490 1743 545 insula
1766 490 1938 545 nabat.

434 589 457 639 3
469 586 531 638 35
567 568 677 624 Illic
693 613 704 631 ,
746 568 1057 623 incumbens
1080 583 1205 621 cum
1227 563 1450 619 Palladis
1472 563 1659 617 arbore
1682 564 1912 636 palmae,

572 640 762 696 Edidit
786 641 952 695 invita
976 639 1216 711 geminos
1242 637 1452 691 Latona
1476 641 1723 692 noverca.

571 712 726 768 Hinc
753 730 971 785 quoque
988 712 1259 781 Junonem
1279 708 1464 780 fugiffe
1488 726 1748 781 puerpera
1771 709 1968 764 fertur:

568 785 738 856 Inque
766 785 860 838 suo
883 782 1111 854 port-affe
1134 782 1274 850 sinu,
1314 783 1426 836 duo
1459 781 1705 845 numina,
1746 795 1915 836 natos.

561 857 790 927 Jamque
816 855 1265 918 Chimaeriferae,
1303 871 1428 909 cum
1453 854 1543 908 Sol
1571 855 1741 925 gravis
1762 868 1942 909 ureret
1967 870 2125 916 arva..

428 947 531 998 340
568 928 783 982 Finibus
805 929 862 982 in
892 927 1125 1000 Lyciae,
1162 929 1328 998 longo
1352 928 1470 982 Dea
1496 926 1619 980 fefla
1644 927 1859 989 labore,

572 1000 796 1054 Sidereo
824 1000 1009 1055 siccata
1036 999 1172 1055 fitim
1196 1000 1413 1072 collegit
1438 998 1501 1052 ab
1524 998 1690 1053 aestu:

577 1072 867 1144 Uberaque
895 1071 1167 1127 ebiberant
1191 1072 1330 1126 avidi
1353 1071 1591 1126 1361311113
1614 1073 1737 1126 nati.

565 1144 733 1199 Forte
767 1147 940 1200 lacum
964 1145 1197 1200 melioris
1221 1162 1386 1216 aquae
1411 1144 1680 1217 prospexit
1704 1146 1760 1198 in
1782 1145 1913 1199 imis.

569 1216 834 1273 Vallibus:
874 1216 1098 1288 agrestes
1124 1218 1230 1271 illic
1255 1216 1505 1271 fruticosa
1527 1216 1772 1286 legebant

423 1309 524 1361 345
562 1289 783 1346 Vimina
806 1307 929 1344 cum
951 1289 1151 1359 juncis,
1191 1302 1498 1361 gratamque
1523 1288 1798 1360 paludibus
1822 1289 2013 1344 ulvam.

531 1397 538 1401 »
566 1361 834 1425 Accessit,
871 1361 1152 1434 politoque
1175 1379 1317 1433 genu
1337 1361 1554 1416 Titania
1579 1374 1776 1416 terram

570 1433 793 1495 Pressit3
833 1447 894 1487 ut
917 1433 1150 1488 hauriret
1175 1434 1379 1504 gelidos
1403 1447 1594 1506 potura
1618 1434 1867 1507 liquores

566 1506 788 1563 Rustica
812 1505 966 1560 turba
989 1519 1187 1562 vetant.
1225 1506 1343 1562 Dea
1368 1506 1436 1561 fic
1461 1505 1634 1560 adfata
1661 1520 1897 1562 vetantes
1914 1524 1932 1560 z.

277 1722 368 1767 reti,
397 1721 435 1760 &
455 1733 549 1761 unus
566 1721 670 1760 Voff.
692 1722 730 1760 ὃ(
756 1721 859 1761 Bafil.
881 1721 1013 1760 deinde
1027 1749 1037 1765 ‚
1064 1721 1216 1760 reddidit
1234 1721 1322 1761 Ber-

277 1783 427 1821 negger.
459 1774 566 1822 prim.
598 1773 701 1810 Basil.
726 1774 764 1811 δε
784 1773 845 1811 sex
864 1772 936 1811 alii.
957 1773 1167 1811 Hemsrus.
1221 1774 1320 1813 Vide

275 1821 371 1871 supr.
391 1822 439 1861 ad
455 1823 592 1861 lib.11r.
613 1823 698 1872 387.

329 1883 416 1922 332.
442 1873 544 1921 Regia
575 1872 740 1922 conjux]
779 1872 821 1910 In
844 1872 1030 1910 nonnullis
1050 1901 1062 1918 ,
1093 1875 1182 1922 regia
1201 1873 1315 1920 Juno.

272 1922 336 1961 sed
357 1925 396 1961 ὃς
415 1924 506 1972 regia
524 1923 648 1972 conjux
679 1935 757 1961 non
787 1924 908 1961 minus
938 1923 1046 1962 reete.
1077 1924 1114 1962 id
1141 1925 1244 1974 quod
1262 1925 1314 1964 se-

273 1974 398 2022 quitur
417 1975 455 2011 in
473 1974 658 2012 nonnullis
688 1973 831 2011 fortafle
848 1973 978 2011 rectius
993 2002 1003 2018 ‚
1030 1974 1105 2011 orbe
1116 1975 1315 2014 interdixit.

272 2023 466 2061 NAUGER.
494 2025 592 2062 Cum
613 2024 779 2061 interdico
797 2024 950 2062 verbum
972 2024 1099 2063 dativo
1124 2026 1163 2064 &
1190 2026 1315 2064 ablati-

273 2085 326 2110 vo
337 2075 535 2123 jungatur,
555 2073 630 2111 orbe
650 2076 741 2113 mihi
754 2074 951 2124 legendum
976 2075 1144 2120 videtur,
1171 2088 1248 2114 non
1260 2091 1314 2114 or-

273 2121 350 2160 bem
363 2152 374 2169 ‚
404 2133 445 2162 ut
465 2124 513 2163 est
534 2125 610 2162 fere
629 2126 668 2162 in
688 2125 953 2174 exemplaribus
974 2125 1224 2173 depravatum.
1262 2129 1315 2166 Ut

273 2174 376 2211 enim
399 2187 493 2225 aqua
519 2186 563 2214 (9¹
579 2175 650 2224 igni
672 2175 880 2223 interdix-iffi
907 2176 1013 2213 alicui
1035 2177 1215 2224 populum
1236 2179 1315 2216 Ro-

271 2234 427 2262 manum
447 2224 602 2263 dicimus
615 2253 625 2270 ,
652 2224 699 2263 fic
720 2227 807 2264 orbe
823 2227 1010 2273 junonem
1023 2227 1191 2264 Latonae
1204 2230 1315 2265 inter-

272 2273 399 2311 dixiffe
421 2279 534 2323 poeta
568 2275 752 2324 eleganter
770 2277 873 2315 dixit.
909 2278 1078 2314 Remus.
1132 2277 1202 2314 Sed
1224 2279 1314 2316 nihil

272 2335 366 2372 opus
386 2333 461 2363 erat
479 2325 540 2363 ista
562 2326 781 2365 curiositate.
808 2327 906 2364 Nam
931 2328 969 2364 δε
994 2328 1125 2365 Livius
1147 2327 1237 2366 dixit
1252 2329 1314 2367 lib.

270 2384 403 2412 xxmv.
434 2376 582 2422 feminis
618 2376 729 2425 usum}
751 2385 922 2427 purpurae
961 2377 1215 2415 interdicemus.
1266 2379 1314 2417 Et

273 2423 471 2464 Suetonius
497 2428 535 2464 in
565 2427 753 2465 Domitio.
785 2427 971 2464 interdixit
1010 2427 1225 2468 histrionibus
1243 2430 1317 2476 sce-

274 2486 371 2513 nam.
398 2477 624 2515 Micrrrus.
654 2478 815 2516 Restitue
834 2477 968 2522 orbem,
995 2479 1048 2515 uti
1070 2491 1200 2516 omnes
1219 2481 1314 2526 prius

275 2524 420 2563 codices
450 2528 641 2566 habebant.
668 2528 771 2576 super
802 2540 873 2577 qua
890 2540 927 2565 re
957 2530 995 2565 in
1014 2528 1169 2566 secunda
1190 2529 1315 2566 Colle-

276 2573 491 2613 &aneorum
518 2578 706 2626 1166316111)γ
730 2579 844 2616 multa
864 2579 1040 2616 dic-emus.
1077 2577 1313 2617 Co‘tsiSTANT.

274 2622 445 2662 Faunus.
482 2627 570 2663 Orbe
599 2629 808 2673 interdixit,
852 2629 1057 2677 Naugerius
1089 2630 1127 2667 in
1158 2630 1226 2667 suis
1257 2631 1313 2667 in-

275 2675 390 2710 venit.
425 2676 576 2714 alterum
615 2686 739 2715 tamen
777 2680 890 2716 etiam
930 2680 1070 2717 Latinis
1106 2679 1314 2718 aridioribus

276 2722 448 2761 usitatum
470 2726 683 2764 Gronovius
703 2728 746 2765 ad
769 2729 894 2766 Senec.
915 2729 1155 2777 Epatxvm.
1177 2730 1315 2769 docuit.

273 2784 391 2816 mox,
420 2780 585 2811 Orantem
607 2778 730 2824 accepit
747 2789 830 2815 cum
852 2779 1152 2826 castigatioribus,
1172 2792 1240 2828 pro
1252 2785 1317 2817 Er-

276 2834 425 2861 rantem.
452 2836 537 2860 nam
567 2827 713 2861 erratica
737 2828 836 2869 Delos
863 2829 1059 2874 praecedit.
1083 2831 1184 2877 Regia
1204 2832 1314 2868 etiam

274 2875 398 2919 June,
427 2886 502 2910 non
523 2876 645 2922 conjux
662 2876 768 2923 prim.
788 2877 1313 2930 ssafil.Langerm.l-ia1nburg.

277 2927 316 2961 &
338 2924 465 2961 decem
486 2925 555 2962 3111.
580 2933 620 2961 111
640 2926 735 2972 apud
755 2927 905 2962 Statium
921 2928 1044 2963 Theb.
1066 2940 1137 2965 vir.
1159 2942 1250 2965 nunc
1261 2945 1314 2966 re-

274 2975 330 3023 gia
350 2975 451 3020 Juno
472 2984 641 3023 queretur.
670 2975 801 3012 Noster
819 2976 890 3023 ipse
907 2977 981 3013 hoc
1002 2977 1092 3014 libro
1106 2978 1206 3026 supra
1218 2991 1277 3026 94.

604 3065 711 3102 qua-m
733 3050 821 3099 rogia
842 3050 943 3096 Juno

327 3109 369 3139 In
389 3103 563 3139 volucrem
583 3104 704 3140 vertit.

276 3164 346 3203 Sed
366 3164 425 3202 lib.
447 3178 524 3203 xiv.
544 3177 626 3214 592.

326 3228 498 3275 Assensere
515 3229 602 3284 Dei?
630 3241 688 3268 nec
709 3230 833 3281 conjux
852 3228 941 3280 regia
960 3229 1083 3269 viritas

327 3284 485 3317 371'310105
505 3289 628 3321 tertuli.

2264 1560 2414 1663 Quni
2463 1583 2476 1678 ἰ

1354 1728 1357 1731 '
1374 1722 1423 1761 Et
1441 1721 1548 1761 lib.X.
1567 1723 1626 1771 46.
1647 1721 1691 1761 de
1709 1721 1945 1772 Proserpinag

1871 1788 1930 1811 nec
1950 1772 2040 1822 regia
2062 1772 2185 1821 conjux

1425 1824 1570 1872 Sustinet
1589 1825 1728 1868 oranti,
1757 1838 1815 1861 nec
1834 1825 1893 1874 qui
1916 1824 1998 1872 regit
2020 1823 2115 1867 ima,
2144 1833 2275 1870 negare.
2313 1870 2319 1876 ι

1373 1875 1580 1913 Ηεικεωε,
1634 1876 1732 1913 Citat
1758 1876 1825 1913 hos
1856 1875 1987 1912 Ovidii
2009 1875 2047 1911 ὅ(
2067 1873 2256 1921 sequentes
2275 1870 2412 1915 aliquot

1369 1925 1489 1963 versus
1510 1925 1722 1964 Scholiastes
1746 1926 1825 1963 MS.
1855 1926 2014 1963 Senecae
2039 1923 2085 1960 ad
2105 1923 2303 1970 Agamem.
2329 1933 2410 1970 371.
2462 1947 2466 1959 ,

1367 1976 1404 2013 111
1425 1976 1651 2014 Bibliotheca
1662 1975 1916 2025 Ultrajefflna,
1943 1975 2005 2024 qui
2025 1973 2148 2017 habet,
2165 1972 2255 2028 regia
2275 1973 2420 2019 conjux‚.

1368 2038 1413 2065 ω’
1431 2026 1543 2065 orbem
1569 2026 1762 2064 interdixit.
1784 2026 1914 2064 deinde
1933 2025 2036 2062 versu
2059 2035 2141 2071 434.
2169 2021 2281 2070 insula
2292 2031 2405 2059 natat.

1370 2088 1408 2114 v.
1426 2088 1510 2127 335.
1526 2077 1724 2114 incumbens
1741 2077 1823 2114 illic.
1848 2078 1886 2114 ὃ(
1907 2076 1990 2125 338.
2011 2074 2159 2111 num-inu
2179 2082 2287 2109 vates.
2316 2080 2412 2116 ceteff

1369 2139 1451 2165 rum
1481 2139 1655 2165 errantem
1685 2126 1800 2176 posset
1830 2127 1980 2165 defendi
1998 2137 2044 2163 ex
2071 2125 2204 2163 lib.1v.
2226 2134 2271 2160 ex
2297 2122 2404 2161 Pont-

1371 2189 1452 2216 xrv.
1474 2179 1532 2226 58.
1561 2179 1823 2216 BuRMANNus.

1424 2239 1507 2277 333.
1535 2231 1656 2276 Quam
1687 2229 1754 2265 vix
1772 2228 1921 2264 erratica
1943 2225 2080 2274 Delos]

1371 2277 1412 2314 In
1436 2280 1588 2326 vulgatis
1614 2291 1649 2327 q.
1681 2278 1776 2315 male
1801 2279 1871 2323 est,
1905 2276 2073 2327 quamvis
2095 2287 2159 2324 per
2179 2275 2202 2312 s.
2231 2276 2268 2311 δε
2303 2274 2404 2311 unica

1370 2327 1543 2366 dictione.
1571 2338 1673 2366 natus
1693 2341 1792 2366 error
1816 2358 1827 2373 ‚
1865 2331 1950 2378 quia
1972 2327 2105 2366 librarii
2125 2324 2307 2364 interdum
2336 2334 2403 2372 pro¹

1370 2391 1406 2415 x.
1432 2379 1456 2416 s.
1483 2379 1699 2417 scribebant:
1728 2389 1768 2416 ut
1788 2381 1877 2424 vix,
1904 2379 1981 2416 vis.-
2009 2378 2133 2420 Aiax,
2152 2376 2264 2412 Aias.-
2295 2387 2373 2410 mox
2390 2399 2402 2418 ,

1369 2441 1463 2465 mos:
1491 2429 1696 2477 Astyanax,
1725 2429 1911 2477 Astyanas.
1939 2431 1977 2465 &
1996 2429 2167 2476 pleraque
2185 2426 2265 2463 alia.
2290 2426 2400 2462 Porro

1370 2479 1414 2517 ad
1437 2479 1535 2516 hunc
1559 2481 1685 2517 locum
1716 2480 1868 2517 mirifice
1897 2480 2054 2528 pertinet
2077 2506 2087 2521 ,
2113 2477 2216 2526 quod
2247 2474 2400 2531 recen-set

1369 2530 1426 2566 M.
1445 2530 1590 2567 Tullius
1611 2531 1696 2567 Ast.
1723 2543 1776 2567 11.
1797 2531 1857 2568 lib.
1891 2543 1920 2567 1.
1937 2530 1975 2566 in
1994 2530 2084 2566 Ver.
2113 2533 2285 2563 Latonam
2308 2553 2318 2569 ,
2347 2537 2402 2562 in-

1368 2581 1474 2629 quit,
1502 2594 1542 2616 ex
1564 2580 1658 2628 longo
1683 2594 1792 2617 errore
1820 2593 1862 2620 <y
1885 2583 1998 2628 suga,
2021 2578 2236 2627 gravidam,
2264 2587 2308 2616 (9’
2326 2576 2400 2624 jam
2456 2592 2458 2618 j

1368 2630 1416 2666 ad
1437 2631 1643 2679 pariendum
1675 2631 1834 2667 vicinam
1861 2659 1871 2675 ‚
1910 2629 2111 2679 temporibus
2142 2628 2268 2664 exactis
2285 2622 2402 2673 fugtffe.

1369 2680 1497 2716 Delum
1511 2708 1521 2725 ,
1549 2691 1652 2728 atque
1678 2680 1726 2716 ibi
1747 2681 1941 2728 Apollinem
1963 2708 1973 2724 ,
2001 2680 2225 2726 Dianamque
2238 2675 2396 2727 peperisse·

1371 2732 1454 2778 §Qut
1471 2744 1512 2766 ex
1533 2730 1681 2779 opinione
1701 2731 1881 2768 hominum
1900 2731 1963 2767 illa
1981 2729 2095 2777 insula
2117 2741 2231 2764 eorum
2255 2733 2398 2763 Deorum

1363 2782 1467 2828 sacra
1486 2789 1654 2827 putatur:
1682 2790 1851 2832 tantaque
1870 2782 1940 2829 ejus
1965 2780 2152 2816 auc-“toritas
2178 2777 2343 2826 religionis
2357 2783 2397 2814 Ψ

1370 2830 1435 2876 est,
1464 2842 1507 2869 (7
1521 2834 1650 2879 semper
1659 2831 1737 2877 fuit
1751 2859 1759 2875 ‚
1790 2842 1830 2867 ut
1851 2845 1893 2867 ne
1913 2831 2029 2879 Persae
2051 2829 2210 2879 quidem,
2241 2823 2397 2864 cum-bel·
2454 2874 2455 2879 1

1370 2881 1444 2917 lum
1467 2882 1531 2917 toti
1556 2881 1738 2924 Graeciae,
1758 2882 1824 2918 diis
1850 2881 2111 2928 lsominibuqqicc
2128 2878 2393 2926 inclixiffint,c9‘

1369 2931 1464 2966 mile
1483 2944 1622 2967 numero
1642 2932 1791 2968 navium
1816 2931 1945 2980 claſjem
1965 2931 2012 2967 ad
2035 2929 2163 2966 Delum
2188 2926 2396 2977 appuliffent,

1368 2981 1563 3029 quidquam
1598 2992 1802 3018 conarentur
1827 2993 1890 3018 aut
1929 2981 2062 3018 violare
2078 3008 2089 3025 ,
2126 2990 2191 3016 aut
2225 2978 2395 3024 attingere·

1368 3030 1583 3065 Crofffitvs.

1422 3090 1503 3126 335.
1532 3084 1624 3114 Cum
1643 3078 1799 3115 Palladis
1821 3080 1974 3130 arbore]
2004 3082 2100 3118 Cum
2123 3080 2234 3117 Oliva.
2261 3072 2396 3124 Signifi÷

1370 3137 1426 3166 cat
1448 3137 1570 3166 autem
1590 3129 1685 3164 illam
1713 3132 1749 3164 ὃ(
1772 3131 1912 3177 palmae
1932 3134 1968 3168 &
1987 3131 2277 3169 olivaeinnixam
2291 3135 2396 3174 pepe-

1369 3177 1457 3215 risse.
1486 3179 1651 3215 Rzerus.
1680 3179 1779 3215 Hinc
1801 3181 1839 3216 &
1863 3181 2025 3219 Catullus
2047 3182 2083 3217 in
2109 3179 2268 3216 carmine
2293 3176 2398 3212 Secu.-

1367 3229 1429 3265 lari
1458 3228 1571 3266 dixit:
1604 3233 1738 3264 Latona
1767 3230 1918 3266 maximi
1950 3237 2083 3278 Magna
2104 3228 2270 3279 progenies
2291 3221 2397 3270 JWi‘

1368 3280 1489 3326 Qtam
1511 3288 1624 3318 mater
1638 3287 1735 3329 prope
1757 3280 1897 3320 Deliam
1919 3281 2082 3331 Deposuit
2103 3279 2247 3317 olivam.
2286 3273 2395 3361 cidiis

2117 2225 2171 2262 Ita
2193 2230 2281 2261 vett.
2302 2222 2378 2260 libri
2392 2235 2402 2260 ε
