2483 3616
283 157 398 229 670
567 189 570 191 ι
794 153 1945 217 -P.OV12D1·1NASON‘15

580 266 900 342 Tempora:
940 289 1039 325 nec
1064 269 1219 341 petiit
1245 268 1541 343 horamque
1564 274 1910 344 animumque
1937 282 2231 327 vacantem²

592 340 749 398 Haec
775 361 1008 396 nocuere
1035 341 1180 396 mihi.
1207 357 1383 410 neque
1407 345 1554 399 enim
1572 346 1641 399 de
1654 346 1884 417 Tigride
1908 358 2091 406 natus;

590 414 707 468 Nec
731 416 924 484 rigidas
950 414 1142 477 silice3‚
1178 413 1475 469 solidumve
1500 417 1554 469 in
1577 417 1796 486 pectore
1824 418 2059 478 ferrum,

591 488 706 540 Aut
729 488 1003 542 adamanta
1032 487 1199 557 gerit,
1236 503 1338 539 nec
1363 487 1439 541 lac
1467 487 1598 541 bibit
1623 489 1706 541 ille
1730 489 1958 545 leaenae.

449 565 545 632 615
590 557 872 613 Vincetur.
910 559 1234 630 repetendus
1260 558 1361 611 erit
1374 582 1391 618 ,ς
1429 576 1528 612 nec
1554 560 1728 612 taedia
1751 563 1934 631 coepti

595 630 712 685 Ulla
737 633 844 686 mei
874 632 1075 703 capiam
1100 657 1112 694 ς
1152 629 1282 682 dum
1311 630 1518 700 spiritus
1542 629 1636 684 iste
1657 630 1912 685 manebit.

594 702 732 759 Nam
756 704 989 776 primum
1031 701 1099 771 (si
1126 699 1259 756 faeia
1285 703 1415 756 mihi
1439 720 1693 757 revocare
1716 703 1937 771 liceret)

590 776 718 831 Non
744 775 973 846 coepisse
997 775 1127 829 fuit:
1167 786 1360 845 coepta
1382 792 1717 846 expugnare,
1755 775 2046 830 secundum
2073 779 2162 833 est.

587 848 805 919 Quippe
827 865 927 901 nec
951 848 1036 901 ille
1060 845 1234 918 potest
1274 850 1296 916 (
1310 860 1366 901 ut
1389 846 1500 917 jam
1523 867 1639 902 mea
1664 862 1790 902 vota
1817 849 2150 921 relinquam)

449 926 554 974 620
593 920 719 974 Non
748 934 927 973 tamen
951 919 1198 972 ausorum
1227 919 1432 991 semper
1459 938 1670 974 memor
1698 920 1801 975 effe
1828 939 2091 977 meorum.

587 991 688 1056 Et,
728 993 852 1064 quia
878 991 1151 1055 deflerim,
1190 991 1378 1047 leviter
1403 994 1620 1047 voluiffe
1645 993 1898 1048 videbor:

594 1067 711 1119 Aut
737 1065 898 1119 etiam
924 1063 1142 1119 tentasse
1167 1063 1344 1130 illum,
1382 1065 1686 1139 insidiisque
1709 1066 1911 1138 pet‘iffe.

590 1137 698 1194 Vel
730 1139 878 1193 certe
904 1155 1014 1192 non
1039 1138 1173 1199 hoe,
1210 1138 1300 1209 qui
1326 1139 1581 1210 plurimus
1609 1140 1742 1202 urit,
1780 1139 1834 1193 δε
1864 1139 1986 1194 uslit

591 1210 817 1264 Peciora
845 1211 1044 1274 nostra,
1079 1209 1232 1273 ΠΕΟ,
1272 1211 1363 1264 sed
1389 1210 1526 1264 vicia
1549 1212 1769 1265 libidine
1797 1213 2003 1267 credar.

450 1288 554 1352 625
591 1283 844 1356 Denique
866 1284 972 1355 jam
996 1299 1209 1354 nequeo
1235 1283 1308 1336 nil
1333 1284 1646 1338 commififfe
1671 1285 1978 1339 nefandum.

589 1355 663 1410 Et
688 1356 888 1426 scripsi,
915 1357 969 1409 ἃ
995 1356 1154 1427 petii:
1197 1368 1452 1409 temerata
1479 1356 1553 1410 est
1576 1355 1748 1410 nostra
1778 1359 2053 1421 voluntaS‚

591 1429 669 1483 Ut
694 1429 822 1482 nihil
847 1429 1116 1500 adjiciam,
1154 1445 1266 1481 non
1291 1428 1498 1500 poss'um
1526 1430 1741 1484 innoxia
1773 1429 1899 1484 dici.
2467 1445 2483 1481 η

590 1502 763 1580 Quod
787 1501 1047 1575 superest?
1088 1501 1318 1560 multum
1346 1501 1421 1562 est
1447 1502 1504 1560 in
1529 1517 1687 1570 vota,
1725 1503 1781 1559 in
1806 1503 2028 1561 crimina
2048 1519 2290 1577 parvum.
2467 1513 2469 1522 ’

2258 1575 2435 1633 Dixit:
2464 1587 2483 1644 f:

2464 1649 2467 1671 l

350 1706 437 1744 606.
465 1705 673 1755 Rejicerer.]
704 1707 880 1756 Respuerer
903 1706 987 1754 Jun.
1004 1705 1080 1744 vid.
1094 1705 1152 1746 fis.
1176 1718 1258 1756 512.
1289 1721 1342 1745 re-
1398 1708 1561 1747 Gellium
1585 1706 1656 1746 lib.
1672 1718 1763 1746 ·v11.
1785 1709 1842 1747 18.
1897 1714 1941 1746 Ut
1973 1707 2131 1746 taedium
2157 1706 2257 1744 vitae
2288 1704 2444 1756 ceperine.²
2462 1675 2483 1745 ii

295 1756 418 1806 jiceret
437 1769 528 1795 uuus
553 1758 700 1806 Regius.
1397 1759 1613 1797 BURMANN.
2480 1760 2483 1786 ἶ

353 1808 438 1844 608.
466 1808 649 1856 Potitiffent
670 1807 826 1857 omnia]
857 1808 1053 1846 Concinne
1074 1820 1168 1847 unus
1188 1821 1290 1848 meus
1304 1811 1343 1848 ὅ(
1450 1812 1527 1855 617.
1556 1812 1662 1847 Fabia
1683 1810 1882 1861 revocare]
1913 1817 2004 1847 Fata
2017 1811 2054 1847 in
2075 1808 2238 1857 plurimis
2259 1807 2444 1847 veterum}
2469 1819 2472 1828 ·

300 1869 395 1895 unus
417 1859 588 1895 Ambros.
615 1872 697 1897 cum
718 1859 847 1897 codice
861 1859 1094 1906 Bersmanni‚
1113 1869 1277 1910 poterant
1288 1872 1344 1898 ta·
1399 1861 1546 1899 Heius.
1571 1862 1641 1899 Sed
1655 1863 1769 1911 magis
1792 1863 1883 1900 mihi
1898 1863 2000 1909 faeta
2021 1860 2150 1909 placet.
2166 1859 2226 1896 sua
2240 1858 2333 1895 faeta
2344 1859 2441 1897 enim

299 1921 381 1946 men
400 1909 530 1945 omnia.
560 1910 699 1948 Hiatus.
1398 1913 1511 1950 vellet
1528 1924 1701 1950 revocare
1715 1941 1725 1956 ‚
1745 1915 1782 1951 ἃ
1807 1926 1884 1952 non
1896 1911 2017 1951 feciffe
2030 1939 2039 1955 ‚
2059 1909 2162 1959 quod
2184 1910 2319 1946 fecerat
2333 1908 2443 1951 ,rnal-
2469 1913 2472 1919 '

352 1961 444 1997 610.
472 1966 542 1996 Nec
565 1960 681 2011 legit.]
720 1967 802 1998 Non
830 1960 908 2010 legit
931 1961 1113 2000 meliores.
1140 1963 1245 2013 quod
1266 1963 1345 2002 effi-
1399 1964 1474 2007 let;
1503 1963 1563 2001 sed
1587 1963 1690 2012 quod
1710 1964 1847 2001 faetum
1872 1964 1920 2002 est
1941 1962 2122 2002 infecstum
2142 1960 2220 1998 fieri
2241 1959 2382 2008 nequit.
2403 1966 2441 1999 ut

302 2011 436 2048 cacius.
464 2012 501 2048 δί
521 2023 636 2056 moit,
665 2025 732 2048 non
756 2012 856 2061 petiit
887 2012 961 2050 duo
985 2041 993 2054 ,
1024 2025 1089 2061 pro
1117 2027 1187 2051 nec.
1217 2016 1345 2052 malim
1401 2015 1449 2052 ait
1470 2014 1682 2052 Terentius.
1710 2026 1800 2052 mox
1822 2029 1890 2051 non
1910 2013 2131 2064 cepiffeforet.
2158 2022 2259 2049 nove
2271 2010 2464 2049 autemssu

301 2062 412 2098 etiam
430 2090 440 2105 ,
468 2061 655 2111 horamque
673 2063 903 2114 animumque
922 2074 1113 2108 vacantes,
1142 2076 1255 2114 quam
1277 2078 1347 2102 va-
1401 2065 1598 2102 insolenter
1625 2064 1763 2102 dietum
1793 2075 1903 2114 coepta
1933 2074 2148 2113 expugnare,
2174 2073 2240 2111 pro
2258 2060 2466 2109 perficereffiss.

298 2121 448 2149 cantem.
479 2116 594 2151 IDEM.
1404 2117 1506 2165 cujus
1528 2117 1725 2153 locutionis
1749 2116 1961 2163 exemplum
1989 2116 2134 2162 ignoro.
2161 2123 2283 2160 neque
2301 2111 2439 2150 codices

351 2163 436 2200 610.
466 2163 590 2200 Idonea
612 2163 800 2215 tempora]
844 2164 993 2208 Eodem
1012 2164 1112 2204 sensu
1133 2165 1194 2203 hic
1213 2166 1347 2205 Noster
1403 2168 1560 2211 variant,
1574 2166 1639 2204 nifi
1659 2167 1761 2216 quod
1775 2176 1923 2216 coeptum
1934 2174 2148 2215 expugnare,
2162 2162 2203 2202 fit
2222 2163 2260 2200 in
2280 2161 2451 2202 Franco&¹

299 2212 474 2262 proxime
494 2214 606 2253 dixit:
1404 2218 1441 2255 &
1464 2217 1613 2259 infinitis
1633 2218 1722 2255 aliis.
1749 2217 1881 2255 Euam.
2460 2251 2463 2257 .

606 2275 688 2316 apta
708 2266 861 2314 minister
1452 2269 1537 2306 621.
1567 2268 1706 2305 Leviter
1733 2268 1881 2317 voluiffi.
1904 2266 1920 2317 ]
1976 2265 2098 2315 Cepiffe
2118 2265 2315 2304 Mediceu3
2339 2267 2445 2305 unusi'.

354 2319 515 2366 Tempora
535 2321 658 2354 naft‘us
676 2318 766 2356 adit.
1402 2318 1523 2369 deffere
1537 2321 1648 2358 etiam
1672 2319 1839 2357 Leideni.
1861 2319 1899 2356 δε
1922 2317 2090 2355 Menard.
2442 2364 2447 2372 .

297 2364 415 2411 Priori
442 2368 506 2405 illo
527 2369 645 2412 modo
666 2368 727 2406 lib.
752 2380 808 2406 11.
828 2369 913 2415 467.
1454 2371 1539 2420 623.
1567 2371 1641 2418 Qi
1658 2370 1828 2420 plurimus
1851 2379 1946 2418 urget
1960 2379 2024 2413 ,(7
2045 2368 2118 2405 urit
2142 2368 2280 2404 Pectora
2304 2365 2423 2413 nostra
2442 2373 2443 2377 ’

351 2417 608 2468 Distuleratque
629 2433 754 2468 graves
773 2419 811 2456 in
831 2420 952 2457 idonea
969 2429 1121 2473 tempora
1136 2431 1268 2471 poenas.
1401 2420 1445 2459 In
1464 2434 1541 2459 uno
1563 2433 1652 2459 meo
1681 2422 1720 2458 δί
1740 2420 1893 2458 Caelest.
1916 2420 1995 2456 Urit
2021 2431 2065 2458 &⁶
2085 2416 2170 2466 uffit.
2210 2417 2253 2454 In
2273 2415 2436 2460 Vaticali.

297 2465 389 2509 Huc
435 2470 521 2506 facit
557 2471 747 2508 Ciceronis
773 2470 878 2508 locus
910 2471 930 2509 ὲ
969 2472 1031 2509 lib.
1054 2486 1083 2511 1.
1105 2473 1344 2513 Officiorum.
1399 2477 1500 2520 Urget
1536 2483 1581 2512 eff
1598 2471 1684 2518 uffit.
1739 2471 1898 2515 Lecftio,
1928 2482 2023 2519 quae
2040 2469 2087 2506 est
2124 2469 2159 2504 in
2181 2479 2270 2504 meo
2299 2467 2467 2505 &Cae-1.

299 2521 445 2565 Tempus
457 2547 467 2562 ,
495 2520 614 2569 inquit
631 2549 641 2564 ‚
667 2521 812 2557 aetionis
829 2531 1054 2570 opportunum
1069 2552 1079 2567 ,
1102 2526 1228 2560 Graece
1240 2522 1344 2558 siuae-
1397 2522 1527 2560 iestino
1542 2551 1550 2566 ,
1565 2522 1670 2560 Valde
1683 2523 1775 2560 mihi
1795 2522 1990 2570 probatur:
2018 2531 2129 2569 quam
2142 2519 2307 2573 proba-bit
2318 2517 2436 2563 etiam,
2454 2534 2456 2539 ·

300 2566 381 2610 ρία,
410 2569 535 2605 Latine
566 2571 756 2619 appellatur
783 2570 912 2620 occafio.
942 2571 992 2622 fic
1010 2574 1080 2621 fit,
1119 2585 1158 2610 ut
1181 2574 1343 2620 modestia
1398 2575 1627 2623 quicumque
1655 2574 1769 2622 pollet
1793 2573 1950 2622 judicio.
1978 2571 2146 2608 Cxorau.
2198 2574 2275 2604 Urit
2304 2566 2441 2625 &flffiffl
2468 2609 2473 2622 ..

299 2614 405 2661 haec,
434 2632 540 2666 quam
559 2620 827 2670 interpretamur
844 2624 896 2660 ita
921 2652 930 2667 ,
951 2634 990 2659 ut
1013 2625 1112 2668 dixi,
1131 2624 1281 2673 scientia
1294 2623 1342 2673 fit
1396 2624 1562 2673 plerique
1582 2633 1744 2667 veteres;
1774 2623 1856 2667 vel,
1885 2621 1961 2670 uffit
1989 2633 2032 2660 <J
2054 2621 2142 2657 urit.
2166 2628 2236 2656 tres
2252 2646 2263 2663 ‚
2297 2628 2367 2655 urit
2391 2625 2438 2657 a*

299 2669 562 2715 opportunitatis
574 2671 769 2708 idoneorum
790 2673 838 2709 ad
849 2675 1018 2723 agendum
1029 2685 1232 2726 temporum.
1246 2676 1341 2713 Cio·
1395 2685 1503 2723 urget.
1525 2675 1600 2713 duo
1615 2704 1626 2720 ,
1652 2686 1749 2724 urget
1767 2686 1811 2713 ω’
1827 2671 1913 2722 uffit.
1941 2674 2036 2710 Puto
2049 2671 2235 2708 Nasonem
2251 2665 2432 2721 scripfiffe:¹
2466 2718 2467 2722 Ἰ

302 2728 444 2754 PANUS.
1625 2739 1686 2775 qut
1708 2725 1881 2774 plurimus
1900 2724 1973 2764 urit
1986 2751 1998 2769 ,
2025 2733 2070 2762 (φ’
2090 2730 2173 2758 urat

351 2768 437 2806 612.
467 2773 584 2819 Neque
603 2769 693 2806 enim
711 2771 751 2807 de
769 2772 903 2820 Tigride
923 2785 1039 2814 natus.
1055 2777 1071 2826 ]
1103 2778 1145 2815 In
1158 2777 1341 2815 veteribus
1447 2777 1587 2811 Pectora
1605 2775 1729 2822 nostra.

296 2816 394 2856 libris
407 2846 417 2863 ,
446 2825 564 2868 Neque
582 2821 674 2856 enim
695 2822 737 2867 est
756 2822 795 2857 de
816 2824 949 2871 Tigride
967 2837 1082 2864 natus.
1110 2828 1226 2865 IDEM.
1398 2825 1556 2873 Epistola
1575 2825 1738 2873 Sapphus
1757 2836 1817 2862 xv.
1839 2835 1921 2870 107.

352 2869 438 2918 613.
468 2875 539 2906 Nec
560 2870 681 2918 rigidos
690 2870 840 2921 filices.]
873 2875 1084 2913 Duodecim
1106 2879 1341 2924 praestantio-
1450 2882 1538 2919 Per,
1566 2875 1632 2913 tibi
1649 2876 1710 2925 qui
1728 2888 1910 2924 nunquam
1931 2874 2026 2921 longe
2050 2874 2224 2923 discedat,
2253 2871 2431 2913 Amorem:

298 2930 376 2963 res,
405 2919 544 2968 rigidas.
572 2921 765 2970 Spimnfis,
788 2923 899 2970 rigida
917 2923 1022 2970 filice.
1049 2927 1146 2964 Vide
1165 2940 1259 2976 quae
1271 2940 1341 2964 no·
1397 2927 1455 2963 Sic
1474 2925 1583 2973 abest,
1604 2925 1778 2975 abfitque‚
1806 2927 1964 2976 fertque,
1977 2927 2152 2975 seratque.
2177 2927 2222 2964 de
2242 2924 2369 2974 quibus
2385 2920 2430 2978 ad

299 2978 342 3008 to
362 2970 454 3008 libro
473 2972 569 3015 hoc,
589 2971 641 3013 sss.
657 2984 738 3019 225.
768 2974 912 3011 Hiems.
1396 2977 1506 3024 Epist.
1540 2989 1589 3014 iv.
1620 2979 1657 3013 &
1687 2977 1795 3015 Trist.
1829 2989 1860 3014 1.
1894 2978 1996 3024 Eleg.
2019 2990 2077 3014 vr.
2109 2989 2196 3014 mox
2220 2976 2317 3012 malo
2336 3000 2347 3016 ‚
2376 2971 2428 3008 ml
2451 3000 2455 3014 ι

353 3022 438 3070 όῐς.
466 3028 538 3058 Nec
556 3023 672 3058 taedia
690 3023 826 3072 πεζικὴ]
866 3026 1023 3072 Regius,
1051 3025 1207 3065 Urbinas
1229 3027 1266 3064 &
1286 3039 1338 3076 pr.
1397 3025 1587 3075 commififfe
1607 3028 1775 3073 nefandi,
1798 3039 1910 3074 quarn
1944 3029 2147 3074 nefandum.
2176 3024 2277 3073 quod
2296 3021 2428 3060 confir-

297 3070 482 3110 Palatinus
500 3073 624 3122 legunt
645 3083 783 3111 mutata
805 3074 1055 3114 distinetione:
1396 3087 1471 3114 mat
1491 3080 1611 3114 codex
1630 3079 1781 3126 Spirens.
1809 3079 1956 3116 Heius.
2002 3079 2146 3115 Rectius
2166 3083 2253 3122 puto
2276 3071 2427 3122 affin&

753 3131 822 3160 Nec
840 3126 955 3162 taedia
976 3126 1077 3175 coepti
1395 3127 1490 3170 urit,
1512 3137 1550 3165 ut
1570 3129 1604 3164 se
1626 3129 1795 3167 nondum
1818 3129 1981 3167 defistere
2001 3125 2097 3178 poffe
2115 3126 2263 3163 indicet.
2299 3124 2426 3163 Ethoc
2452 3136 2458 3141 ’

351 3174 432 3211 Ulla
454 3175 544 3212 mei.-
573 3174 710 3224 cupiam
727 3175 812 3212 dum
827 3177 970 3225 spiritus
987 3177 1044 3225 iste
1062 3176 1228 3214 manebit.
1395 3178 1484 3215 olim
1525 3179 1740 3226 probaverat
1774 3180 1945 3218 Heinfius
1975 3191 2019 3217 ex
2048 3177 2112 3215 illo
2139 3176 2200 3213 lib.
2227 3187 2335 3213 VIII.
2369 3183 2425 3223 35.
2455 3202 2461 3207 .

300 3224 460 3279 Neapol.
481 3227 519 3263 ὃς
537 3226 752 3270 Mariccus,
781 3240 839 3262 nec
857 3228 972 3265 taedia
985 3230 1083 3277 coepti
1102 3229 1180 3265 Ulla
1200 3228 1339 3275 meisa-
1395 3227 1524 3265 Phoebe
1546 3257 1555 3272 ,
1588 3230 1639 3266 ait
1665 3231 1896 3280 Ampycides,
1927 3229 1962 3282 fi
1977 3241 2010 3268 te
2027 3227 2176 3279 coluique
2197 3225 2352 3277 coloque,
2386 3224 2424 3261 &
2460 3251 2462 3255 ,

295 3286 410 3322 siam,
435 3276 497 3316 sed
525 3277 710 3328 vulgatam
742 3278 897 3320 retineo.
938 3279 1053 3318 Com.
1083 3281 1212 3330 Nepos
1240 3280 1338 3331 apud
1392 3279 1548 3322 Paullini
1570 3280 1616 3322 ad
1633 3280 1776 3323 Aus0n‚

2356 3329 2422 3362 Hoc
