2483 3616
709 187 770 243 P.
841 179 1265 242 OVIDII

1335 184 1865 244 NASONIS

673 301 762 357 lnc
798 301 887 355 ubi
911 297 1070 369 legati
1094 295 1333 361 rediere,
1369 312 1560 370 negata
1582 300 1815 358 ferentes

688 378 851 428 Arma
877 370 1063 425 AEtola
1087 369 1178 424 fibi
1196 416 1207 434 ,
1250 370 1423 425 Rutili
1450 372 1557 425 fine
1580 373 1776 428 viribus
1802 376 1898 430 illis

530 451 677 505 Bella
701 444 945 500 instruc'ta
971 456 1166 515 gerunt
1194 462 1205 497 :
1246 444 1583 516 multumque
1609 443 1677 496 ab
1698 450 1925 520 utraque
1949 447 2151 503 cruoris

390 539 490 592 530
534 523 686 576 Parte
714 519 885 572 datur.
924 517 1028 571 fert
1056 532 1184 570 ecce
1209 516 1386 571 avidas
1412 517 1468 570 in
1492 517 1648 588 pinea
1672 516 1893 572 Turnus

525 595 706 648 Texta
731 591 869 645 faces
894 608 906 644 :
945 591 1202 661 ignesque
1227 589 1419 642 timent
1432 615 1457 652 ‚·
1485 587 1675 660 quibus
1699 589 1843 643 unda
1866 594 2121 662 pepercit.

521 667 747 737 Jamque
771 664 977 735 picem,
1016 664 1072 716 &
1098 679 1274 724 66133,
1312 661 1668 734 alimentaque
1697 674 1876 716 cetera
1899 662 2146 720 flammae

529 737 802 794 Mulciber
829 736 1044 798 urebat,
1080 751 1285 806 perque
1312 735 1478 788 altum
1502 735 1569 788 ad
1596 734 1804 789 carbasa
1829 735 2029 790 malum

528 811 641 865 Ibat
668 829 680 864 ε
724 810 777 862 &
804 809 1054 863 incurvae
1080 807 1353 861 fumabant
1381 807 1598 861 transtra
1624 809 1859 862 carinae:

387 899 482 956 535
526 883 672 938 Cum
697 899 906 935 memor
932 880 1020 934 has
1043 880 1196 951 pinus
1218 879 1378 933 Idaeo
1401 881 1604 934 vertice
1630 881 1799 935 caesas

526 954 712 1010 5311813
734 954 900 1021 deum
925 953 1199 1025 genetrix,
1237 952 1514 1007 tinnitibus
1539 958 1658 1008 ae'ra
1681 951 1813 1026 pulsi

527 1027 701 1090 AEri5‚
741 1027 796 1081 &
823 1024 993 1081 inflati
1017 1026 1311 1098 complevit
1335 1043 1609 1080 murmure
1635 1026 1779 1081 buxi.

530 1100 743 1173 Perque
769 1101 912 1154 leves
938 1098 1157 1154 domitis
1182 1098 1389 1154 invecia
1415 1099 1655 1154 leonibus
1678 1117 1859 1162 auras,

236 1321 352 1359 quens
365 1310 523 1360 junctim
546 1313 596 1350 ita
615 1311 783 1350 exhibet:
813 1316 935 1348 Naves
954 1317 1085 1349 AEneae
1098 1340 1108 1355 ‚
1129 1325 1207 1349 cum
1223 1324 1279 1349 eas

238 1367 374 1398 Turnus
390 1363 606 1412 accendisset,
637 1377 659 1399 a
680 1376 793 1399 matre
814 1362 930 1398 Deam
944 1391 954 1406 ‚
982 1363 1065 1412 quia
1084 1362 1122 1398 in
1136 1364 1279 1409 sacrata

236 1412 266 1449 ei
287 1411 386 1460 filva
423 1415 485 1449 Ida
519 1413 629 1460 caesae
647 1415 823 1460 ficerunt,
856 1414 894 1449 in
918 1413 1099 1462 Nymphas
1119 1414 1279 1451 marinas

231 1465 504 1508 >transformatae
530 1466 626 1511 [unt.
661 1467 784 1513 Quae,
804 1463 1027 1513 perpessarum
1047 1465 1283 1513 tempestatum

236 1526 421 1559 memores,
460 1516 549 1552 alias
574 1526 665 1552 rates
696 1515 808 1551 labore
839 1525 988 1552 vexatas
1007 1514 1150 1552 libenter
1161 1515 1280 1563 suble-

234 1576 384 1602 varunt.
413 1571 618 1603 Graecorum
631 1577 748 1602 autem
761 1566 1037 1615 veblricesperire
1048 1594 1058 1609 ‚
1085 1568 1284 1602 transac‘iae

235 1614 342 1650 cladis
371 1629 534 1654 memores
548 1646 557 1662 ,
586 1617 731 1654 libenter
750 1617 930 1654 viderunt.
956 1626 996 1652 ut
1015 1615 1130 1665 Ulyffis
1149 1630 1279 1654 navem

225 1667 348 1713 frangi
361 1695 371 1710 ,
401 1667 539 1704 Alcinoi
559 1679 677 1704 autem
698 1668 735 1704 in
746 1671 879 1714 saxum
903 1667 1050 1704 mutari.

287 1729 370 1764 1529.
398 1718 494 1754 Bella
525 1719 678 1766 infausta
705 1718 870 1768 gemma]
912 1717 1081 1764 Instruffa
1101 1728 1225 1767 gerunt
1244 1718 1279 1757 S.

235 1765 377 1811 Marci,
409 1769 536 1806 Urbin.
569 1771 675 1817 prim.
712 1769 917 1817 Hamburg.
946 1770 984 1806 &
1014 1777 1172 1818 quatuor
1203 1769 1276 1808 alii.

233 1817 337 1865 quod
359 1819 599 1858 vehementer
624 1820 766 1858 arridet.
794 1820 853 1858 sex
882 1819 964 1865 alii,
991 1819 1123 1867 infhsta.
1152 1831 1244 1858 unus
1265 1849 1276 1865 ‚

229 1867 397 1916 ‘exhausta
412 1898 421 1913 ‚
449 1871 560 1915 alius,
587 1871 703 1919 exusta
718 1900 728 1917 ,
756 1870 1109 1920 allusitem,ingesta.
1128 1872 1276 1910 Herm.

235 1917 326 1956 Vid.
346 1920 390 1958 ad
411 1920 471 1958 lib.
494 1933 582 1958 xm.
603 1936 685 1970 544.

287 1981 370 2018 531.
399 1974 498 2007 Testa
519 1973 653 2021 faces.]
683 1972 842 2016 Melius,
873 1981 983 2010 texta.
1012 1971 1117 2011 Idem
1140 1986 1165 2010 1.
1185 1972 1277 2011 Fast.

233 2021 317 2068 506.
348 2022 454 2057 Pinea
475 2025 641 2070 nonsano
659 2033 711 2058 ter
723 2023 802 2070 pede
822 2033 919 2059 texta
933 2025 1035 2069 ferit.
1064 2025 1103 2061 &
1126 2023 1274 2062 1.Trist.

232 2082 378 2109 111.111.
406 2073 514 2108 Pinea
536 2083 633 2109 texta
654 2074 798 2121 fimant.
833 2073 984 2111 Consr.
1011 2074 1105 2111 FAN.
1135 2074 1278 2121 Depra-

232 2130 336 2158 vatus
355 2122 457 2160 locus
476 2135 547 2160 una
562 2124 912 2162 videlicetlitterula.
940 2125 1039 2162 Nam
1053 2126 1089 2161 in
1102 2124 1163 2162 lib.
1188 2136 1276 2162 meo

232 2172 271 2208 ὅ(
301 2172 452 2210 Caelest.
473 2173 606 2222 legitur
627 2202 637 2218 ,
666 2179 777 2210 Texta
797 2173 907 2220 faces:
937 2188 962 2211 x
984 2175 1022 2212 in
1052 2188 1067 2212 c
1094 2183 1235 2212 temere
1256 2173 1277 2212 3

228 2221 375 2260 librariis
417 2232 613 2262 mutatum.
655 2225 831 2262 librorum
871 2233 1037 2263 veterum
1073 2224 1276 2263 lectionem

232 2275 452 2321 comprobat
484 2276 648 2313 Catullus
672 2277 710 2313 in
741 2275 903 2313 carmine
935 2275 980 2313 de
1004 2276 1150 2324 Nuptiis
1180 2277 1276 2314 Pelei

231 2324 269 2361 ὃ(
291 2324 476 2363 Thetidos
493 2354 502 2369 ‚
530 2328 590 2364 ubi
611 2327 659 2364 sic
680 2326 728 2363 est
747 2338 823 2364 non
844 2325 956 2374 longe
977 2325 997 2363 ᾗ
1019 2327 1222 2375 principio:

284 2375 391 2412 Pinea
410 2378 610 2425 conjungens
631 2375 778 2426 inflexae
798 2388 898 2414 texta
914 2377 1063 2413 carinae.

234 2426 351 2470 Quod
381 2428 490 2464 etiam
524 2429 785 2466 animadvertit
805 2429 861 2465 vir
880 2428 1021 2465 summa
1042 2427 1209 2465 doetrina
1239 2428 1279 2466 &

232 2474 440 2523 diligentia,
472 2479 704 2516 Constantius
734 2478 912 2516 Fanensis.
958 2479 1016 2516 De
1040 2479 1192 2516 Aeneae
1215 2491 1278 2516 au-

233 2533 308 2562 tem
338 2529 514 2570 navibus,
543 2530 672 2577 quibus
700 2529 852 2567 Turnus
878 2530 1002 2578 ignem
1024 2529 1199 2574 immifit,
1229 2529 1278 2568 fic

232 2575 334 2623 Virg.
353 2578 412 2614 lib.
433 2591 465 2615 x.
488 2580 675 2617 Aeneidos
699 2592 782 2627 219.

283 2644 403 2688 Atque
424 2643 476 2678 illi
496 2643 671 2692 (AEueae)
695 2644 804 2681 medio
816 2644 853 2681 in
864 2644 977 2694 spatio
990 2644 1109 2682 chorus
1120 2645 1279 2691 eccesua·

357 2705 437 2726 Ylssn

285 2742 443 2776 Occurrit
464 2744 625 2779 comitum
641 2773 650 2788 ‚
679 2744 882 2793 Nymphae,
909 2759 996 2795 quas
1007 2745 1112 2781 alma·
1127 2745 1249 2795 Cybele

284 2797 427 2827 Numen
450 2791 570 2828 habere
588 2795 695 2830 maris
709 2822 718 2837 ‚
748 2796 927 2842 Nymphas
947 2797 963 2832 ἒ
985 2796 1135 2832 navibus
1160 2799 1216 2844 esse

285 2841 455 2890 Jafferat‚
468 2842 793 2891 innabantpariter,
806 2844 1182 2893 flufflusquesecabant:
1203 2858 1275 2885 &¹6.

235 2893 402 2929 (Hormi.
432 2894 553 2930 Scribe
586 2905 671 2930 cum
703 2894 888 2935 Palatino,
907 2897 982 2939 sert
1003 2907 1071 2930 ecce
1091 2897 1218 2932 avidas
1239 2897 1277 2932 in

227 2945 330 2993 pinea
364 2950 496 2980 Turnus
529 2948 638 2979 Texta
657 2945 765 2989 foces.
802 2944 905 2979 DAN.
934 2945 1076 2980 Histris.
1116 2946 1208 2990 Testa
1243 2947 1276 2983 S.

233 2994 352 3031 Marci
395 2995 493 3043 Lege
509 3020 518 3034 ,
550 2999 656 3030 Tema
674 3005 759 3031 cum
781 2993 949 3030 Cantabr.
966 2995 1078 3039 juret.
1091 2996 1196 3041 prim.
1210 2996 1277 3031 Er-

234 3046 315 3081 surt.
354 3048 458 3093 prim.
501 3043 600 3081 enfil.
630 3045 736 3092 prim.
767 3045 939 3081 GronOV.
966 3046 1004 3081 &
1038 3044 1160 3082 multis
1191 3045 1278 3084 aliis.

234 3096 342 3135 Zl'fzst.
365 3097 423 3133 lzb.
446 3109 472 3133 1.
494 3095 594 3143 [leg.
616 3108 679 3132 111.

287 3158 390 3195 pinea
412 3159 647 3206 textasonant
670 3174 679 3194 .·
702 3155 947 3213 pulſsstridore
968 3157 1140 3196 rudentes.

234 3208 307 3244 Pan
346 3224 368 3245 1.
418 3225 476 3247 co.

286 3225 575 3306 Finea5n01-2sano
596 3270 646 3295 ter
661 3259 740 3307 pede
762 3269 857 3295 texta
872 3259 971 3304 serit.

232 3307 392 3347 Catullus
411 3312 485 3358 pari
505 3309 620 3348 modo
644 3312 751 3348 initio
776 3310 1010 3358 Epitlialamii
1028 3309 1212 3349 Thetidis.
1234 3311 1272 3350 in

2311 1170 2385 1228 Ir-‘

1334 1311 1449 1351 altero
1469 1312 1608 1351 Thuan
1623 1340 1633 1357 ,
1662 1310 1778 1360 stupea
1798 1311 1899 1349 testa.
1927 1309 2085 1349 carinam
2106 1312 2131 1348 'e
2153 1309 2241 1361 pinu
2273 1319 2384 1350 texere

1334 1364 1431 1412 apud
1442 1363 1896 1411 AvienumDescriptione
1909 1364 2009 1401 Orac
2021 1361 2394 1412 Maritimaefflfilo3.

1390 1433 1471 1464 Non
1489 1427 1526 1465 hi
1545 1426 1681 1463 carinas
1701 1426 1817 1476 quippe
1839 1438 1854 1460 e
1865 1425 1953 1473 pinu
1970 1435 2081 1462 texere

1389 1484 1503 1515 Fecere
1524 1491 1652 1515 morem
1667 1505 1677 1519 ,
1700 1490 1768 1514 non
1786 1476 1896 1513 abiete
1909 1504 1920 1521 ‚
1943 1487 1983 1513 ut
2004 1477 2083 1526 usus
2100 1476 2144 1525 est
2156 1505 2167 1523 ‚

1390 1535 1558 1566 Curvant
1572 1528 1709 1577 faselos.

1338 1591 1393 1630 Ita
1411 1591 1595 1629 scribenda
1608 1590 1669 1628 ista
1681 1590 1771 1628 sunt.
1798 1590 1942 1627 Hiems.
1968 1590 2069 1628 Vide
2081 1588 2250 1640 Scaliger.
2260 1590 2305 1629 ad
2316 1590 2389 1630 Ca:

1335 1643 1401 1681 tul.
1420 1643 1544 1690 Epith.
1564 1641 1663 1679 Pelei
1683 1641 1735 1685 ybs.
1762 1653 1818 1678 10.
1847 1643 1885 1678 &
1906 1641 2007 1678 Serv.
2029 1641 2074 1680 ad
2093 1641 2197 1691 Virg.
2219 1654 2266 1681 11.
2285 1641 2385 1682 Aen.

1340 1694 1397 1732 16.
1425 1693 1584 1738 transtra
1604 1700 1678 1729 erat
1700 1693 1737 1730 in
1759 1691 1981 1729 Genevenfi.

1389 1756 1475 1793 532.
1503 1744 1616 1780 Picem
1644 1754 1688 1783 (J
1710 1742 1839 1792 ceras.]
1870 1743 1984 1780 picem
2004 1756 2161 1793 cerasque
2182 1755 2275 1782 unus
2293 1744 2383 1781 Med

1332 1795 1401 1833 dic.
1426 1795 1588 1845 flammis
1620 1796 1733 1832 etiam
1763 1794 1935 1832 Gronov.
1953 1795 1991 1831 &
2010 1804 2168 1844 quatuor
2186 1794 2260 1832 alii.
2285 1806 2380 1832 mox

1332 1847 1501 1894 Mulcifer
1518 1846 1676 1894 plurimi.

1386 1910 1468 1948 534.
1495 1895 1697 1934 Famabant
1719 1895 1911 1945 munstra]
1946 1894 2198 1932 flammabant
2216 1896 2380 1944 optimus

1332 1947 1483 1988 Thuan.
1504 1960 1549 1986 an
1563 1946 1783 1998 flammabat
1801 1957 1817 1985 ,ἓ
1845 1945 1928 1985 Val.
1950 1946 2099 1984 Flaccus
2118 1945 2179 1983 lib.
2200 1958 2236 1983 v.
2261 1945 2345 1993 178.

1321 2016 1329 2024 ·
1383 2010 1437 2046 Sol
1448 2009 1583 2060 propius
1601 2007 1811 2057 flammabat
1831 2020 1952 2058 aquas.

1333 2084 1416 2118 aut,
1445 2076 1530 2123 quia
1548 2074 1623 2112 hoc
1640 2073 1876 2117 insolentius,
1903 2071 2078 2110 lambebat
2093 2100 2104 2116 ,
2131 2079 2172 2111 ut
2184 2071 2280 2121 apud
2290 2072 2378 2116 Vir-j

1332 2127 1393 2174 gil.
1417 2138 1462 2162 11.
1485 2124 1569 2162 682.

1653 2180 1707 2211 De
1727 2173 1854 2211 vertice
1877 2173 1979 2223 coepit
2008 2172 2077 2211 Iuli

1385 2225 1550 2263 Lambere
1567 2225 1715 2271 flamma
1737 2239 1860 2262 comas.

1331 2277 1435 2327 quod
1456 2278 1626 2315 Sidonius
1647 2277 1874 2324 Panegyrico
1898 2275 2093 2313 Anthemii
2113 2275 2296 2315 imitatusz

1724 2327 1934 2363 Ctmb‘lantis
1957 2327 2023 2362 lali
2223 2368 2229 2373 ,

1382 2378 1599 2415 Lambebant
1619 2388 1745 2414 teneros
1764 2377 1925 2414 incendia
1950 2376 2084 2413 blanda
2109 2375 2258 2425 capillos.

1332 2429 1395 2467 ubi
1413 2430 1595 2466 rutilantis
1614 2426 1758 2467 fortass'e
1775 2428 2018 2466 scribendum.
2034 2427 2131 2476 apud
2141 2428 2263 2466 Vater.
2275 2427 2378 2474 Flaef

1335 2492 1417 2517 cum
1443 2480 1504 2517 lib.
1524 2493 1557 2516 V.
1590 2493 1647 2528 55.

1385 2531 1461 2566 Sola
1478 2531 1598 2566 virum
1611 2529 1772 2580 flammis
1793 2528 1887 2565 vidit
1909 2527 2141 2565 lambentibus
2162 2527 2240 2578 offffi

1336 2581 1466 2618 Horat.
1488 2581 1545 2618 lib.
1566 2594 1593 2618 1.
1621 2588 1691 2618 bat.
1715 2592 1753 2618 v.

1387 2649 1483 2679 Nam
1502 2656 1594 2690 vaga
1615 2652 1671 2689 per
1691 2652 1839 2678 veterem
1859 2642 1983 2691 dilapso
2001 2641 2149 2690 flamma
2171 2643 2326 2682 culinam

1386 2694 1536 2730 Vulcano
1546 2694 1729 2741 summum
1745 2693 1944 2741 properabat
1965 2692 2115 2730 lambere
2129 2695 2270 2731 testum.

1331 2757 1402 2794 Pro
1433 2757 1586 2805 transtra
1614 2757 1721 2792 multi
1749 2766 1912 2799 veteres,
1951 2767 2061 2803 atque
2089 2757 2184 2792 inter
2205 2755 2316 2795 hosce
2336 2757 2372 2798 S.

1333 2808 1476 2849 Marci,
1506 2806 1662 2853 Neapol.
1683 2807 1832 2843 Thuan.
1844 2816 1958 2854 quart.
1973 2805 2248 2844 MedioOxon.
2262 2809 2375 2855 prim

1333 2858 1537 2905 Hamburg.
1557 2858 1593 2893 δε
1616 2857 1674 2892 sex
1691 2864 1753 2893 aut
1774 2857 1909 2903 septem
1932 2854 2014 2898 alii,
2042 2855 2128 2903 igne.
2158 2857 2302 2904 Scribe,

1550 2906 1747 2952 fumabant
1768 2907 1865 2953 tigna
1887 2905 2034 2942 carinae.

1332 2958 1392 2995 vel
1420 2956 1605 2993 lambebat.
1632 2967 1743 3004 quam
1776 2967 1910 2993 vocem
1937 2959 2046 2993 etiam
2069 2957 2287 2997 restituimus
2306 2958 2370 3005 lib.

1333 3020 1386 3044 ιν.
1409 3007 1498 3043 Fast.
1519 3007 1571 3047 ills.
1591 3018 1676 3054 233.
1709 3006 1901 3044 Lucretius
1918 3007 1977 3043 lib.
2001 3020 2044 3044 11.
2070 3020 2150 3054 192.

1384 3064 1455 3094 Nec
1477 3070 1553 3093 cum
1568 3056 1755 3104 subsiliant
1775 3057 1864 3104 ignes
1883 3057 1929 3092 ad
1948 3059 2036 3093 teli'a
2056 3058 2234 3094 domorum
2247 3087 2258 3104 ‚

1385 3112 1430 3143 Et
1452 3107 1548 3144 celeri
1565 3106 1714 3155 flamma
1736 3107 1910 3154 degustant
1930 3108 2027 3155 tigna
2049 3109 2239 3159 trabesque.

1331 3158 1390 3196 sed
1413 3160 1448 3195 ἃ
1472 3159 1569 3205 tigna
1590 3159 1624 3194 in
1645 3159 1808 3195 navibus.
1836 3159 1997 3206 Propert.
2016 3159 2075 3196 lib.
2096 3171 2147 3196 iv.
2169 3159 2222 3196 El.
2246 3173 2298 3198 vx.

1384 3210 1553 3259 §Quodque
1573 3208 1707 3244 vehunt
1723 3217 1839 3256 prorae
1862 3215 2051 3246 Centauros
2064 3217 2156 3257 saxa
2167 3211 2370 3261 minantes}

1437 3260 1544 3308 Tigna
1563 3272 1651 3295 cava
1671 3271 1714 3298 (φ
1729 3260 1832 3307 pistos
1850 3260 2013 3302 experiere
2031 3271 2160 3299 metus.-

1329 3310 1457 3350 auctor
1476 3311 1623 3360 Elegiae
1644 3311 1682 3348 in
1700 3310 1844 3348 obitum
1867 3311 2092 3349 Maecenatis
2105 3338 2117 3358 ,

2323 3365 2373 3417 fl:
