2483 3616
303 112 1536 180 METAMORPHOSEON
1609 116 1753 170 Lm.

1830 117 1945 176 VH.
2088 138 2185 191 493

370 270 536 316 ΕΑΒ.
580 261 709 309 ΧΧ.
752 260 916 308 XXI.
963 261 1012 309 &
1056 260 1259 310 XXII.
1305 261 1842 310 ARGUMENTA.

251 386 440 452 Ephyre
461 385 508 430 in
530 382 800 447 serpentem.

868 381 1067 429 Phineus
1089 382 1138 429 ὃς
1158 381 1374 444 Periphas
1395 382 1444 428 in
1466 397 1580 428 aves.
1644 380 1972 444 Polypemonis

873 448 1021 511 neptis
1043 448 1091 494 in
1112 446 1362 495 volucrem.

104 584 132 614 ³?
164 586 179 607 ²
212 580 452 642 Aliquando
488 583 618 626 etiam
654 579 850 640 Ephyren
886 580 1092 642 contigiffe
1114 577 1280 641 versam
1297 578 1447 638 pennis
1481 572 1499 600 ¹³
1522 577 1753 636 viperinis,
1789 578 1834 622 in
1858 576 1941 637 quei
1963 577 2062 623 arbe
2078 584 2175 639 prim

0 679 1 696 2
40 663 148 696 mum
180 650 195 670 ⁰
217 663 266 693 ex
291 644 441 708 fungis
477 647 591 693 edita
626 644 919 706 existimantur
950 659 1134 706 corpora.

37 831 95 870 hic
114 829 254 868 videtur
274 830 405 868 notari.
432 829 521 868 Vid.
541 827 674 866 Meurs.
700 828 819 876 Regn.
835 826 924 865 Ath.
947 839 991 865 11.
1017 838 1074 877 13.

28 882 111 929 fata
122 880 246 930 sororis
266 880 374 918 Palat.
395 881 434 918 &
453 880 529 918 duo
548 880 618 917 alii.
647 879 810 916 Lilaeam
825 890 935 915 unam
961 879 1073 928 Naja-

34 931 119 970 dum
141 929 286 978 Cephisi
313 929 426 969 filiam
445 938 629 969 memorat
652 931 762 968 etiam
791 928 935 966 Pausan.
954 928 1015 966 lib.
1036 943 1072 966 x.

38 993 97 1032 33.
125 981 386 1020 BuRMANNus.

83 1031 165 1080 389.
193 1032 344 1081 Respicit.
356 1032 372 1082 ]
386 1034 482 1075 Puto
498 1062 507 1078 ,
522 1031 682 1081 Despicit.
704 1042 771 1079 pro
791 1028 967 1067 tumidam
981 1029 1072 1067 Pho-

33 1095 88 1119 σενι
104 1094 256 1132 quoque
285 1083 345 1120 sex
371 1082 490 1131 scripti
514 1111 524 1127 ‚
559 1082 735 1119 timidam.
761 1093 971 1131 quanquam
1001 1093 1071 1120 nec

32 1132 124 1170 male
140 1133 299 1170 tumidae
320 1134 487 1172 dicantur
504 1134 661 1171 Phocae.
689 1143 771 1169 cum
795 1132 941 1170 tumido
963 1134 1070 1171 &in-

33 1182 116 1221 flato
137 1183 204 1222 sint
224 1196 392 1232 corpore.
446 1184 488 1221 In
510 1183 672 1225 duobus,
703 1182 868 1220 nitidam.
897 1183 1043 1221 Hiems.

79 1245 165 1283 390.
193 1233 396 1282 Eumelique
415 1233 586 1282 domum]
601 1232 776 1270 Eumelus
794 1232 886 1270 filius
908 1234 976 1272 fuit
989 1235 1067 1272 Ad-

30 1285 118 1322 meti
138 1286 228 1334 regis
251 1283 480 1328 Thessaliae,
509 1284 609 1333 cujus
638 1282 749 1320 filiam
774 1284 809 1320 in
838 1295 945 1322 avem
977 1297 1068 1323 con—

30 1334 165 1372 versam
206 1334 308 1372 fuisse
349 1335 398 1371 ait
427 1334 597 1372 Ovidius.
637 1334 808 1371 Rtoius.
863 1335 993 1385 Rursus
1028 1336 1067 1374 in

31 1383 252 1423 Thessaliam
273 1385 443 1433 abripitur
454 1386 610 1434 Regius,
638 1396 714 1421 non
739 1384 924 1423 observata
936 1386 1070 1424 Corin-

31 1437 118 1481 tho,
149 1435 242 1474 adeo
268 1436 342 1484 jam
361 1436 578 1485 propinqua.
632 1435 807 1472 Ceterum
829 1447 899 1484 ego
920 1449 983 1485 per
1005 1437 1072 1475 do-

31 1492 137 1525 mum
167 1486 312 1524 Eumeli
330 1513 339 1530 ,
380 1492 506 1523 Patras
537 1486 702 1534 intelligo
730 1486 894 1524 Achaiae
931 1487 1072 1526 urbem.

31 1538 131 1576 Nam
149 1536 212 1574 hic
233 1537 368 1583 primus
395 1535 553 1585 regnasse
576 1535 752 1575 Eumelus
772 1535 952 1583 αὐτόχθων
978 1538 1070 1576 dici-

31 1595 113 1632 tur,
140 1588 203 1636 qui
224 1586 502 1635 Triptolemum
526 1600 571 1624 ex
604 1589 725 1625 Attica
752 1589 965 1626 venientem
985 1589 1068 1627 hos-

30 1629 125 1687 pitio
147 1638 308 1686 accepit,
337 1638 375 1674 ὅτ
404 1637 447 1675 ab
479 1638 612 1676 eodem
642 1638 822 1675 rationem
845 1639 992 1687 frugum
1016 1639 1067 1677 se-

31 1687 225 1726 rendarum
244 1687 396 1725 edod’tus
416 1688 475 1725 est.
528 1688 641 1726 Unde
662 1687 759 1725 idem
781 1689 819 1725 ἃ
842 1689 968 1727 urbem
993 1689 1013 1727 a
1035 1690 1069 1728 se

35 1738 219 1776 conditam
236 1766 245 1782 ,
271 1746 352 1776 tum
383 1741 504 1776 Aro'e'n
525 1767 535 1783 ,
572 1738 647 1775 ἀπὸ
667 1739 729 1773 τοῦ
752 1739 852 1784 ἀροῦν
866 1767 876 1783 ,
903 1740 977 1778 hoc
998 1741 1069 1785 est,

35 1789 166 1826 arando
188 1789 418 1833 nominavit,
445 1801 556 1838 quam
578 1790 777 1839 posteriore
788 1797 905 1827 aetate
926 1791 1073 1829 Patreus

37 1839 181 1888 quidam
204 1838 224 1876 a
243 1839 278 1876 se
299 1839 509 1888 ampliatam
529 1848 639 1889 atque
662 1840 842 1878 munitam
865 1841 985 1879 Patras
1005 1854 1074 1879 vo-

36 1890 141 1927 cavit.
170 1890 291 1938 Hujus
311 1890 458 1927 Eumeli
479 1890 571 1928 filius
598 1892 666 1928 fuit
684 1890 848 1928 Antheas
869 1919 879 1934 ‚
907 1894 970 1941 qui
990 1893 1075 1931 dor·

36 1941 176 1978 miente
213 1940 407 1988 aliquando
430 1941 671 1989 Triptolemo
700 1944 765 1989 (ut
786 1949 893 1979 autor
915 1942 963 1980 est
986 1943 1078 1981 Pau-

33 1989 144 2028 sanias
169 1990 229 2027 lib.
250 2002 323 2027 vn.
348 1990 402 2028 18.
425 1990 439 2039 )
470 2003 612 2029 currum
642 1992 735 2030 illius
764 1992 975 2031 conscendit
997 2022 1008 2038 ‚
1037 1995 1076 2032 ὅς

35 2041 74 2077 in
100 2040 250 2078 sublime
277 2048 396 2088 raptus
423 2069 433 2083 ‚
472 2054 557 2080 cum
591 2044 628 2080 ὅ(
657 2043 728 2091 ipse
756 2042 869 2080 serere
891 2044 1075 2082 frumenta

34 2089 170 2134 vellet,
200 2102 305 2127 curru
338 2090 484 2128 excidit.
535 2093 577 2129 In
598 2093 698 2141 cujus
719 2094 939 2131 memoriam
966 2106 1071 2132 com-

37 2140 143 2176 muni
163 2141 317 2177 nomine
349 2141 523 2180 Eumelus
543 2152 642 2190 pater
670 2145 707 2181 &
738 2143 992 2192 Triptolemus
1015 2158 1074 2183 ur-

33 2189 120 2228 bem
138 2189 326 2238 Antheam
350 2191 604 2231 exstruxerunt.
641 2195 834 2242 Quantum
857 2195 965 2243 igitur
982 2207 1073 2234 con·

30 2239 173 2289 jedtura
192 2240 365 2289 consequi
383 2240 469 2279 licet
483 2270 492 2286 ,
519 2243 563 2281 de
575 2244 647 2281 hoc
668 2245 812 2282 Anthea
830 2246 903 2282 hoc
916 2246 1074 2285 locoac-

34 2291 244 2340 cipiendum
273 2289 542 2341 legendumque
561 2306 626 2341 pro
646 2305 769 2331 natam
782 2323 791 2339 ,
818 2305 946 2332 natum
960 2325 970 2341 ‚
992 2309 1070 2335 ma-

34 2341 173 2379 sculino
200 2352 345 2390 genere.
399 2342 471 2378 Vel
499 2343 633 2381 rursum
655 2373 664 2386 ‚
693 2357 778 2382 cum
807 2346 902 2383 urbis
929 2359 1070 2384 nomen

37 2392 182 2429 Anthea
210 2392 251 2429 sit
274 2420 283 2434 ‚
318 2403 394 2428 non
422 2391 537 2430 filium
560 2393 619 2431 sed
647 2394 757 2431 filiam
787 2395 935 2433 Eumeli
967 2396 1071 2434 fuisse

35 2443 219 2480 Antheam
243 2442 518 2490 intelligendum
533 2471 543 2488 ,
569 2455 663 2492 quae
685 2445 911 2481 Graecorum
929 2446 1072 2483 lascivia

37 2492 105 2537 est,
130 2494 167 2531 in
189 2492 314 2530 iisdem
337 2493 464 2530 fabulis
481 2493 580 2530 varie
599 2493 791 2531 tradendis.
820 2495 918 2530 Nam
941 2496 1073 2533 &Vo—

34 2541 226 2581 laterranus
240 2571 250 2586 ,
277 2543 388 2581 filiam
402 2555 467 2591 pro
490 2543 566 2581 filio
588 2544 732 2581 Eumeli
753 2545 931 2581 Antheam
949 2573 957 2588 ‚
974 2550 981 2585 <
998 2544 1072 2583 fi-ve

39 2603 78 2630 ut
108 2594 180 2632 illic
207 2594 375 2641 corrupte
404 2595 535 2641 legitur
555 2622 565 2637 ,
602 2595 796 2642 Antyam)
837 2607 880 2631 ex
901 2595 1072 2633 Pausania

38 2645 155 2682 vertit.
183 2646 406 2693 Quanquam
431 2644 561 2682 Ovidii
580 2644 687 2681 verba
708 2644 842 2682 scilicet
861 2645 1017 2694 lugentis
1036 2647 1073 2683 in

39 2697 120 2731 ae're
139 2702 260 2732 natam
274 2722 284 2740 ,
310 2694 348 2732 id
366 2694 492 2732 sonare
506 2695 697 2738 videntur,
725 2694 824 2742 quasi
842 2695 914 2742 ipse
934 2696 1074 2733 Eume-

36 2743 89 2781 lus
108 2745 145 2781 in
164 2756 271 2782 avem
294 2744 485 2783 conversus
498 2746 627 2789 fuerit,
656 2745 743 2783 dum
757 2746 792 2782 in
807 2748 890 2782 a'e're
904 2746 1071 2791 existens,

39 2793 206 2831 videlicet
234 2803 360 2831 natum
382 2823 392 2839 ,
420 2794 493 2832 sive
519 2803 642 2833 natam
663 2824 673 2840 ,
699 2795 810 2844 luget.
847 2797 1073 2834 Mici'ttus.

41 2842 139 2880 Mire
166 2845 301 2881 variant
332 2845 486 2882 codices.
539 2847 619 2894 Ego
650 2846 741 2883 nihil
768 2845 897 2882 censeo
930 2856 1076 2884 mutan-

42 2892 143 2931 dum.
193 2894 386 2942 Micyllum
421 2897 530 2933 etiam
558 2896 681 2934 frustra
708 2897 919 2944 interpretes
947 2898 1075 2946 nuperi

40 2942 246 2992 sequuntur.
303 2944 473 2982 Eumelus
504 2947 604 2984 Cous
636 2947 675 2984 in
698 2958 849 2984 corvum
872 2955 1031 2985 mutatus
1054 2948 1075 2986 a

41 2991 250 3036 Mercurio,
281 2994 398 3030 Diana
412 3020 422 3037 ‚
449 2996 486 3031 ὃς
506 2997 689 3034 Minerva.
744 2997 830 3046 Ejus
851 2998 961 3035 etiarn
984 2996 1080 3036 filiae

40 3040 143 3091 Byffa
161 3054 202 3080 ae
225 3045 387 3092 Meropis
407 3044 445 3080 in
463 3055 545 3083 aves
563 3047 756 3084 conversae
769 3058 854 3084 cum
873 3047 949 3085 filio
962 3048 1084 3098 Agro-

40 3103 101 3129 ne.
128 3093 246 3130 Exstat
267 3094 384 3131 fabula
403 3093 499 3141 apud
519 3098 750 3134 Antoninum
767 3098 986 3136 Liberalem.
1001 3111 1078 3147 cap.

44 3152 106 3178 xv.
151 3142 212 3178 ubi
239 3143 413 3181 videatur.
449 3151 488 3180 ut
519 3144 666 3182 fortassis
696 3157 819 3191 natas,
865 3156 927 3185 aut
949 3158 1076 3184 natum

42 3202 110 3238 pro
134 3200 254 3226 natam
281 3193 317 3228 in
348 3193 489 3230 Ovidio
521 3193 562 3231 sit
578 3195 787 3243 legendum.
841 3196 953 3243 Apud
983 3209 1074 3234 eun-

41 3240 381 3279 demAntoninum
402 3255 601 3291 caparam.
632 3246 778 3285 humen
796 3245 942 3284 Boeotii
965 3247 1076 3286 exstat

1201 640 1219 669 ‘³
1252 641 1322 690 lbi
1354 657 1445 690 cum
1471 651 1648 701 parente
1670 641 1871 703 Creusam
1897 642 2177 704 consumptam

1976 712 2176 768 venenis,

1129 827 1268 871 fabul-a,
1297 826 1398 876 cujus
1419 826 1511 866 filius
1532 825 1659 863 Botres
1677 824 1721 863 ab
1742 824 1915 874 Apolline
1934 824 1970 862 in
1989 828 2171 874 ae'ropum

1129 877 1171 915 fit
1191 886 1361 916 mutatus.
1417 881 1473 917 Ac
1493 878 1538 916 de
1555 880 1613 921 {eo
1635 877 1757 925 potius
1779 875 2057 924 intelligendum
2080 878 2173 916 ordo

1128 929 1391 977 geographicus
1414 929 1584 979 requirit;
1616 939 1700 964 nam
1729 927 1832 964 Coae
1852 926 1986 964 insulae
1999 927 2076 976 jam
2090 939 2176 966 ante

1129 980 1273 1016 mentio
1294 987 1368 1016 erat
1395 979 1500 1017 fausta.
1529 979 1739 1015 Hmnsms.
1794 976 1930 1015 Eumeli
1953 978 2025 1016 Dei
2043 980 2173 1026 patrii,

1129 1029 1187 1066 cui
1220 1029 1371 1077 gentiles
1401 1028 1602 1067 Eumelidae
1627 1028 1825 1076 posuerunt
1852 1037 2170 1074 monumentum,

1129 1080 1304 1117 meminit
1329 1080 1438 1128 Lapis
1459 1079 1723 1126 Neapolitanus
1733 1078 1828 1127 apud
1839 1078 2019 1126 Sponium
2034 1079 2178 1119 Miscel.

1124 1141 1159 1178 p.
1184 1130 1264 1168 108.
1292 1142 1405 1179 quem
1435 1130 1480 1168 de
1525 1129 1681 1167 Patrensi
1711 1130 1962 1177 interpretatus
2001 1130 2173 1178 Sponius.

1123 1180 1262 1218 Eumeli
1279 1181 1386 1218 titulo
1409 1179 1661 1229 Tragoediam
1688 1179 1820 1228 scripsit
1842 1180 2053 1228 Sophocles.
2082 1181 2174 1220 Vid.

1123 1231 1258 1269 Meurs.
1281 1232 1318 1269 in
1351 1232 1546 1280 Sophocle.
1573 1242 1668 1279 quae
1698 1241 1742 1267 an
1771 1229 1937 1267 adhunc
1967 1230 2171 1269 Eumelum

1123 1281 1258 1330 spectet
1272 1282 1426 1325 ‚nescia
1480 1280 1680 1318 Eumelum
1703 1281 1796 1317 inter
1816 1292 1879 1317 eos
1893 1281 1976 1330 ‚qui
1997 1281 2043 1318 ad
2065 1281 2170 1319 Tro-

1117 1332 1250 1382 janum
1261 1332 1396 1370 bellum
1418 1331 1576 1381 profesti
1597 1331 1676 1368 sunt
1691 1357 1700 1374 ,
1732 1338 1916 1368 memorat
1938 1331 2078 1380 Hygin.
2100 1332 2174 1371 fab.

1130 1395 1250 1421 xcvi1.
1279 1384 1317 1420 ὃς
1348 1385 1506 1420 Homer.
1537 1382 1578 1419 11.
1602 1381 1643 1418 Β.
1664 1392 1752 1428 7¹3·
1773 1382 1811 1418 &
1833 1381 1928 1418 alibi.
1955 1382 2054 1418 idem
2086 1383 2174 1431 Hy·-

1125 1434 1231 1482 ginus
1249 1445 1334 1471 euin
1357 1435 1395 1471 &
1413 1434 1508 1471 inter
1530 1443 1662 1481 procos
1682 1432 1884 1478 Penelopes
1905 1439 2085 1469 numerat.
2099 1434 2171 1471 fab.

1128 1497 1231 1522 [xxi.
1258 1485 1362 1523 Alius
1374 1484 1549 1522 Eumelus
1560 1491 1787 1520 memoratur
1796 1482 1954 1531 Virgilio
1965 1482 2025 1520 lib.
2036 1495 2070 1519 v.
2083 1484 2153 1531 665
2163 1511 2175 1521 .

1127 1536 1307 1573 Meminit
1339 1536 1450 1574 etiam
1482 1533 1673 1570 Eumelidis
1706 1533 1794 1570 Stat.
1817 1546 1870 1570 iv.
1895 1532 1982 1570 Silv.
2003 1545 2092 1571 vm.
2111 1546 2172 1582 49.

1123 1597 1236 1633 quam
1281 1586 1428 1623 Domit.
1462 1584 1674 1622 Calderinus
1700 1582 1721 1621 a
1760 1583 1989 1631 Parthenope
2026 1584 2174 1622 Eumeli

1124 1636 1236 1674 filiam
1258 1634 1328 1674 effe
1346 1636 1479 1674 dictam
1491 1635 1596 1673 tradit
1609 1663 1620 1679 ,
1639 1646 1733 1684 quae
1750 1634 1823 1671 dux
1838 1632 2083 1671 Chalcidensis
2094 1634 2174 1671 Co-

1124 1687 1247 1724 loniae
1261 1687 1306 1724 ad
1327 1687 1519 1735 augurium
1533 1686 1726 1724 columbae
1754 1685 1955 1733 Neapolim
1983 1684 2147 1722 condidit
2162 1692 2183 1722 :1

1126 1749 1221 1786 quae
1240 1738 1342 1775 illum
1364 1749 1409 1774 ex
1429 1738 1586 1786 antiquo
1606 1735 1801 1773 Scholiaste
1831 1732 1980 1772 hausisse
1998 1735 2096 1772 haud
2110 1746 2175 1772 va-

1127 1800 1174 1825 ne
1197 1787 1389 1836 suspicatur
1410 1787 1587 1825 Barthius.
1614 1786 1653 1823 in
1683 1789 1766 1822 a'e'ra
1787 1786 1916 1823 Oxon.
1934 1785 2055 1823 Vatic.
2084 1786 2171 1823 Me-

1113 1838 1198 1876 'dic.
1221 1839 1358 1876 Moret.
1379 1839 1417 1875 &
1435 1846 1505 1875 tres
1525 1838 1595 1875 alii.
1623 1837 1751 1874 BuRM.

1181 1888 1203 1910 ³*
1230 1887 1472 1940 Aliquando]
1502 1889 1609 1926 Haec
1633 1888 1682 1925 ita
1708 1885 1943 1935 interpolavit
1960 1886 2176 1924 Raenerius.

1131 1939 1340 1976 Corinthum
1359 1953 1509 1989 quoque,
1536 1938 1595 1975 ubi
1617 1938 1737 1975 Pirene
1754 1938 1828 1979 fons
1849 1935 1913 1982 εβ,
1940 1949 2043 1973 curru
2064 1936 2173 1973 alatis

1131 1989 1334 2027 draconibus
1355 1993 1449 2026 veffto
1470 1988 1598 2037 acceffit
1611 2017 1620 2033 ,
1648 1988 1707 2024 ubi
1724 1987 1807 2024 olim
1826 1988 1843 2023 e
1856 1988 1975 2034 fungis
1997 1997 2084 2022 ortos
2107 1988 2171 2023 ho-

1131 2041 1240 2078 mines
1252 2042 1391 2087 serunt.
1421 2042 1569 2088 Reversa
1595 2038 1762 2081 tandem,
1794 2047 1833 2073 ut
1856 2037 1950 2072 vidit
1976 2036 2020 2072 ah
2040 2036 2174 2085 Jasbne

1131 2091 1299 2141 Creufizm
1321 2091 1479 2128 Creontis
1491 2089 1751 2127 Corinthiorum
1772 2087 1855 2136 regis
1868 2085 1985 2133 filiam
1999 2085 2175 2133 fibiprae-

1129 2140 1244 2178 latam
1256 2157 1267 2187 ;
1297 2143 1423 2190 regiam
1443 2140 1617 2184 incendit,
1643 2137 1795 2188 arsitque·
1809 2135 1936 2184 Creusa
1955 2145 2168 2190 cum-patre:

1130 2203 1229 2230 natos
1248 2206 1378 2243 quoque
1390 2192 1470 2239 suos
1491 2204 1532 2228 ex
1554 2191 1684 2238 Jafime
1696 2188 1863 2237 susceptos
1881 2187 2064 2222 interemit.
2108 2192 2170 2222 In-

1121 2243 1241 2291 speo‘iis
1265 2244 1385 2291 itaque
1396 2243 1595 2291 miserorum
1607 2237 1734 2289 casibus
1749 2237 1932 2281 ,Athenas
1946 2236 2171 2286 sagit:qnae

1130 2294 1269 2342 quidem
1298 2293 1462 2330 Athenae
1490 2291 1659 2328 Phineum
1680 2318 1691 2334 ‚
1725 2286 1905 2336 Peripham
1927 2313 1937 2329 ‚
1973 2295 2171 2341 neptemque

1127 2344 1383 2392 Polyphemonis
1406 2342 1564 2379 volantes
1582 2341 1710 2377 videre.
1736 2338 1784 2375 ibi
1806 2336 1898 2373 enim
1919 2336 2000 2372 olim
2025 2349 2063 2372 m
2087 2350 2173 2374 aves

1127 2393 1444 2441 convetfifuerant.
1473 2393 1571 2429 Vide
1591 2391 1709 2428 Barth.
1722 2387 1873 2425 Advers.
1895 2397 2052 2427 vx11.17.

1178 2451 1192 2468 ⁵¹
1219 2443 1424 2491 Aliquando
1435 2442 1539 2478 etiam
1561 2441 1721 2489 Ephyren
1746 2437 1908 2485 contigiffe
1923 2438 2061 2485 versam
2072 2435 2166 2486 effla}

1129 2493 1183 2529 Ita
1206 2505 1290 2530 cuin
1312 2492 1392 2528 MS.
1413 2493 1538 2529 habuit
1557 2518 1566 2534 ,
1594 2500 1671 2527 tum
1697 2491 1735 2525 &
1755 2489 1900 2524 Veneta
1916 2487 2035 2524 habet.
2089 2487 2171 2525 Ad-

1135 2543 1234 2579 struit
1253 2551 1434 2590 praeterea
1457 2543 1566 2578 etiam
1587 2541 1725 2577 lemma
1745 2538 1859 2587 ipsum
1875 2566 1884 2581 ‚
1913 2537 2182 2586 Ephyreinser«

1122 2601 1281 2641 pentem,
1297 2604 1378 2629 eam
1403 2592 1616 2629 lethonem.
1637 2588 1862 2627 Insulsiffima
1881 2598 2006 2626 tamen
2028 2588 2077 2625 est
2092 2616 2101 2632 ‚
2131 2590 2171 2626 &

1131 2644 1246 2691 arguit
1266 2643 1497 2690 supinitatem
1517 2641 1695 2690 insignem
1714 2639 1895 2676 auctoris:
1923 2641 2043 2676 immo
2064 2650 2169 2687 aper-

1129 2691 1166 2729 te
1182 2693 1337 2730 ostendit
1364 2705 1441 2731 non
1464 2690 1676 2730 intellexisse
1694 2702 1780 2728 eum
1803 2689 1945 2726 versum
1965 2689 2067 2727 illum
2094 2690 2173 2726 Na-

1128 2743 1222 2781 sonis
1244 2772 1254 2788 ,
1286 2743 1438 2780 Tandem
1468 2743 1608 2792 vipereis
1634 2740 1792 2791 Ephyren
1811 2768 1821 2784 ‚
1861 2740 2025 2777 Pirenida
2050 2740 2172 2789 pennis

1130 2794 1294 2843 Contigit.
1332 2794 1535 2831 Geminum
1564 2793 1651 2830 huic
1691 2790 1830 2840 prorsus
1857 2792 1894 2827 ὅτ
1927 2802 2170 2840 germanum,

1130 2845 1231 2892 quod
1255 2845 1336 2881 Lib.
1358 2857 1421 2881 111.
1447 2844 1515 2881 fab.
1541 2856 1595 2880 10.
1623 2851 1764 2886 narrat,
1792 2854 1836 2878 cx
1852 2842 2055 2890 Tyrrhenis
2075 2852 2170 2878 non-

1130 2895 1248 2932 nullos
1270 2896 1305 2931 in
1326 2906 1410 2932 aves
1433 2892 1502 2931 esse
1526 2902 1686 2931 mutatos
1702 2921 1711 2937 ‚
1739 2892 1841 2941 quod
1861 2892 1959 2929 Naso
1980 2893 2097 2934 dicat,
2128 2896 2170 2925 ln

1122 2945 1279 2993 spatium
1291 2946 1413 2994 resilire
1434 2958 1559 2981 manus
1571 2944 1671 2981 breve
1689 2944 1784 2980 vidit
1798 2971 1806 2987 ,
1835 2955 1878 2982 ey
1897 2943 1977 2979 illas
1997 2942 2087 2986 Jam
2102 2951 2168 2974 non

1139 2995 1195 3044 esse
1214 3009 1360 3039 manu53
1388 2997 1462 3042 jam
1485 2996 1612 3044 pinnas
1637 2994 1719 3043 poffe
1747 2993 1878 3031 vocari.
1906 2994 2170 3029 Munera-itus.

1139 3055 1195 3082 Ac
1216 3046 1359 3082 tandem
1378 3047 1488 3082 etiam
1506 3046 1651 3095 Micyll.

1189 3095 1206 3122 b
1234 3096 1436 3146 Viperinis.]
1466 3096 1608 3143 vipereis
1629 3096 1746 3132 Parin.
1769 3092 1887 3141 Lugd.
1906 3089 2047 3137 Micylh
2140 3138 2147 3145 ¹

1178 3153 1195 3171 c
1223 3150 1276 3181 Ex
1293 3146 1445 3194 sangis]
1485 3146 1657 3182 Fabulam
1679 3146 1773 3181 hanc
1795 3144 1840 3179 de
1862 3141 2019 3187 funginis
2040 3138 2167 3177 homi-

1129 3195 1233 3231 nibus
1253 3195 1375 3232 irridet
1400 3196 1586 3232 Lucianus
1605 3194 1751 3231 venuste
1769 3192 1828 3228 lib.
1841 3203 1884 3226 ιι.
1897 3189 2172 3227 &ferai-,Histoe

1130 3244 1192 3295 ubi
1212 3245 1399 3284 civitatem
1426 3246 1464 3284 in
1496 3256 1633 3293 magno
1656 3243 1779 3296 subere
1800 3239 1985 3279 conditam
2000 3267 2012 3288 ,
2041 3241 2077 3279 ἃ
2099 3240 2171 3294 ho?

2110 3301 2180 3328 {mv
