2483 3616
170 140 345 243 ‘948'
733 169 794 227 P.
869 162 1280 227 0V1D11

1353 123 1888 227 NASONIS

533 284 823 341 Immanem
848 281 1124 354 scopulum
1147 278 1349 333 medias
1375 279 1610 350 permifit
1635 285 1692 339 in
1717 283 1899 341 undas,

534 357 667 415 Vidi
691 359 913 419 iterum,
950 353 1115 408 veluti
1140 352 1398 406 tormenti
1422 353 1619 408 viribus
1641 356 1779 421 acia,

537 429 696 486 Vasta
721 429 973 500 giganteo
989 425 1306 498 jaculantem
1335 425 1452 478 saxa
1475 426 1692 479 lacerto,

392 500 489 572 18)-
529 503 628 564 Et,
666 518 734 554 ne
758 500 1086 572 deprimeret
1113 496 1373 552 fluctusve
1399 497 1595 568 lapisve
1621 497 1882 563 carinam,

536 573 831 634 Pertimui3
869 571 975 643 jam
1003 589 1089 625 me
1117 587 1226 624 non
1253 564 1355 623 effe
1381 569 1574 623 oblitus
1600 568 1655 623 in
1682 569 1784 623 illa.

533 646 611 700 Ut
637 644 767 699 vero
795 645 917 717 fuga
942 661 1037 699 vos
1062 643 1124 697 ab
1151 641 1340 696 acerba
1364 655 1541 696 morte
1575 641 1841 703 removit3

535 719 625 773 Ille
651 717 874 790 quidem
899 731 1067 770 totam
1093 713 1478 769 fremebundus
1504 714 1808 768 obambulat
1830 712 2084 781 AEtnam,

535 792 954 861 Praetentatque
982 806 1138 843 manu
1167 787 1340 848 filvas;
1385 786 1441 840 &
1466 787 1677 842 luminis
1703 786 1864 841 orbus

399 884 499 934 190
536 863 782 934 Rupibus
808 861 1036 916 incursat
1065 879 1074 914 :
1115 859 1436 931 foedataque
1463 859 1677 914 brachia
1699 858 1824 913 tabo

535 937 594 991 In
621 952 764 989 mare
789 933 1119 1006 protendens
1136 970 1151 995 ,
1188 946 1405 1004 gentem
1430 931 1732 986 exsecratur
1759 930 2041 988 Achivam.

539 1011 725 1080 Atque
749 1007 820 1060 ait
846 1026 857 1061 :
899 1005 950 1059 O
977 1006 1012 1060 si
1037 1006 1153 1078 quis
1178 1004 1371 1060 referat
1395 1004 1525 1058 mihi
1551 1004 1695 1059 casus
1722 1002 1949 1068 Ulixen,

537 1083 653 1136 Aut
677 1080 909 1153 aliquem
932 1078 961 1132 e
988 1078 1139 1134 sociis
1155 1117 1170 1144 ,
1208 1078 1264 1133 in
1289 1094 1453 1151 quem
1479 1095 1596 1133 mea
1616 1077 1808 1135 saeviat
1833 1077 1939 1142 ira,

243 1295 351 1334 statur
381 1296 482 1334 enim
511 1295 747 1342 Plutarchus,
782 1296 1002 1340 Romanos,
1040 1295 1179 1339 Ulixes,
1213 1305 1290 1333 non

244 1346 386 1395 mystes,
414 1346 596 1396 scripsisse.
637 1350 729 1398 Quo
758 1347 876 1385 modo
906 1357 1085 1397 perpetuo
1117 1347 1290 1394 scriptum

243 1398 294 1433 est
313 1398 349 1434 in
372 1398 552 1435 veteribus
574 1398 680 1437 libris.
715 1399 883 1436 CroFAN.
913 1399 968 1436 Ita
988 1399 1100 1436 etiam
1125 1398 1291 1447 quinque

242 1447 377 1496 scripti.
405 1448 512 1494 vester
531 1449 666 1498 Regius
685 1461 779 1488 unus
797 1450 835 1486 &
855 1448 944 1491 editi
963 1448 1126 1498 quidam.

300 1498 382 1536 181.
411 1499 489 1535 Vidi
520 1513 597 1537 cum
628 1511 743 1538 monte
761 1499 939 1548 revulficm
962 1506 1156 1536 Immanem
1173 1499 1291 1547 scopu-

244 1548 359 1598 lum]
398 1549 500 1587 Libri
525 1551 665 1598 scripti,
706 1550 783 1588 Vidi
805 1550 892 1592 ciem
913 1549 937 1587 a*
954 1560 1068 1587 monte
1086 1549 1263 1598 revulsum
1277 1577 1288 1594 ,

243 1601 283 1636 ἃ
304 1601 452 1649 reliqua.
481 1601 597 1649 Quod
621 1602 809 1651 aliquanto
830 1600 961 1638 rectius
984 1601 1152 1648 suspicor.
1190 1602 1288 1638 Nam

239 1650 402 1698 superius
433 1651 570 1689 codem
600 1653 717 1690 modo
747 1653 892 1690 locutus
919 1651 995 1689 est:
1022 1651 1082 1688 lib.
1103 1663 1177 1688 xxx.
1208 1662 1290 1700 341.

242 1705 444 1751 saxumque
472 1702 487 1738 e
516 1713 629 1739 monte
661 1703 839 1753 revulsum
872 1702 1015 1739 Mittere
1033 1714 1189 1739 conatur.
1243 1700 1291 1740 Et

242 1750 305 1788 lib.
328 1763 418 1789 xxix.
436 1752 519 1789 882.
548 1759 757 1803 Partemque
782 1754 932 1791 emente
950 1752 1129 1800 revulsam
1153 1751 1288 1791 Mittit.

244 1800 417 1840 C10FAN.
444 1803 587 1851 Revulsb
610 1805 642 1841 S.
665 1804 806 1846 Marci,
836 1803 994 1851 Neapol.
1017 1804 1054 1840 ὅ(
1075 1803 1142 1840 sec.
1165 1802 1290 1840 Stroz-

242 1861 321 1889 zac.
349 1864 414 1900 pro
447 1853 596 1901 conspexi
626 1855 734 1902 paulo
756 1863 840 1892 ante
862 1853 1014 1902 prospexi
1034 1854 1141 1902 prim.
1170 1853 1290 1891 Ham-

241 1901 449 1951 burgenfis,
476 1903 543 1941 sec.
571 1905 680 1942 Palat.
710 1905 748 1942 &
769 1906 933 1954 quinque
955 1904 1025 1941 alii.
1053 1904 1198 1942 Hiems.
1226 1910 1290 1942 Re-

243 1952 344 2000 vulfh
368 1953 521 2002 redium.
550 1954 623 1991 vid.
644 1956 702 1992 lib.
727 1967 780 1992 xr.
813 1968 894 2003 554.

301 2003 381 2040 182.
412 2003 607 2053 Permifit.]
658 2005 802 2054 projecit
840 2017 933 2044 unus
973 2005 1127 2043 Moreti.
1165 2003 1290 2055 Emifit

243 2051 347 2091 Voff.
371 2054 557 2103 pertransit
578 2055 726 2100 Junian.

239 2104 380 2192 H185.
408 2111 462 2141 Ne
492 2104 735 2156 deprimeret.]
765 2105 1006 2157 Deprimerent
1035 2118 1129 2145 unus
1149 2106 1291 2146 Medic.

286 2167 389 2193 Eius.

297 2205 377 2251 187.
406 2211 450 2242 Ut
471 2206 554 2243 verb
572 2207 661 2255 fuga
680 2221 742 2244 vos
764 2206 807 2244 ab
833 2206 954 2244 acerba
979 2218 1088 2245 morte
1107 2208 1287 2259 reduxit.]

241 2254 286 2292 In
305 2256 446 2294 duobus
465 2257 636 2295 Vatican.
663 2259 699 2295 ὃ(
723 2258 862 2296 Farnes.
891 2258 952 2295 Ab
971 2258 1093 2295 acerba
1110 2269 1219 2297 morte
1236 2273 1288 2297 re-

242 2307 367 2344 movit.
408 2307 476 2345 1110
505 2307 622 2345 modo
655 2308 829 2358 Virgilius
857 2321 1010 2358 quoque
1038 2309 1100 2347 lib.
1121 2322 1174 2347 1v.
1204 2320 1288 2359 375.

241 2358 412 2407 Scciosque
442 2357 466 2394 oi
499 2369 607 2395 morte
635 2359 773 2397 reduxi.
799 2360 969 2398 CtoFAN.
999 2360 1160 2397 Removit
1179 2362 1286 2407 prim.

239 2406 316 2444 Pal.
345 2410 451 2455 prim.
483 2409 603 2447 Varie.
634 2410 804 2448 Cantabr.
831 2411 937 2458 prim.
959 2411 1133 2448 Gronov.
1153 2411 1285 2450 Urbin.

241 2458 385 2496 Arond.
417 2461 524 2506 prim.
552 2460 694 2497 Moret.
723 2462 859 2509 aliique
887 2460 1007 2499 multi.
1044 2461 1188 2498 redemit
1213 2462 1284 2503 see.

242 2505 366 2546 Vatic.
397 2509 435 2546 δε
466 2509 540 2546 duo
569 2511 639 2548 alii.
667 2522 713 2548 an
747 2511 891 2548 diremit
911 2521 926 2550 ἓ
961 2521 1002 2550 ut
1019 2511 1080 2549 lib.
1102 2525 1173 2550 xit.
1203 2524 1287 2562 535.

241 2556 304 2593 ubi
337 2558 466 2596 eadem
487 2559 685 2598 diversitas.
714 2561 852 2599 revellit
869 2570 952 2600 tert.
971 2562 1112 2600 Medic.
1141 2563 1287 2611 revulsit

242 2618 336 2644 unus
363 2608 511 2647 Bonon.
532 2621 622 2658 puto
639 2639 648 2655 ‚
679 2614 767 2660 fuga
790 2626 851 2649 vos
870 2613 913 2648 ab
936 2612 1030 2649 certd
1051 2622 1158 2650 morte
1177 2627 1288 2651 remo-

240 2656 321 2700 vit,
344 2659 402 2695 vel
430 2660 585 2698 redemit.
611 2663 647 2699 in
668 2664 790 2710 priore
810 2663 964 2712 quidem
988 2663 1127 2702 Hamb.
1147 2664 1173 2701 ὰ
1194 2675 1286 2704 certa

243 2716 364 2745 morte.
390 2708 483 2746 libro
504 2722 541 2748 v.
568 2711 628 2749 28.

892 2778 969 2801 eum
997 2779 1035 2803 ue

294 2814 376 2845 Non
396 2808 461 2846 tibi
473 2837 481 2853 ,
502 2810 566 2858 sed
585 2821 674 2847 certa
688 2813 886 2860 praelatum
908 2780 1058 2864 inteqllige
1078 2816 1193 2854 morti.

240 2869 332 2895 certa
355 2873 444 2896 mors
464 2861 674 2910 frequenter
691 2865 849 2900 occurrit
863 2865 899 2900 in
915 2865 1097 2913 Ligurino
1113 2867 1285 2905 Gunthe-

239 2912 281 2947 ri.
307 2910 404 2958 apud
424 2910 528 2960 Virg.
552 2915 646 2948 Aen.
666 2924 711 2948 11.
739 2913 798 2948 62.

289 2966 354 2997 Seu
373 2961 510 3009 versare
528 2961 618 2998 dolos
630 2989 640 3006 ,
653 2962 715 3011 seu
735 2972 843 2999 certae
861 2962 1050 3001 occumbere
1069 2966 1184 3005 morti.

239 3029 304 3068 ubi
319 3039 405 3066 certe
423 3041 612 3079 perperam
634 3029 774 3077 legitur.
804 3031 950 3068 Herus.
977 3031 1046 3069 Sed
1059 3032 1180 3068 acerba
1197 3046 1287 3070 mors

236 3080 298 3117 hic
329 3080 427 3117 reae
458 3081 629 3129 ponitur,
666 3083 750 3127 quia
780 3083 816 3119 in
846 3082 936 3120 mari
966 3083 1082 3130 perire
1111 3083 1283 3121 acerbum

235 3130 442 3169 admodum
474 3132 512 3169 &
542 3131 749 3169 detestabile
775 3132 995 3177 habebatur,
1023 3141 1063 3170 ut
1084 3145 1102 3170 a
1125 3133 1285 3181 pluribus

235 3182 309 3228 jam
334 3190 518 3220 notatum.
545 3182 618 3220 vid.
645 3183 768 3231 Ampl.
793 3183 916 3231 Cuper
938 3196 965 3220 1.
997 3183 1070 3221 obs.
1092 3183 1125 3220 8.
1143 3184 1181 3222 &
1204 3185 1285 3222 Ob-

236 3232 323 3267 i‘erv.
358 3233 515 3270 Hazlens.
545 3243 638 3271 tom.
673 3245 744 3270 vn.
773 3233 845 3271 obs.
868 3247 902 3271 v.
931 3234 969 3271 &
1000 3246 1095 3285 quos
1126 3235 1217 3275 olim
1239 3236 1284 3276 ad

234 3280 380 3320 Petron.
398 3294 475 3331 cap.
500 3296 586 3324 cm.
607 3284 850 3324 laudavimus.
878 3282 1010 3326 Eum.

2275 1152 2397 1213 Vis-

1402 1291 1484 1331 188.
1512 1291 1756 1329 Gemebundus
1783 1289 2027 1340 obambulat]
2059 1290 2208 1331 Rectius
2226 1294 2264 1332 in
2288 1293 2400 1342 Spr0⁴

1346 1344 1473 1387 tiano,
1492 1343 1757 1389 fremebundus.
1784 1342 1873 1380 alter
1900 1342 2107 1391 Hamburg.
2143 1345 2398 1384 tremebundae.

1345 1396 1694 1484 ggoffxcrlileugerum.
1730 1393 1829 1432 Vide
1849 1392 1920 1441 fllib.
1940 1405 1999 1436 xx.
2021 1393 2107 1432 208.
2133 1394 2194 1434 lib.
2212 1408 2284 1435 ΧΠ.
2316 1396 2400 1445 178.

1699 1523 1801 1549 curru
1811 1509 2065 1558 fremebundus
2083 1509 2127 1546 ab
2149 1511 2222 1549 alto

1397 1560 1534 1611 Defilit.
1585 1561 1731 1600 Hflms.
1759 1560 2015 1598 Tremebundus
2042 1560 2210 1600 Francos.
2241 1564 2304 1613 qui
2334 1564 2396 1610 &2
2438 1583 2442 1586 -

1346 1622 1420 1649 tota
1438 1617 1582 1657 Aetna,
1610 1621 1650 1650 ut
1672 1612 1804 1650 infiniti
1826 1612 1908 1655 alii;
1938 1611 2042 1660 quod
2062 1611 2211 1651 defendi
2225 1613 2398 1662 poss'etex

1345 1663 1406 1701 lib.
1428 1676 1474 1700 Π.
1505 1663 1587 1712 8ςῐ.
1615 1663 1698 1707 ubi,
1726 1663 1765 1700 in
1783 1662 1908 1699 tenoris
1930 1661 2043 1699 herbis
2060 1661 2282 1702 obambulare
2293 1665 2398 1705 dixit.

1347 1722 1510 1752 ceterum
1540 1714 1706 1752 Beroald.
1736 1713 1781 1751 ad
1811 1714 1964 1751 Sueton.
1994 1711 2123 1751 Tiber.
2154 1726 2231 1763 cap.
2250 1728 2309 1764 ις.
2336 1716 2399 1755 ubi

1345 1764 1480 1808 docet,
1508 1764 1729 1802 obambulare
1756 1762 1827 1801 effe
1855 1762 1952 1801 ultro
1983 1764 2150 1813 citroque
2173 1765 2397 1806 ambulando

1346 1814 1557 1862 discursare,
1586 1816 1672 1853 citat
1695 1817 1882 1852 nocturnus
1904 1813 2129 1859 obambulat,
2147 1826 2194 1853 an
2213 1817 2306 1855 vitio
2318 1828 2400 1864 me·-¹

1347 1867 1490 1904 moriae
1513 1894 1523 1912 ,
1566 1878 1613 1904 an
1650 1878 1695 1904 ex
1727 1865 1860 1915 scripto
1887 1865 2052 1915 quodam
2075 1866 2233 1913 codice,
2261 1867 2399 1909 nescio.

1345 1916 1479 1955 Euam.

1401 1968 1483 2016 189.
1510 1974 1756 2018 Pertentatque
1783 1979 1894 2004 manu
1906 1965 2074 2016 sylvas]
2111 1966 2248 2006 Melius
2267 1969 2399 2009 Palati-

1346 2018 1382 2055 ni
1406 2046 1416 2062 ,
1467 2025 1738 2068 Praetentatque
1777 2030 1889 2054 manu
1918 2017 2056 2066 sylvas.
2100 2017 2205 2056 DAN.
2243 2019 2393 2060 Hzms.

1345 2075 1618 2117 Praetentatque
1637 2081 1682 2106 ex
1705 2068 1929 2106 melioribus.
1956 2079 2048 2105 mox
2068 2069 2202 2114 etiam,
2235 2079 2396 2119 praeten-

1345 2120 1427 2155 dens
1449 2120 1619 2157 nonnulli
1642 2131 1726 2157 cum
1750 2119 1783 2155 S.
1806 2119 1923 2155 Marci
1947 2118 2088 2156 codice.
2127 2119 2198 2158 Sed
2218 2120 2395 2170 posterius

1343 2169 1434 2208 illud
1449 2181 1528 2208 non
1547 2170 1714 2208 admitto.
1745 2169 1890 2206 Hnms.
1919 2169 1962 2206 In
1985 2168 2075 2207 Ibid.
2098 2180 2185 2219 259.

1667 2220 1918 2270 Trepidumque
1939 2219 2092 2266 ministro

1397 2277 1594 2309 Praetentes
1613 2271 1732 2308 baculo
1747 2299 1755 2313 ‚
1785 2269 1929 2307 luminis
1949 2269 2069 2316 orbus,
2096 2270 2173 2308 iter.
2481 2268 2483 2316 l

1343 2321 1432 2360 Vid.
1455 2323 1617 2360 Broulzh.
1639 2323 1683 2360 ad
1706 2321 1835 2359 Tibul.
1856 2333 1902 2358 11.
1925 2334 1951 2358 1.
1974 2331 2032 2368 77.
2058 2321 2154 2359 &de
2166 2320 2390 2372 verbopra22
2478 2320 2483 2379 J

1342 2382 1477 2410 tentare
1496 2373 1581 2411 vide
1603 2372 1731 2410 Heins.
1754 2372 1797 2410 ad
1821 2371 1952 2409 Claud.
1976 2384 2024 2409 11.
2045 2373 2083 2410 in
2097 2372 2389 2420 Rufin·477-ubi,

1341 2424 1471 2462 eadem
1500 2433 1577 2461 erat
1602 2424 1770 2462 varietas.
1796 2424 1834 2461 &
1863 2422 1983 2460 Barth.
2010 2422 2057 2461 ad
2084 2422 2170 2461 Stat.
2190 2437 2236 2463 ιι.
2262 2424 2387 2465 Theb.
2431 2459 2435 2463 ,
2476 2393 2483 2458 l

1343 2475 1426 2524 369.
1452 2475 1583 2513 BURM.
2475 2473 2483 2517 l

1398 2537 1477 2573 190.
1510 2526 1706 2576 Incursat.]
1747 2523 1900 2562 Incurrit
1926 2523 2066 2563 Medic.
2096 2524 2260 2575 impulsat
2289 2526 2404 2573 Cro-j,
2473 2523 2478 2571 Ξ

1341 2588 1430 2614 nov.
1453 2577 1603 2623 occursat
1627 2577 1696 2614 Ms.
1719 2576 1854 2614 Bersm.
2428 2610 2430 2612 .
2472 2577 2477 2611 i

1397 2639 1477 2677 192.
1504 2627 1686 2678 Ulyssem]
1713 2628 1858 2675 Ulyſjen,
1879 2627 1917 2664 &
1937 2626 1954 2662 *e
1966 2625 2080 2675 sociis,
2099 2637 2176 2664 non
2193 2639 2235 2663 ex
2254 2626 2390 2676 melio-3
2414 2648 2425 2669 ,-.
2469 2622 2476 2710 Ξ

1342 2690 1409 2717 res.
1440 2679 1585 2716 Hiems.
2469 2719 2471 2723 ,

1399 2741 1478 2778 193.
1509 2736 1548 2765 Jn
1568 2728 1706 2778 quem]
1750 2735 1789 2765 ln
1808 2740 1873 2775 quo
1892 2728 2063 2766 Vatican.
2081 2725 2194 2764 Palat.
2212 2727 2409 2775 Gronov4-
2467 2724 2483 2764 ll

1343 2781 1382 2818 &
1400 2779 1581 2818 sexdecim
1602 2780 1681 2817 alii:
1705 2788 1744 2816 ut
1762 2779 1823 2817 lib.
1844 2790 1879 2815 v.
1910 2778 1990 2826 546.
2466 2768 2483 2819 lg

1396 2830 1625 2880 Nimiumque
1643 2829 1681 2865 in
1697 2830 1814 2878 pellice
1825 2828 1950 2872 saevae
2186 2859 2188 2861 .
2465 2810 2483 2877 l:

1341 2881 1415 2918 vid.
1445 2880 1490 2918 ad
1520 2880 1701 2929 Quinftil.
1733 2879 1839 2917 Decl.
1861 2890 1920 2915 xv.
1941 2878 1974 2914 6.
2002 2877 2040 2915 &
2069 2876 2161 2927 supr.
2181 2878 2226 2917 ad
2243 2879 2303 2930 lib.
2328 2885 2387 2919 urs.
2478 2907 2483 2926 ,

1343 2942 1427 2977 274.
1454 2931 1586 2968 Euam.

1398 2993 1478 3028 194.
1506 2980 1668 3017 Viventia
1689 2978 1853 3028 dextra]
1882 2978 2025 3015 vivacia
2043 2980 2383 3027 prim.Gronov.&

1341 3031 1409 3069 fec.
1432 3032 1502 3069 Pal.
1523 3032 1596 3068 hoc
1619 3030 1668 3067 est
1692 3031 1791 3067 lente
1811 3031 2020 3067 morientia.
2044 3039 2084 3067 ut
2103 3029 2161 3067 lib.
2183 3041 2253 3069 xu.
2474 3038 2476 3042 ·

1394 3081 1623 3131 Vivacemque
1642 3082 1803 3117 animam
1823 3079 1923 3127 miffis
1944 3080 2059 3116 elidite
2073 3079 2185 3128 silvis.
2471 2986 2483 3142 j

1338 3132 1397 3170 lib.
1428 3145 1518 3170 xxii.
1555 3133 1717 3168 vivacem
1746 3145 1856 3168 anum
1883 3131 1983 3168 dixit.
2021 3132 2182 3168 vivacem
2213 3130 2380 3180 Sibyllam
2455 3133 2483 3214 'ig

1338 3184 1412 3221 hoc
1431 3183 1507 3231 ipso
1525 3182 1631 3220 libro.
1662 3182 1779 3219 vivax
1791 3183 1905 3230 solum
1925 3182 1947 3219 l.
1972 3195 1999 3219 1.
2027 3181 2142 3217 vivax
2159 3194 2303 3229 gramen
2321 3182 2381 3221 lib.
2471 3180 2483 3221 ’ἓ

1338 3246 1410 3271 vn.
1439 3233 1584 3270 vivacia
1602 3232 1786 3283 sulphura,
1811 3233 2023 3270 &vivacem
2037 3245 2176 3268 cervum
2188 3231 2387 3271 lib.xx.11r.
2454 3215 2483 3296 ,t

1339 3286 1377 3323 ἃ
1400 3297 1469 3325 vu.
1499 3286 1536 3325 ἃ
1553 3283 1699 3324 vivacia
1717 3283 1854 3324 aconita
1874 3283 1959 3324 ibid.
1985 3284 2132 3322 Heius.

2479 2686 2483 2710 l

2204 3344 2286 3384 195.
2311 3335 2387 3382 Cu}
2451 3297 2483 3418 ⁵¹⁴

2450 3445 2452 3480 i
