2483 3616
224 195 329 253 91²¹

737 174 798 235 P.
872 119 1906 234 oV1D11NAsoN15

513 288 660 348 Dant
686 305 922 365 pateram
937 326 952 350 ,
988 286 1292 360 claramque
1317 303 1450 342 auro
1474 291 1808 367 gemmisque
1829 307 2122 351 coronamz

368 381 468 435 705
507 363 637 420 Inde
660 361 928 419 recordati
951 358 1202 415 Teucros
1229 361 1258 414 a
1283 359 1534 431 sanguine
1557 362 1766 420 Teucri

511 438 730 494 Ducere
753 432 1106 508 principium,
1142 431 1349 488 Creten
1377 445 1634 496 tenuere;
1674 436 1893 509 locique

516 511 677 566 Ferre
702 507 797 563 diu
820 506 1079 580 nequiere
1104 506 1318 578 Jovem.
1355 519 1685 579 centumque
1709 508 1908 564 relistis-

513 580 778 643 Urbibus,
815 579 1086 634 Ausonios
1111 590 1299 651 optant
1326 578 1644 650 contingere
1667 593 1874 651 portus.

513 653 690 710 Saevit
718 654 916 715 hiemS,
940 652 1216 724 -jac‘iatque
1240 651 1383 706 viros
1407 669 1419 705 :
1461 651 1935 725 Strophadumque
1961 671 2210 731 receptos

371 747 469 799 710
507 726 774 783 Portubus
798 725 972 780 infidis
997 723 1256 780 exterruit
1281 725 1388 779 ales
1415 725 1592 780 Aello.

517 800 589 857 Et
608 800 717 873 jam
741 798 1023 854 Dulichios
1049 809 1266 872 portuS,
1304 796 1677 873 Ithacamque,
1713 798 2051 875 Samenque,

223 1017 447 1057 invenimus.
474 1012 523 1052 est
541 1012 642 1050 enim
662 1011 710 1051 ibi
725 1024 802 1052 non
815 1012 970 1051 minima
981 1010 1113 1060 copia;
1142 1011 1182 1050 8<
1195 1011 1275 1050 col'-

221 1070 377 1119 legimus
415 1065 489 1104 uua
528 1075 613 1102 cuin
648 1065 801 1102 racemis
835 1064 972 1102 croceis
995 1090 1006 1107 ,
1054 1062 1129 1101 five
1159 1063 1273 1102 rutilis

221 1122 395 1169 (uterque
430 1116 531 1154 enim
563 1114 668 1152 color
698 1116 735 1153 in
757 1115 822 1153 illis
841 1114 904 1163 est)
925 1115 963 1152 δε
985 1113 1184 1152 collectum
1205 1115 1274 1153 do-

222 1182 331 1209 mum
350 1168 552 1207 retulimus.
582 1166 731 1204 Deinde
749 1167 877 1204 omnia
893 1194 902 1211 ,
929 1177 1025 1215 quae
1045 1166 1082 1202 in
1097 1164 1273 1204 Acantho

220 1217 549 1260 animadvertenda
580 1216 818 1261 videbantur,
857 1217 956 1265 ipse,
991 1227 1103 1266 quam
1120 1216 1275 1266 diligen-

222 1269 357 1310 tiffime
389 1269 518 1320 potui,
545 1267 733 1317 perpendi.
775 1268 924 1312 Habes,
952 1268 1015 1318 qui
1038 1278 1101 1305 me
1121 1268 1275 1317 rogasti,

222 1322 323 1362 unde
354 1332 397 1359 ea
423 1320 653 1369 collegerim.
704 1319 775 1357 Sed
798 1327 945 1368 tempus
968 1318 1043 1362 est,
1071 1326 1111 1356 ut
1128 1319 1207 1368 J'am
1230 1318 1277 1358 ad

223 1374 386 1422 epitheta
399 1399 410 1416 ,
438 1383 533 1421 quae
559 1370 580 1408 a
599 1370 719 1419 poetis
738 1370 913 1408 Acantho
933 1370 1142 1408 tribuuntur
1156 1397 1167 1414 ,
1193 1381 1277 1408 mea

224 1425 259 1463 se
288 1430 482 1462 convertat
512 1422 647 1460 oratio:
679 1433 775 1470 quae
806 1433 868 1459 me
898 1419 1095 1470 praecipue
1116 1420 1163 1459 ad
1180 1420 1276 1461 hanc

222 1486 302 1514 rem
323 1473 563 1523 impulerunt.
591 1472 768 1521 Virgilius
791 1484 819 1511 1.
839 1472 1000 1511 Aeneid.
1020 1472 1106 1520 649.

274 1549 322 1582 Et
342 1544 614 1582 circumtextum
634 1553 742 1579 croceo
764 1541 928 1579 velamen
948 1539 1127 1578 Acantho.

223 1606 343 1656 Quod
372 1606 418 1645 ad
449 1605 611 1644 fructum
638 1604 763 1643 referri
791 1604 912 1642 debet.
951 1603 1047 1642 Item
1067 1603 1158 1643 illud
1178 1603 1285 1644 Statii·

222 1658 291 1696 lib.v
318 1670 380 1697 111.
408 1657 470 1696 Sil.
497 1658 536 1695 in
564 1656 727 1695 Hercule
756 1656 917 1693 Surrent.
956 1655 1022 1692 Hic
1046 1654 1113 1692 tibi
1144 1655 1281 1693 Sidonio

225 1708 352 1758 celsum
381 1707 553 1758 pulvinar
582 1705 749 1745 Acantho
781 1706 938 1744 Texitur.
989 1705 1084 1745 Illud
1112 1706 1281 1757 ejusdem

223 1760 334 1809 Virg.
355 1772 410 1798 ιν.
438 1759 518 1797 Ecl.
538 1770 599 1796 20.

281 1822 456 1871 Mistaque
474 1821 604 1858 ridenti
625 1818 800 1869 Colocasia
810 1819 943 1866 fundet
962 1820 1146 1860 Acantho.

228 1884 349 1923 Recte
378 1885 532 1933 exponit
556 1885 723 1929 Servius,
751 1883 789 1920 id
808 1882 874 1929 est,
904 1883 1004 1921 laeto.
1057 1884 1253 1931 Quoniam
1269 1904 1282 1922 2

230 1936 317 1974 cum
347 1935 525 1978 florescit,
554 1934 796 1984 spectantibus
827 1935 1014 1982 quandam
1037 1934 1141 1973 affert
1161 1936 1284 1974 hilari-

228 1995 360 2025 tatem.
393 1986 443 2024 fic
475 1987 587 2023 etiam
621 1985 792 2024 dicuntur
819 1990 932 2021 Prata
961 1985 1081 2023 ridere.
1109 1986 1283 2034 Epitheta

227 2037 355 2074 Flexus
381 2037 421 2074 &
445 2035 565 2073 Mollis
580 2065 590 2081 ‚
618 2048 714 2086 quae
733 2036 772 2074 in
791 2035 902 2074 tribus
922 2036 976 2074 his
997 2036 1164 2086 ejusdem
1190 2041 1285 2087 poe-

230 2097 290 2127 tae
313 2087 470 2126 versibus
489 2087 590 2125 sunt:
949 2094 955 2097 ’

411 2148 476 2175 aut
493 2135 576 2187 flexi
595 2137 768 2187 tacuiffem
789 2137 913 2174 vimen
930 2137 1104 2176 Acanthi.

279 2188 350 2228 Illa
372 2201 506 2227 comam
528 2188 641 2226 mollis
655 2190 735 2236 jam
759 2198 837 2226 tum
857 2188 1019 2226 tendebat
1041 2188 1214 2228 Acanthi.

284 2245 330 2278 Et
351 2239 447 2277 molli
471 2240 598 2277 circum
621 2239 663 2287 est
686 2242 790 2287 ansas
809 2239 1002 2289 complexus
1018 2240 1198 2278 Acantho.

233 2290 327 2330 item
349 2291 436 2330 illud
458 2290 694 2329 Columellae
717 2290 780 2328 lib.
802 2302 838 2328 X.
864 2290 1007 2327 Pallida
1027 2303 1285 2342 nonnunquam

231 2354 336 2380 tortos
356 2342 524 2379 imitatur
543 2345 736 2379 Acanthos.
765 2342 804 2379 &
824 2340 914 2380 illud
935 2341 1096 2380 Ariosti:
1124 2348 1206 2379 Non
1225 2355 1285 2380 con

231 2393 290 2441 piu
314 2393 394 2430 nodi
418 2393 447 2430 il
468 2391 611 2442 fleffuofh
639 2392 817 2430 Acantho.
872 2392 919 2430 ad
947 2393 985 2431 id
1005 2393 1131 2431 referri
1151 2393 1286 2440 debet,

235 2444 337 2491 quod
354 2472 363 2488 ‚
392 2455 469 2493 quo
490 2445 571 2493 quis
596 2444 695 2488 vult,
734 2451 1005 2493 contorquetur
1019 2471 1029 2488 ,
1065 2443 1223 2482 flectitur
1242 2456 1285 2483 ac

234 2495 441 2543 porrigitur.
478 2497 571 2543 Quo
591 2494 693 2533 sensu
712 2499 840 2533 Geram
859 2493 1000 2533 mollem
1022 2493 1175 2533 venuste
1192 2495 1287 2535 dixit

236 2544 370 2583 Plinius
394 2546 542 2592 Junior:

289 2601 333 2630 Ut
353 2595 428 2631 laus
447 2595 490 2642 est
512 2608 606 2633 cerae
625 2595 762 2641 mollis,
791 2596 974 2646 cedensque
991 2596 1173 2648 fitquatur.

241 2643 337 2683 Illud
359 2646 570 2691 lemanni,
593 2647 713 2685 modo
746 2648 823 2696 ejus
846 2647 888 2685 fit
909 2646 1025 2696 elegia
1043 2647 1126 2694 illa,
1154 2648 1199 2688 ad
1220 2647 1290 2687 fio=

240 2706 309 2735 tes,
330 2696 433 2733 olent
454 2698 552 2734 enim
573 2696 712 2746 paene,
741 2707 782 2736 ut
800 2698 853 2736 illi
873 2698 1053 2747 Ligustri:

293 2751 365 2783 Nec
385 2744 491 2793 casiae
508 2747 625 2792 mitis,
655 2760 713 2784 nec
730 2748 851 2785 olentis
871 2749 994 2785 vimen
1014 2748 1188 2788 Acanthi.

238 2796 336 2836 Illud
366 2796 579 2845 Calpurnii,
617 2796 661 2834 ad
684 2798 868 2841 fru<stum‚
905 2799 993 2847 qui,
1020 2798 1104 2837 cum
1127 2808 1293 2840 maturus

239 2849 279 2886 ὅ(
299 2858 425 2885 recens
443 2846 493 2884 est
506 2874 518 2890 ‚
546 2846 729 2895 fulgorem
742 2848 929 2897 quendam
944 2874 956 2893 ,
982 2856 1174 2899 tamquam
1188 2863 1294 2889 cora-

238 2899 330 2938 lium
344 2925 355 2942 ,
384 2898 555 2935 emittere
568 2897 734 2935 viderur:

245 2970 247 2975 ·
291 2951 413 2998 §Luam
431 2947 530 2985 modb
551 2957 754 2986 cantantem
776 2948 881 2985 rutilo
895 2948 1075 2998 spargebat
1085 2950 1264 2988 Acantho.

240 3001 333 3040 illud
354 3007 541 3048 praetcrea
564 2998 734 3047 Virgilii,
761 2998 807 3036 ad
820 2999 991 3037 frondes:
1016 3004 1060 3036 Et
1073 2999 1193 3037 baccas
1198 3003 1293 3047 sem-

240 3063 297 3101 per
327 3048 528 3099 frondentis
566 3049 741 3087 Acanthi.
798 3049 896 3087 Nam
927 3050 1069 3098 semper
1104 3052 1226 3088 virent
1254 3051 1293 3088 &

233 3100 446 3151 numquam
475 3100 651 3139 arescunt.
676 3100 780 3149 quod
811 3102 924 3138 etiarn
956 3104 1069 3150 poeta
1099 3100 1293 3139 manifeste

240 3154 378 3192 indicat
407 3152 572 3201 epitheto
586 3153 717 3200 semper
740 3150 952 3199 frondentis.
980 3150 1073 3196 Sed,
1101 3163 1147 3190 an
1169 3152 1296 3190 Acan-

240 3206 323 3242 thus
342 3203 448 3241 arbor
471 3201 513 3240 fit
531 3203 569 3240 in
589 3202 768 3251 Aegypto
785 3230 794 3245 ,
823 3201 968 3241 Servius
992 3202 1127 3241 viderit
1141 3230 1150 3247 ,
1178 3214 1295 3252 quan·

242 3255 291 3291 do
314 3254 405 3291 mihi
425 3265 501 3291 non
521 3253 627 3292 licet..
666 3251 779 3291 Certe
795 3252 948 3302 quidem
970 3265 1015 3290 ex
1036 3253 1100 3291 illo
1119 3254 1293 3303 Virgilii,

244 3315 304 3343 out
320 3303 407 3355 flexi
426 3304 600 3354 tatuiffim
622 3303 746 3356 vimen
762 3301 940 3356 Acanthis
966 3305 1062 3345 &ex
1075 3303 1165 3354 illo,
1191 3304 1298 3355 quod

2267 878 2374 937 Ne-

1329 1011 1457 1062 posui,
1485 1011 1695 1059 Lactantii‘,
1722 1013 1787 1064 qui
1806 1014 1887 1058 res,
1913 1023 2012 1065 quae
2033 1014 2071 1053 in
2084 1013 2263 1066 Aegypto
2274 1017 2381 1066 sunt;

1330 1063 1522 1109 describit,
1548 1064 1717 1103 arborem
1738 1076 1816 1104 non
1837 1063 1908 1104 esse
1926 1066 2114 1115 perspicue
2134 1068 2375 1117 cognoscitur.

1330 1114 1368 1152 Si
1388 1116 1468 1165 quis
1489 1115 1647 1154 Acanthi
1663 1144 1673 1162 ,
1710 1115 1757 1154 de
1784 1128 1862 1166 quo
1882 1116 2027 1156 locutus
2046 1117 2124 1156 sum
2139 1146 2151 1163 ,
2177 1119 2380 1169 imaginem.

1329 1166 1420 1204 velit
1440 1165 1615 1216 inspicere
1630 1195 1640 1210 ‚
1668 1168 1833 1206 inveniat
1852 1167 1914 1206 lib.
1934 1179 1989 1206 vr.
2008 1179 2086 1217 cap.
2106 1181 2258 1208 cxxxxii.
2284 1170 2379 1211 Smi=

1328 1216 1415 1256 lacis
1439 1217 1582 1267 asperae
1610 1217 1863 1263 Dioscoriffls,
1892 1230 2005 1269 quarn
2035 1219 2280 1265 Matthiolus‚
2313 1224 2379 1273 qui-

1331 1267 1378 1306 de
1407 1268 1583 1307 Acantho
1611 1267 1784 1318 ambigue
1810 1269 1921 1308 verba
1951 1270 2064 1315 fecit,
2090 1270 2382 1321 imprimendam

1332 1320 1486 1358 curavit.
1514 1319 1674 1358 Ovidius
1700 1329 1826 1358 autem
1861 1327 2073 1359 Inauratum
2093 1321 2308 1361 Acanthum
2326 1323 2386 1363 di·-

1333 1371 1387 1409 xit
1411 1399 1422 1416 ,
1459 1382 1537 1409 non
1557 1370 1660 1422 quod
1674 1370 1828 1420 ⁴proprie
1854 1371 2017 1422 vereque
2037 1374 2237 1412 conveniat
2260 1374 2385 1414 Acan-

1332 1422 1399 1460 tho
1420 1422 1613 1471 epitheton
1636 1428 1828 1460 Inauratus
1842 1451 1853 1468 ,
1879 1423 1941 1462 scd
1957 1423 2060 1473 quod
2073 1423 2108 1462 in
2123 1433 2251 1463 aurato
2270 1434 2382 1465 crate-

1332 1484 1370 1511 re
1394 1472 1585 1513 Acanthus
1605 1482 1681 1512 erat
1697 1473 1905 1523 insculptus.
1932 1474 2040 1513 Haec
2059 1476 2211 1521 omnia,
2231 1474 2315 1514 curn
2335 1477 2388 1517 ita·

1333 1523 1588 1573 descripsissem
1602 1553 1612 1569 ,
1638 1525 1792 1563 Mureto
1813 1525 1964 1574 praebui
1985 1526 2153 1574 legenda.
2180 1527 2311 1577 quibus
2330 1526 2382 1567 le-

1336 1575 1401 1614 &is
1430 1576 1567 1621 censuit
1586 1588 1649 1614 me
1668 1575 1768 1614 recte
1780 1576 1962 1615 facturum
1977 1604 1987 1621 ‚
2013 1576 2039 1614 fi
2057 1578 2205 1616 fratrem
2217 1577 2386 1628 Euange-

1333 1626 1448 1665 listam
1473 1628 1749 1675 Quatrhamurn
1763 1628 2000 1677 Eugubinum
2015 1628 2152 1667 ordinis
2168 1628 2202 1667 S.
2216 1628 2390 1679 Augusti-

1334 1678 1373 1716 ni
1390 1706 1399 1722 ,
1425 1679 1484 1716 cui
1504 1680 1702 1718 hortorum
1724 1678 1928 1717 Estenfium
1948 1680 1986 1718 in
2001 1678 2095 1717 colle
2106 1680 2288 1728 Quirinali
2302 1691 2390 1720 curae

1336 1728 1529 1768 commiffa
1546 1731 1610 1775 est,
1621 1727 1873 1768 conveniffem
1887 1745 1904 1775 3
1923 1738 1964 1768 ut
1974 1730 2078 1780 super
2088 1731 2156 1769 hac
2168 1743 2206 1769 re
2218 1731 2295 1781 ejus
2307 1731 2392 1781 opi·

1337 1782 1494 1819 nionem
1507 1781 1786 1831 cognoscerem:
1805 1781 1854 1820 est
1867 1781 1965 1820 enim
1977 1782 2151 1820 omnium
2160 1781 2324 1831 stirpium
2334 1783 2395 1822 in-

1337 1831 1654 1882 telligentiffimus.
1691 1832 1843 1882 Itaque,
1871 1833 2012 1872 Mureti
2031 1833 2188 1882 probato
2211 1832 2392 1880 confilio,

1339 1895 1426 1922 eum
1456 1885 1632 1922 conveni:
1662 1882 1683 1921 ¹21
1710 1895 1787 1933 quo
1810 1883 1925 1933 petii,
1951 1883 2129 1933 quidnam
2160 1881 2248 1922 effer
2265 1883 2390 1924 Acan-

1337 1935 1444 1980 thus,
1471 1934 1518 1973 de
1545 1947 1623 1986 quo
1653 1934 1828 1984 Virgilius
1858 1934 2034 1984 loquitur.
2063 1934 2291 1983 Respondit,
2318 1933 2396 1975 effe

1338 1986 1538 2024 Smilacem
1572 1985 1745 2034 asperam:
1775 1984 1910 2023 deinde
1931 1984 2051 2023 versus
2073 1997 2207 2024 omnes
2223 1985 2394 2036 ejusdem»

1338 2041 1498 2085 poetae,
1525 2038 1563 2075 in
1593 2037 1723 2086 quibus
1744 2034 1906 2074 Acanthi
1931 2036 2076 2074 mentio
2100 2037 2171 2082 est,
2195 2038 2285 2075 item
2308 2041 2413 2076 ver-'

1337 2088 1382 2126 ba
1403 2088 1509 2132 Plinii
1529 2088 1746 2126 memoriter
1765 2085 1870 2125 dixit.
1900 2087 1932 2124 1s
1953 2085 2077 2136 postea
2091 2114 2101 2132 ,
2129 2087 2255 2137 quaea
2268 2087 2396 2127 mede.-

1337 2138 1514 2177 Acantho
1538 2139 1665 2187 scripta
1686 2146 1788 2176 erant
1802 2165 1813 2183 ,
1840 2137 1946 2176 valde
1967 2137 2148 2187 probavit.
2175 2140 2287 2187 Quae
2304 2150 2394 2187 pro-

1340 2189 1415 2228 bari
1437 2191 1550 2228 etiam
1573 2190 1741 2239 intelligo
1762 2190 1887 2239 magni
1911 2188 2075 2227 nominis
2094 2188 2180 2227 viris
2194 2216 2204 2233 ,
2230 2188 2396 2228 nostrae-

1340 2252 1415 2290 que
1446 2241 1575 2279 Italiae
1613 2241 1841 2278 ornamentis
1868 2251 1911 2278 ac
1939 2239 2140 2279 luminibus
2172 2240 2399 2286 clarifflmis,

1339 2292 1445 2330 Ulixi
1465 2291 1733 2337 Aldrovando,
1760 2291 1819 2339 Jo.
1840 2291 1989 2341 Angelo
2012 2291 2150 2341 Papio,
2177 2290 2315 2330 Carolo
2337 2291 2391 2330 Si-

1338 2343 1457 2393 gonio
1486 2344 1525 2381 &
1555 2342 1743 2391 Pompilio
1775 2342 1974 2381 Amasaeo.
2011 2341 2105 2380 Illud
2133 2341 2250 2380 testari
2271 2341 2393 2391 super-

1341 2394 1414 2439 est,
1442 2405 1614 2443 magnam
1636 2394 1796 2432 Acanthi
1816 2393 1962 2443 copiam
1986 2393 2134 2442 reperiri
2145 2394 2182 2431 in
2193 2394 2301 2432 vinea
2314 2394 2396 2432 Lu·-

1341 2445 1468 2483 dovici
1496 2445 1624 2483 Lantis
1653 2445 1701 2482 R.
1725 2456 1821 2494 quae
1853 2443 2044 2483 Aureliam
2063 2452 2211 2493 portam
2232 2445 2395 2494 attingite

1342 2497 1381 2534 &
1413 2497 1451 2534 in
1482 2496 1572 2545 agris
1603 2496 1698 2534 circa
1716 2495 1883 2540 Urbem,
1910 2496 1950 2533 &
1979 2494 2131 2545 quidem
2154 2496 2230 2533 fere
2253 2495 2395 2545 paffim.

1342 2547 1391 2585 Et
1411 2546 1432 2585 a
1455 2546 1617 2585 Nicolao
1649 2547 1687 2585 &
1709 2546 1852 2585 Cosmo
1874 2546 2041 2596 Angeliis
2058 2546 2224 2596 Bargaeis
2238 2574 2249 2591 ,
2274 2546 2389 2585 fratri-

1344 2598 1434 2643 bus,
1459 2598 1546 2637 viris
1575 2597 1728 2647 optimis
1748 2598 1787 2636 &
1804 2598 1940 2637 horum
1963 2596 2168 2636 studiorum
2186 2597 2395 2647 intelligen-

1345 2649 1395 2687 tia
1414 2648 1560 2688 summe
1577 2649 1737 2694 ornatis,
1757 2649 1924 2699 jurisque
1944 2648 2058 2687 civilis
2079 2647 2226 2686 scientia
2248 2647 2389 2686 clariffr-

1345 2700 1416 2738 mis
1431 2728 1441 2746 ,
1471 2701 1510 2738 &
1531 2700 1692 2748 patronis
1712 2700 1750 2737 in
1768 2699 1872 2738 Urbe
1893 2698 2114 2750 aequiffimis
2125 2709 2168 2736 ac
2182 2698 2399 2738 certiffimis..

1345 2750 1443 2789 Item
1467 2752 1505 2788 in
1532 2750 1647 2788 hortis
1667 2749 1868 2788 Cardinalis
1885 2748 2059 2794 Estenfis,
2085 2760 2247 2798 quorum
2270 2749 2392 2798 proxi-

1348 2802 1410 2839 me
1430 2801 1523 2839 faita
1548 2800 1597 2838 est
1619 2802 1776 2840 mentio.
1819 2800 1890 2838 Sed
1913 2802 1952 2838 &
1969 2800 2184 2838 Acanthum
2204 2800 2242 2838 in
2261 2800 2397 2839 iisdem·

1347 2853 1463 2890 hortis
1480 2850 1638 2900 inspexit
1658 2852 1714 2890 vir
1733 2851 1900 2900 singulari
1917 2851 2169 2894 humanitate,
2196 2849 2394 2889 &nobilis-

1348 2902 1443 2940 fimo
1476 2903 1571 2940 inter
1597 2902 1680 2940 suos
1705 2901 1794 2940 loco
1817 2909 1922 2938 natus
1949 2901 2112 2948 Joannes
2140 2901 2396 2951 Leguiflamus

1350 2953 1556 3001 Hispanus,
1584 2951 1669 2990 cum
1693 2950 1741 2989 eo
1763 2951 1858 2989 forte
1879 2949 2045 2990 veniffet:
2064 2953 2200 2991 &curn
2219 2963 2266 2989 eo
2283 2951 2395 2989 nobi-

1346 3003 1397 3040 les
1419 3004 1510 3047 viri,
1540 3003 1578 3040 &
1601 3002 1646 3039 ab
1663 3002 1717 3040 his
1738 3001 1941 3040 studiorum
1965 3003 2157 3052 generibus
2174 3013 2251 3040 non
2261 3000 2394 3039 abhor-

1347 3062 1489 3098 rentes,
1518 3053 1723 3101 municipes
1745 3052 1844 3097 mei,
1873 3052 2048 3092 Ascanius
2059 3048 2309 3102 Capograffus,
2326 3051 2400 3100 10--

1348 3103 1476 3151 sephus
1507 3104 1656 3142 Rubeus
1693 3105 1731 3141 ὅτ
1760 3103 1965 3142 Franciscus
1994 3104 2182 3143 Ernaldus.
2220 3102 2393 3141 Cmrau.

1350 3154 1482 3192 Multis
1521 3154 1567 3192 de
1600 3155 1773 3193 Acantho
1804 3155 1842 3193 in
1865 3155 2035 3194 plinianis
2064 3153 2403 3193 Exercitationibusv

1351 3206 1425 3254 agit
1447 3205 1589 3243 Salmas.
1611 3205 1687 3243 vid.
1703 3217 1784 3255 pag.
1804 3216 1886 3255 375.
1907 3207 1946 3245 ὅ(
1966 3206 2038 3256 seq.
2051 3206 2088 3244 ὃ(
2102 3203 2398 3249 alibi..&de1-10:

1350 3268 1456 3295 mon.
1477 3256 1595 3305 Hyles
1616 3256 1769 3294 Iatricae
1787 3268 1865 3305 cap.
1887 3269 1932 3295 ir.

1406 3318 1491 3357 704.
1518 3306 1772 3359 claramque]
1800 3308 1970 3359 claroque
1989 3305 2166 3362 Leidenfi

2203 3355 2286 3407 706.
2312 3355 2397 3403 Cre:⁸
2413 3385 2415 3387 .
