2483 3616
748 160 807 216 P.
880 148 1301 213 OVIDII

272 158 374 225 505

1373 152 1901 210 NASONIS

566 255 801 312 Munera
825 272 947 310 cum
973 251 1179 324 liquido
1203 250 1420 321 capiunt
1446 252 1687 309 Cerealia
1710 253 1944 309 BacchO.

390 372 392 376 ,
430 331 534 397 640
570 330 720 384 Tum
746 330 861 400 pius
888 323 1146 380 Anchises
1175 341 1186 376 :
1227 322 1280 376 O
1308 322 1512 376 Phoebi
1536 326 1668 380 leeoe
1692 327 1966 391 sacerdOS,

570 402 741 457 Fauor
766 402 782 451 ?
820 417 886 452 an
912 397 965 451 ἃ
991 410 1205 459 natum,
1240 411 1366 449 cum
1389 395 1621 466 primum
1646 397 2013 454 haec·moenia
2039 399 2180 465 vidi,

572 475 769 546 Bisque
795 471 922 525 duas
949 483 1123 534 natas,
1163 481 1423 540 quantum
1452 467 1792 530 reminiscor,
1827 471 2101 541 habebas?

568 545 720 601 Huic
747 544 916 598 Anius
941 543 1107 596 niveis
1135 539 1463 595 circumdata
1488 552 1732 610 tempora
1755 540 1901 595 vittis

571 617 904 671 Concutiens
945 615 999 668 &
1026 613 1180 668 tristis
1218 613 1289 665 ait
1315 630 1326 665 ;

1366 612 1492 666 Non
1517 611 1707 665 falleris
1722 651 1737 675 ,
1780 611 1964 667 Heros

428 696 527 760 645
568 690 810 745 Maxime
837 708 847 743 :
890 701 1139 742 natorum
1167 684 1339 739 vidisti
1363 685 1604 756 quinque
1629 698 1924 755 parentem.

568 764 750 835 Quem
777 779 919 816 nune
947 764 1114 830 (tanta
1138 758 1381 812 homines
1407 775 1585 811 rerum
1614 757 1962 811 inconstantia
1991 759 2183 827 versat)

575 838 721 892 Pene
749 835 895 889 vides
923 832 1130 886 orbum.
1171 830 1303 903 quid
1329 831 1473 884 enim
1498 829 1628 884 mihi
1653 830 1789 884 filius
1818 830 1997 884 absens

565 908 770 964 Auxilii
801 908 816 959 ?
858 923 1021 977 quem
1048 904 1188 959 dieta
1210 903 1304 958 suo
1331 903 1398 956 de
1423 903 1642 956 nomine
1668 903 1819 957 tellus

566 980 788 1035 Andros
813 979 998 1040 habet,
1038 994 1136 1048 pro
1159 989 1310 1048 patre
1338 977 1630 1047 locumque
1657 975 1714 1028 &
1742 993 1905 1047 regna
1932 988 2224 1032 tenentem.

422 1060 525 1114 650
564 1053 751 1107 Delius
777 1051 1059 1123 augurium
1083 1049 1234 1103 dedit
1262 1047 1386 1102 huic
1416 1066 1426 1101 :
1469 1047 1620 1101 dedit
1648 1049 1812 1103 altera
1840 1047 2010 1104 Liber

564 1124 851 1180 Femineae
876 1123 1004 1176 sorti
1029 1134 1160 1176 voto
1186 1121 1384 1192 majora
1408 1119 1626 1192 fideque

565 1199 798 1254 Munera
823 1215 835 1250 ε
875 1213 996 1250 nam
1023 1193 1166 1248 ta6³cu
1190 1208 1434 1248 natarum
1462 1193 1652 1247 cun6ta
1675 1212 1916 1250 mearum

561 1272 618 1325 In
640 1271 906 1341 segetem,
943 1268 1263 1340 laticemque
1288 1266 1450 1329 meri,
1489 1265 1817 1340 baccamque
1847 1268 2130 1322 Minervae

564 1342 1109 1399 Transformabantur
1134 1359 1145 1394 :
1187 1339 1444 1411 divesque
1470 1351 1581 1393 erat
1604 1341 1723 1395 usus
1749 1341 1804 1394 in
1828 1341 1941 1395 illiS.

420 1424 479 1490 65
492 1437 520 1486 5
561 1415 692 1470 Hoc
721 1416 812 1468 ubi
835 1414 1091 1486 cognovit
1114 1412 1316 1483 Trojae
1341 1412 1626 1484 populator
1651 1412 1899 1476 Atrides,

571 1489 677 1559 (Ne
705 1506 815 1543 non
842 1506 909 1542 ex
938 1487 1111 1560 aliqua
1140 1485 1363 1541 vestram
1388 1483 1590 1539 sensisse
1617 1486 1907 1561 procellam

325 1705 411 1753 637.
440 1703 548 1743 Fibris
576 1704 616 1741 de
636 1717 726 1741 more
745 1702 949 1752 crematis.]
979 1702 1023 1740 In
1041 1712 1118 1740 uno
1137 1712 1225 1740 meo
1239 1730 1249 1747 ,
1277 1703 1319 1740 de

275 1767 366 1790 more
390 1756 527 1803 reseHis.
557 1756 724 1793 CioFAN.
753 1754 881 1791 Litatis
904 1754 1005 1792 Bafil.
1026 1753 1064 1790 &
1083 1753 1159 1790 duo
1182 1753 1257 1796 alii,
1278 1762 1320 1792 ut

275 1804 438 1843 libarunt
450 1807 503 1854 56.
518 1807 627 1843 Sacris
635 1819 676 1843 ex
688 1818 778 1842 more
791 1804 915 1841 litatis.
928 1805 1012 1841 vide
1022 1803 1066 1841 ad
1080 1803 1320 1853 V1.Fast.629.

249 1893 265 1905 ⁶
325 1857 408 1904 638.
440 1855 929 1906 Pofitisquetapetibusaltis.]
959 1852 1126 1905 Pofiiique
1139 1854 1319 1894 cumssar-

274 1905 387 1943 berin.
410 1907 448 1944 ὅ(
468 1920 543 1945 uno
565 1919 665 1944 meo.
686 1915 725 1944 ut
747 1907 813 1954 Ep.
835 1917 911 1943 xix.
936 1905 1016 1952 158.

321 1962 508 1994 Ponuntur
530 1958 640 1996 medio
662 1971 722 1994 cur
742 1969 818 1994 mea
839 1956 995 1994 membra
1013 1967 1081 1993 toro
1094 1965 1110 1994 ?

267 2007 415 2045 Hiems.
443 2008 530 2046 Vid.
548 2009 610 2046 lib.
632 2021 662 2045 1.
683 2008 763 2044 Art.
782 2018 867 2056 231.

321 2059 404 2104 640.
435 2064 524 2095 Tum
548 2059 664 2108 [κὶα]
695 2064 790 2095 Tunc
804 2068 907 2107 pater
928 2058 1097 2096 Leidens.
1121 2068 1204 2096 tunc
1220 2058 1319 2108 prius

267 2118 439 2158 quatuor.

319 2161 402 2206 642.
429 2160 553 2210 Bisque
573 2159 697 2208 duan]
727 2161 804 2198 Has
827 2161 1079 2208 Oenotropas,
1100 2159 1136 2196 id
1160 2159 1230 2204 est,
1261 2162 1316 2198 vi-

266 2211 304 2248 ni
318 2213 543 2255 mutatrices,
568 2213 769 2260 Stephanus
784 2213 1061 2260 cognominatas
1073 2210 1233 2255 testatur,
1249 2223 1312 2248 cu-

260 2262 322 2309 jus
345 2263 453 2299 etiam
467 2271 605 2310 patrem
621 2263 808 2300 Ananium
826 2290 835 2306 ‚
863 2262 898 2299 id
911 2262 959 2299 est
970 2269 1188 2299 renovatum
1204 2289 1213 2305 ,
1244 2273 1313 2298 vo-

265 2321 335 2350 cat.
363 2314 540 2362 quoniam
571 2318 628 2357 (ut
649 2314 756 2361 puto)
786 2325 869 2350 cum
893 2324 959 2361 pro
985 2320 1136 2349 mortuo
1159 2312 1268 2349 fuerit
1289 2311 1309 2349 a

264 2372 382 2401 matre
403 2363 437 2400 in
463 2364 643 2412 Apollinis
667 2375 724 2401 ara
738 2363 929 2401 dereliitus
943 2391 953 2408 ,
981 2363 1024 2400 ab
1038 2374 1084 2400 eo
1098 2363 1206 2400 fuerit
1220 2363 1309 2400 edu-

264 2422 387 2457 catus,
417 2425 458 2451 ac
478 2415 593 2452 veluti
614 2422 806 2452 revocatus
828 2414 871 2452 ad
892 2415 1020 2451 vitam.
1050 2413 1309 2451 Cousr.FAN.

266 2462 329 2500 De
351 2465 449 2501 Anio
472 2465 508 2501 ὃς
530 2466 606 2514 ejus
626 2465 763 2502 filiabus
782 2474 934 2514 totaque
947 2466 1016 2502 hac
1028 2464 1146 2501 fabula
1165 2464 1309 2502 Codrus

266 2515 456 2551 annotavit
480 2517 598 2563 primo
619 2517 842 2553 Sermonum
863 2517 899 2553 in
912 2517 1010 2553 hunc
1023 2515 1192 2552 modum.
1220 2515 1310 2553 Bac-

263 2564 349 2606 chi,
379 2566 520 2613 inquit,
551 2566 740 2614 Staphylus
759 2567 850 2610 fuit,
879 2566 1042 2615 Staphyli
1069 2565 1141 2603 filia
1161 2567 1308 2604 Rhoeo.

265 2612 377 2650 Hanc
399 2616 541 2652 vitiavit
566 2617 703 2663 Apollo
718 2645 726 2659 ‚
756 2617 859 2665 quod
880 2629 965 2654 cum
983 2614 1309 2665 resciviffetApol·

263 2663 304 2701 lo
317 2691 326 2705 ‚
355 2674 612 2711 praegnantem
635 2666 756 2703 clausit
776 2668 812 2704 in
833 2679 950 2705 arcam
964 2696 974 2711 ‚
1005 2668 1042 2704 ὅ(
1061 2668 1096 2704 in
1110 2679 1208 2705 mare
1220 2680 1306 2716 pro-

261 2714 365 2761 jecit.
395 2713 454 2749 Illa
474 2715 508 2750 in
530 2716 720 2753 Euboeam
744 2719 868 2759 venit,
898 2719 935 2754 ὅς
962 2719 996 2754 in
1011 2717 1179 2766 quodum
1196 2725 1302 2755 antro

264 2775 420 2811 puerum
436 2766 595 2810 peperit,
624 2778 734 2813 quem
757 2768 896 2803 Anium
911 2768 1078 2804 atristitia
1093 2796 1102 2811 ‚
1130 2780 1244 2816 quem
1256 2769 1303 2805 de

265 2826 314 2851 eo
340 2813 558 2861 susceperat,
588 2817 748 2852 vocavit.
802 2817 916 2853 Hunc
937 2817 1057 2864 postea
1070 2818 1209 2864 Apollo
1222 2820 1304 2856 tulit

261 2865 303 2903 jn
334 2864 495 2907 Delum,
524 2866 585 2912 qui
619 2865 800 2911 Dorispen
830 2878 986 2902 uxorem
1014 2867 1149 2904 ducens
1177 2869 1304 2915 genuit

262 2914 373 2959 Οἷυώ,
401 2917 552 2958 Σπερμὼ
573 2915 610 2951 ὃς
640 2914 794 2952 Emissa.
823 2916 952 2963 quibus
976 2917 1133 2953 Bacchus
1155 2919 1305 2955 conces-

261 2963 306 3002 fit
326 2992 336 3007 ‚
373 2974 413 3003 ut
427 2994 436 3008 ,
455 2966 748 3014 quotiescunque
769 2966 905 3002 vellent
920 2992 929 3007 ‚
958 2967 1086 3003 vinum
1111 2967 1246 3004 semina
1266 2969 1305 3004 ὃς

262 3014 390 3053 oleum
411 3016 607 3054 sumerent.
661 3016 728 3053 Eas
753 3016 983 3064 Lycophron
1006 3017 1201 3063 appellavit
1223 3016 1305 3053 οἶνο-

262 3067 424 3109 τρέπευς.
449 3067 675 3115 Pherecydes
699 3075 821 3104 autem
846 3066 958 3110 dicit,
986 3066 1087 3114 quod
1098 3067 1214 3104 Anius
1228 3068 1306 3105 sua-

260 3115 304 3153 sit
332 3117 503 3160 Graecis,
545 3125 583 3154 ut
610 3119 731 3154 secum
766 3128 905 3153 novem
938 3128 1053 3153 annos
1083 3128 1275 3155 manerent
1295 3146 1305 3161 ‚

261 3165 423 3216 filiasque
445 3168 519 3205 suas
540 3169 740 3205 exercitum
762 3168 909 3204 illorum
929 3168 1135 3205 nutrituras.
1161 3168 1219 3205 sed
1244 3169 1304 3208 alii

261 3216 387 3254 dicunt
425 3230 445 3255 a
478 3218 671 3256 Palamede
701 3218 780 3256 illos
815 3217 985 3255 abduezas
1023 3218 1068 3255 ad
1099 3220 1302 3258 exercitum

260 3266 502 3317 Graecorum,
523 3270 622 3310 fame
633 3269 860 3322 laborantem
872 3296 884 3317 ,
913 3269 1002 3310 &in
1015 3269 1189 3317 Rhoeteo
1200 3282 1305 3322 exet-⁴

2309 1565 2419 1625 Nos

1374 1702 1488 1741 citum
1517 1701 1591 1740 illas
1621 1698 1781 1751 pavisse3
1809 1700 1909 1740 unde
1940 1700 1978 1739 &
1997 1701 2213 1742 Rhoeteum
2235 1703 2350 1753 ipsum
2369 1705 2439 1746 dis·

1376 1753 1504 1797 emm,
1532 1755 1712 1802 quoniam
1744 1754 1827 1790 illae
1860 1756 1924 1795 τῆς
1959 1751 2078 1797 Ρ“οῖους
2110 1763 2238 1803 neptes
2269 1755 2421 1796 fuiffenr.

1376 1805 1556 1842 Micrm..
1584 1804 1676 1842 Vid.
1698 1804 1799 1842 Diet.
1821 1804 1981 1842 Cretens.
2005 1805 2065 1842 lib.
2086 1816 2112 1841 1.
2143 1817 2219 1854 cap.
2240 1806 2302 1844 ult.
2325 1807 2418 1846 &ibi

1377 1863 1706 1893 commentatores.
1732 1855 1836 1892 locus
1863 1867 1954 1892 vero
1976 1855 2179 1893 Scholiastis
2199 1857 2419 1906 Lycophro-

1373 1907 1428 1943 nis
1448 1907 1496 1944 est
1514 1906 1559 1944 ad
1575 1906 1629 1949 iss.
1655 1917 1738 1954 570.
1766 1906 1912 1943 malein
1933 1905 2148 1954 quibusdam
2174 1918 2193 1944 a
2217 1907 2346 1946 Codro
2364 1908 2421 1948 vel

1372 1958 1532 2006 Micyllo
1558 1957 1690 1994 versuS.
1716 1968 1795 1994 non
1814 1956 1914 1993 enim
1928 1956 2067 2004 Apollo
2082 1984 2092 2000 ‚
2119 1956 2179 1994 sed
2203 1957 2418 2008 Staphylus,

1373 2008 1510 2046 Rhoeo
1542 2007 1686 2044 inclusit
1715 2017 1817 2044 arcae
1840 2033 1850 2049 ‚
1900 2007 1938 2044 ὃς
1966 2007 2134 2055 Dorippe
2162 2007 2294 2046 dicitur
2324 2022 2417 2048 uxor

1371 2059 1487 2104 Anii,
1516 2070 1593 2095 non
1606 2058 1776 2106 Dorispe.
1806 2057 1890 2094 vide
1902 2057 2365 2105 pluraapudMunckerum
2379 2062 2419 2098 in

1372 2117 1591 2158 argumento
1610 2109 1717 2156 hujus
1742 2107 1897 2145 fabulae.
1925 2107 2057 2146 Bunm.

1422 2161 1506 2209 643.
1536 2165 1697 2208 Tempora
1720 2157 1860 2208 vittis.]
1893 2157 2015 2195 Vitreis
2036 2171 2063 2196 c.
2080 2168 2103 2196 t.
2126 2159 2228 2196 vittis
2245 2159 2418 2198 Ramm-

1370 2210 1464 2247 latus
1483 2219 1633 2258 tempora
1656 2208 1795 2247 Medic.
1814 2218 1965 2257 tempora
1987 2209 2081 2245 canis
2094 2210 2325 2248 Palat.1ec.in
2339 2224 2415 2251 uno

1367 2271 1443 2299 erat
1463 2262 1574 2299 metis.
1603 2262 1698 2298 forte
1720 2271 1786 2307 pro
1806 2260 1932 2297 mitris.
1960 2260 2008 2297 ita
2021 2260 2116 2307 apud
2131 2261 2318 2300 Lucan.V.
2334 2274 2414 2309 ¹70·

1419 2313 1519 2349 Colla
1532 2314 1669 2358 serens,
1697 2310 1878 2361 vittasque
1891 2310 1975 2355 Dei,
2003 2310 2331 2362 Phaebeaqueserta
2343 2326 2412 2353 eye.
2481 2337 2483 2365 .'

1365 2365 1403 2401 in
1424 2375 1500 2401 uno
1521 2361 1791 2410 l-Iamburgensi
1805 2361 1933 2399 codice
1947 2369 2021 2399 erat
2035 2390 2044 2402 ‚
2074 2362 2265 2413 mitrasque
2277 2363 2353 2402 Dei.
2371 2366 2409 2403 &

1366 2414 1496 2452 eadem
1520 2412 2407 2460 varietasinfr.xiv.654.111.Fast.669.1v.Trist.
2480 2418 2483 2436 ³

1367 2478 1418 2503 JV.
1441 2465 1499 2511 78.
1521 2466 1558 2502 δέ
1579 2465 1674 2502 alibi.
1702 2463 1761 2501 sed
1784 2463 1955 2499 candidae
1973 2463 2088 2501 vittae
2107 2463 2334 2502 sacerdotum
2353 2466 2408 2504 in·
2479 2488 2481 2496 ι

1365 2516 1491 2564 fignia,
1511 2524 1552 2553 ut
1571 2516 1683 2564 vulgo
1705 2514 1937 2553 notum.vid.
1950 2514 2067 2552 Barth.
2080 2513 2125 2553 ad
2137 2514 2406 2555 Stat.11.Theb.

1367 2567 1450 2616 738.
1472 2568 1510 2604 &
1530 2566 1613 2603 alibi
1653 2566 1784 2603 BURM.
2478 2568 2480 2575 '

1416 2619 1499 2664 646.
1529 2622 1644 2653 Tanta
1668 2615 1856 2666 homines]
1889 2616 2071 2654 Hominem
2084 2616 2407 2667 quatuor.homim's
2476 2622 2478 2624 ’

1364 2681 1480 2705 rerum
1511 2668 1579 2705 inc.
1603 2667 1703 2716 versa
1725 2667 1778 2714 est.
1806 2679 1873 2716 pro
1897 2667 2014 2716 versat
2036 2676 2130 2712 tres,
2149 2667 2289 2716 servat.
2309 2667 2408 2708 Bafil.
2475 2677 2478 2723 f

1365 2730 1487 2756 vexat.
2474 2738 2476 2747 ¹

1412 2771 1495 2815 647.
1524 2769 1623 2805 Vides
1643 2767 1773 2805 orbum.
1791 2766 1806 2816 ]
1836 2768 1935 2805 Vides
1955 2767 2107 2806 viduum
2126 2767 2217 2811 liber
2238 2769 2341 2808 Sixii.
2474 2805 2475 2814 ,

1410 2822 1492 2864 647.
1522 2820 1627 2866 Qod
1642 2819 1734 2855 enim
1756 2819 1799 2865 est
1820 2819 1909 2855 mihi
1923 2817 2018 2866 filius
2030 2818 2147 2867 absens
2161 2819 2402 2869 Auxilium?]
2472 2820 2475 2853 ἶ

1362 2870 1462 2918 Qid
1494 2871 1586 2906 enim
1613 2869 1794 2906 nonnulli.
1832 2870 1934 2916 Lege
1972 2880 2056 2906 cum
2090 2870 2295 2909 Oxoniens.
2320 2867 2406 2920 quid
2471 2879 2473 2926 4

1361 2922 1452 2957 enim
1471 2919 1612 2956 auxilii.
1640 2920 1783 2955 Hiems.
1810 2918 1864 2955 Ita
1881 2946 1891 2962 ,
1924 2919 2023 2965 §Quid
2044 2921 2185 2958 animi?
2206 2934 2231 2957 1.
2259 2921 2341 2968 358.

1414 2971 1497 3017 649·
1524 2976 1590 3005 Pro
1607 2978 1706 3017 patre
1725 2968 1902 3016 locumque
1920 2981 2078 3018 &regna
2101 2970 2300 3019 tenentem]
2321 2971 2404 3008 Nu-

1362 3022 1455 3057 meri
1475 3020 1553 3056 satis
1572 3019 1749 3056 evincunt
1769 3019 1860 3056 nihil
1881 3020 1940 3056 hic
1952 3021 2201 3059 Nasonianum
2215 3018 2296 3056 esse.
2311 3021 2404 3058 Scri-

1362 3070 1407 3106 be
1420 3097 1429 3112 ,
1459 3069 1542 3105 locos
1560 3080 1602 3108 <9¹
1622 3083 1726 3118 regna
1744 3080 1929 3109 tenentem.
1955 3081 1997 3109 ut
2016 3072 2113 3121 apud
2132 3071 2211 3108 Val.
2229 3069 2401 3110 Flaccum

1360 3119 1452 3158 libro
1476 3132 1511 3157 v.
1539 3121 1625 3168 685.

1512 3171 1690 3220 Vicft'orque
1708 3172 1823 3209 domos
1842 3183 1886 3212 ey
1906 3186 2008 3222 regna
2028 3170 2165 3209 tenebit.

1361 3229 1551 3259 exaratum
1581 3231 1655 3260 erat
1685 3222 1810 3272 loquos.
1847 3225 1934 3262 hinc
1963 3231 2066 3261 natus
2097 3222 2144 3260 est
2175 3234 2286 3261 error.
2323 3224 2400 3274 ejus
2465 3231 2467 3256 :

1358 3273 1552 3327 scripturae
1581 3273 1731 3325 yestigia
1757 3275 1796 3314 in
1825 3273 2046 3326 membranis
2070 3274 2254 3313 nonnullis
2274 3275 2402 3313 etiam·

2311 3335 2400 3364 uum
2464 3337 2465 3343 ¹
