2483 3616
301 194 1545 262 METAMORPHOSEON
1619 201 1762 260 LIB.
1826 207 2004 268 XIV.
2084 208 2215 278 100‘3

356 319 674 376 Decet-tare,
711 312 914 384 placet;
956 311 1288 387 Tatiumque
1312 318 1571 372 accedere
1597 335 1782 389 regno,

218 392 318 460 805
356 391 645 446 Occiderat
669 385 889 448 Tatius,
928 388 1243 459 populisque
1267 403 1487 462 aequata
1511 390 1747 455 duobu8‚

359 461 623 523 Romule,
655 458 768 530 jura
795 459 950 513 dabas
977 478 987 512 ε
1029 460 1195 529 posit-'21
1223 478 1346 513 cum
1371 462 1565 516 caffide
1596 463 1815 518 Mavors

361 534 583 588 Talibus
609 533 817 587 adfatur
844 532 1155 604 Divumque
1179 532 1567 605 hominumque
1594 550 1893 606 parentem:

358 606 601 678 Tempus
628 605 802 668 adest,
838 604 1078 675 genitor,
1118 605 1394 677 (quoniam
1419 604 1727 662 fundamine
1758 627 1952 682 magno

360 679 474 734 Res
500 681 747 733 Romana
771 680 936 740 valet,
976 694 1075 730 nec
1100 678 1336 749 praefide
1361 678 1562 749 pendet
1587 679 1649 731 ab
1676 685 1809 748 uno)

219 752 317 806 810
355 752 631 814 Praemia,
662 768 802 822 quae
828 748 1074 820 promissa
1100 749 1230 803 mihi
1259 749 1535 822 dignoque
1565 753 1780 823 nepoti,

363 826 609 887 Solvere,
647 824 702 876 δε
728 822 957 876 ablatum
985 822 1137 875 terris
1159 822 1438 894 imponere
1464 824 1633 878 coelo,

359 899 453 952 Tu
478 896 607 950 mihi
633 895 864 949 concilio
890 893 1165 965 quondam
1190 896 1462 966 praesente
1489 895 1734 951 Deorum

359 971 522 1040 (Nam
548 984 792 1022 memoro
809 1003 824 1028 ,
861 967 1197 1038 memorique
1224 967 1401 1021 animo
1427 968 1510 1038 pia
1538 969 1695 1024 verba
1724 970 1927 1037 notavi)

357 1043 510 1097 Unus
537 1042 663 1099 erit,
703 1057 864 1111 quem
891 1052 949 1091 tu
979 1038 1128 1091 tolles
1155 1039 1207 1093 in
1237 1041 1442 1095 caerula
1468 1042 1635 1106 coeli;

219 1117 315 1185 815
354 1113 563 1171 Dixisti.
602 1126 711 1167 rata
739 1111 798 1165 fit
825 1111 1112 1164 verborum
1138 1111 1338 1166 summa
1364 1126 1596 1168 tuorum.

360 1186 570 1242 Adnuit
597 1184 937 1255 omnipotens
967 1202 978 1236 :
1021 1183 1077 1235 δε
1103 1183 1328 1238 nubibus
1355 1190 1473 1239 ae'ra
1499 1187 1668 1240 caecis

363 1258 619 1314 Occuluit
637 1297 653 1321 ,
694 1257 1006 1328 tonitruque
1033 1255 1088 1308 δε
1115 1256 1322 1327 fulgure
1347 1259 1535 1312 terruit
1560 1258 1777 1315 Urbem.

362 1332 520 1404 Quae
547 1330 639 1384 sibi
661 1327 938 1402 promissae
964 1327 1114 1382 sensit
1142 1328 1261 1382 data
1287 1329 1425 1400 signa
1454 1331 1692 1400 rapinae,

359 1404 681 1476 Innixusque
705 1401 907 1466 hastae,
945 1399 1143 1472 pressos
1170 1414 1390 1458 temone
1421 1417 1647 1458 cruento

1975 1479 2076 1533 820
2114 1479 2216 1535 lm-

127 1620 212 1659 810.
238 1615 400 1656 Praemia
416 1616 496 1665 jam
513 1614 672 1665 promiffiz
692 1613 837 1671 mihi.)
857 1619 946 1651 Sunt
961 1611 1119 1663 promissa
1175 1614 1282 1652 Haec
1300 1613 1381 1655 sunt
1400 1615 1508 1655 verba
1524 1644 1533 1660 ‚
1561 1627 1655 1666 quae
1674 1615 1720 1655 de
1742 1616 1925 1661 Romulo,
1941 1617 2034 1655 inter
2046 1618 2150 1656 Deos
2164 1618 2221 1656 re-'

77 1670 114 1709 S.
133 1670 252 1708 Marci
279 1671 317 1706 ὅτ
341 1667 497 1715 Neapol.
524 1668 632 1715 prim.
652 1667 763 1704 Palat.
788 1677 893 1715 prim.
913 1665 1119 1713 Hamburg.
1175 1665 1352 1711 ferendo,
1375 1668 1537 1716 Juppiter
1558 1668 1696 1705 dixerat
1721 1668 1846 1705 Marti.
1889 1669 1978 1705 Hoc
1997 1676 2120 1706 autem
2147 1680 2224 1705 car=

75 1721 256 1759 Arondel.
286 1721 324 1757 &
355 1727 424 1756 tres
451 1715 610 1766 aliifint
635 1717 765 1754 Urbin.
789 1716 896 1764 prim.
918 1715 1052 1753 Erfurt.
1081 1717 1120 1752 &
1177 1728 1264 1754 men
1292 1719 1455 1763 paullum
1483 1720 1721 1756 immutatum
1745 1719 1928 1767 (quamvis
1950 1720 1985 1756 in
2005 1719 2095 1756 libro
2117 1719 2224 1755 Fam..

74 1783 169 1809 unus
191 1770 329 1808 Medic.
353 1781 446 1805 nunc
466 1768 682 1817 Bernegger.
702 1767 852 1805 Thuan.
874 1767 1121 1814 Oxon.prim.
1178 1768 1215 1804 &
1237 1767 1354 1806 Brian.
1380 1769 1422 1808 fit
1442 1769 1479 1807 in
1503 1769 1656 1816 caerula)
1681 1782 1726 1807 ex
1750 1770 1873 1807 Ennio
1886 1778 2073 1808 mutuatus
2084 1769 2227 1813 est,cu·z

3 1862 6 1863 ⁷
78 1821 250 1859 Gronov.
283 1823 320 1858 &
351 1831 466 1856 xvnr.
497 1820 568 1857 alii.
600 1832 687 1867 quae
714 1818 790 1856 duo
821 1817 1002 1854 Voffiani.
1029 1827 1122 1855 unus
1172 1818 1232 1867 jus
1251 1818 1350 1857 sunt:

78 1873 218 1911 Mores.
241 1873 278 1909 ἃ
303 1871 389 1908 alter
411 1871 616 1917 Hamburg.
634 1869 732 1907 rcere
759 1867 826 1906 nisi
846 1869 985 1912 mavis,
1230 1874 1324 1907 Unus
1345 1869 1432 1915 erit,
1459 1883 1562 1921 quem
1583 1881 1623 1908 tu
1643 1870 1739 1908 tolles
1757 1871 1795 1908 in
1816 1870 1953 1907 caerula
1972 1868 2056 1906 caeli

130 1923 358 1971 Praemiaque
371 1921 529 1970 promissa
549 1919 648 1957 mihi.
676 1921 822 1957 Hfixns.
1231 1921 1384 1970 Templa.

136 1973 222 2010 810.
249 1973 427 2021 Dignaque
460 1969 611 2019 nepoti.]
662 1971 830 2008 Romulo
853 1998 862 2014 ,
908 1969 984 2007 filio
1024 1981 1125 2007 meo.
1177 1972 1387 2010 Annotavit
1408 1973 1447 2010 δε
1466 1972 1540 2010 hoc
1561 1972 1786 2010 doffiffimus
1809 1970 2007 2009 Turnebus
2029 1971 2067 2008 in
2087 1970 2228 2008 Varross

85 2023 177 2071 Quo
195 2022 312 2059 modo
341 2022 522 2059 Romulus
551 2027 625 2057 erar
647 2021 749 2067 Jovis
786 2032 902 2068 nepos
931 2021 1024 2058 ratio
1053 2020 1122 2064 est,
1177 2035 1264 2061 nem
1298 2023 1343 2061 de
1377 2024 1521 2071 Lingua
1545 2024 1690 2060 Latina.
1731 2022 1875 2060 Eodem
1898 2022 2057 2058 carmine
2078 2021 2157 2057 usus
2177 2020 2226 2056 est

84 2072 263 2122 quoniam
285 2072 446 2119 Juppiter
468 2071 583 2109 didius
606 2071 656 2109 est
678 2071 848 2108 Deorum
870 2078 979 2119 atque
1000 2071 1126 2108 homi·
1181 2075 1291 2111 etiam
1310 2075 1370 2110 hic
1394 2073 1592 2110 Nosterlib.
1605 2086 1649 2109 11.
1677 2073 1766 2111 Fast.
1777 2072 1859 2118 481.
1889 2072 1947 2108 ubi
1961 2072 2061 2108 locus
2075 2070 2120 2107 est
2131 2068 2224 2107 adeo

84 2134 177 2161 num
205 2129 316 2170 pater.
354 2122 480 2168 Itaque
502 2121 664 2168 Juppiter
683 2130 757 2159 erat
779 2122 906 2158 Martis
928 2129 1051 2169 pater,
1080 2132 1125 2157 ex
1180 2124 1268 2161 huic
1287 2122 1432 2167 similis,
1461 2132 1501 2161 ut
1522 2125 1773 2171 interpretatio
1794 2133 1911 2170 paene
1934 2121 2121 2157 videatur:

84 2185 164 2221 quo
203 2171 409 2209 Romu-lum
450 2171 564 2208 satum
605 2171 675 2210 effe
722 2173 918 2222 antiquitas
960 2170 1127 2209 credidit.
1225 2179 1331 2214 ‘Nam
1346 2184 1445 2223 pater
1467 2175 1672 2222 armipotens
1680 2173 1854 2221 postquam
1868 2185 1960 2207 nova
1971 2170 2103 2207 moenia
2117 2169 2227 2215 vidit,

85 2224 177 2261 Hoc
219 2232 344 2261 autem
384 2221 502 2258 modo
541 2221 722 2261 Romulus
765 2223 813 2260 est
851 2222 954 2270 jovis
998 2233 1128 2270 nepos.
1289 2224 1474 2273 Multaque
1495 2223 1656 2260 Romulea
1675 2223 1761 2260 bella
1776 2224 1913 2271 perusta
1939 2235 2057 2258 manu.
2089 2233 2160 2259 effic.

86 2274 258 2312 CioFAN.
1185 2277 1354 2314 CioFAN.
1383 2274 1493 2311 Tollas
1512 2275 1549 2311 in
1569 2274 1704 2310 caerula
1726 2273 1802 2310 coeli
1820 2274 1853 2310 S.
1867 2274 1979 2309 Marci
1994 2299 2003 2315 ‚
2035 2283 2124 2308 unus
2136 2272 2228 2319 Reg.

138 2325 222 2363 812.
249 2331 301 2363 Tu
319 2322 407 2362 mihi
427 2320 594 2373 consilia]
624 2322 775 2360 Concilio
793 2324 956 2373 plerique
976 2330 1130 2361 vetereS·
1185 2329 1291 2375 prim.
1317 2326 1519 2374 Hamburg.
1540 2334 1655 2375 quart.
1675 2324 1812 2362 Medic.
1834 2325 1871 2361 ὃ(
1892 2323 1950 2360 alii
1973 2323 2031 2360 sex
2074 2321 2169 2357 tolles
2187 2323 2227 2358 in

85 2375 234 2414 Hfirus.
1188 2377 1323 2414 caerula
1369 2376 1526 2425 Neapol.
1578 2376 1707 2412 Urbin.
1757 2375 1972 2421 Bernegger.
2019 2371 2229 2420 cantabrig.

138 2427 224 2476 813·
254 2432 352 2462 Nam
380 2438 550 2469 memoro,
575 2424 782 2474 memorique
813 2423 966 2473 animm]
997 2430 1131 2460 Memo-
1184 2430 1291 2476 prim.
1321 2429 1488 2465 Vatican.
1516 2427 1622 2474 prim.
1642 2426 1751 2463 Palat.
1773 2434 1853 2462 tert.
1875 2424 2013 2461 Medic.
2036 2423 2071 2460 ὃ(
2096 2422 2229 2459 decem

87 2491 143 2514 ror
163 2478 333 2515 Cantabr.
357 2479 394 2514 δε
416 2487 507 2514 unus
531 2474 630 2513 Bafil.
649 2475 709 2513 sed
729 2474 921 2512 autversus
937 2474 1131 2511 estEnnia-
1183 2479 1254 2516 alii,
1287 2478 1335 2515 fic
1363 2480 1400 2515 ὃς
1422 2491 1467 2515 ex
1488 2477 1620 2526 scriptis
1639 2476 1902 2525 exemplaribus
1922 2473 2053 2511 Fastor.
2073 2485 2118 2510 11.
2144 2471 2230 2520 487.

86 2540 154 2566 nus
170 2556 179 2571 ‚
207 2530 270 2577 qui
301 2540 467 2564 memoror
489 2538 555 2573 pro
577 2526 789 2563 reminiscor
814 2526 851 2562 δε
870 2524 1041 2562 recordor
1062 2536 1130 2571 po-
1186 2528 1460 2566 emendandum
1476 2556 1486 2571 ‚

85 2578 201 2616 suerat
215 2607 225 2623 ,
253 2578 449 2628 quomodo
473 2578 511 2614 δί
529 2577 624 2625 apud
648 2576 864 2614 Lucretium
886 2577 923 2613 in
942 2574 1053 2612 tribus
1064 2585 1130 2612 ve·
1237 2585 1330 2615 Unus
1348 2580 1412 2615 erit
1426 2607 1436 2623 ‚
1463 2591 1563 2628 quem
1583 2588 1622 2614 tu
1642 2577 1735 2614 tolles
1752 2576 1791 2614 in
1809 2575 1945 2613 caerula
1966 2575 2053 2612 coeli.

87 2630 245 2668 terriinis
267 2629 453 2666 codicibus
475 2628 536 2665 lib.
556 2640 599 2665 11.
626 2639 704 2665 112.
724 2627 875 2669 inveni,
1187 2630 1286 2666 Citat
1315 2629 1434 2667 Varro
1467 2630 1512 2666 L.
1536 2630 1580 2667 L.
1609 2641 1653 2666 ex
1683 2630 1822 2666 incerto
1856 2628 2020 2664 auclore.
2050 2636 2136 2664 cum
2154 2623 2234 2671 Eri-j

141 2681 273 2728 Cujus,
301 2679 355 2716 uti
378 2692 543 2716 memoror
557 2707 568 2723 ‚
599 2678 647 2715 rei
659 2677 852 2727 simulacra
872 2687 916 2716 ω’
932 2677 1044 2725 imago
1186 2681 1293 2718 niana
1312 2679 1400 2722 lint,

143 2735 242 2767 Ante
262 2730 370 2767 oculos
379 2737 508 2778 semper
530 2728 623 2766 nobis
642 2731 812 2777 versatur.
981 2744 992 2751 κ
1238 2736 1332 2767 Unus
1353 2731 1418 2767 erit
1431 2759 1441 2775 ‚
1470 2743 1569 2782 quem
1590 2739 1629 2766 tu
1648 2728 1743 2766 tolles
1760 2728 1808 2766 ad
1831 2727 1968 2766 caerula
1989 2725 2069 2765 coeli

90 2789 155 2819 aut
173 2780 350 2828 scripserat
371 2781 494 2824 Naso,
521 2781 558 2817 ni
578 2781 704 2823 fallor,
733 2785 830 2815 Nam
843 2779 958 2822 refero.
985 2778 1059 2815 hoc
1071 2776 1135 2821 est,
1242 2781 1390 2830 Templa.

92 2831 260 2869 memini.
286 2830 333 2867 fic
355 2830 632 2879 Nosterpaffim.
660 2829 1135 2878 Adeanturquaenotamus
1192 2832 1386 2869 Lucretius
1408 2832 1500 2869 libro
1523 2843 1550 2868 1.
1577 2832 1659 2880 185.

94 2880 206 2930 Epist.
223 2892 259 2917 v.
283 2890 364 2926 113.
388 2892 472 2918 nam
495 2882 703 2920 Ennianum
721 2880 808 2918 illud
822 2907 831 2922 ,
1243 2887 1289 2918 Et
1302 2882 1385 2930 solis
1396 2881 1586 2932 flammam
1605 2892 1662 2931 per
1683 2880 1761 2918 coeli
1778 2880 1916 2918 caerula
1933 2879 2036 2927 pasci.

145 2936 191 2967 Et
211 2929 410 2974 meministis
431 2931 543 2976 enim,
569 2933 687 2969 Divae
701 2959 712 2977 ,
738 2942 977 2970 &memorare
991 2928 1136 2978 potestis,
1191 2933 1240 2971 fic
1258 2933 1296 2970 δε
1315 2933 1398 2970 alibi
1418 2933 1487 2971 ille.
1517 2935 1659 2970 HmNs.
1691 2938 1731 2968 In
1751 2933 1904 2968 culmina
1927 2928 2091 2964 Voffian.

91 2982 220 3022 iocum
240 2982 300 3019 hic
317 2992 394 3018 non
414 2980 533 3017 habet.
559 2993 643 3019 cum
662 2994 729 3031 pro
750 2992 891 3019 narrare
910 2980 1070 3018 sumtum
1082 2979 1136 3019 fit.
1243 2983 1327 3029 817.
1356 2984 1564 3034 Tonitruque
1596 2995 1639 3024 (φ’
1657 2982 1797 3029 fulgure
1823 2978 1947 3014 terruit
1976 2974 2139 3023 Orbem]
2178 2975 2236 3015 Ita'

96 3033 242 3070 Heius.
280 3032 366 3068 Infr.
395 3030 454 3066 lib.
484 3042 545 3067 xv,
575 3043 658 3077 45¹·
690 3033 727 3069 in
757 3043 834 3070 uno
866 3031 1007 3069 Moreti
1036 3038 1136 3078 erat,
1190 3035 1278 3074 liber
1305 3046 1420 3072 meus.
1457 3034 1608 3071 Caelest.
1640 3034 1677 3067 δε
1709 3030 1763 3065 alii
1788 3028 1935 3076 quidam
1961 3026 2054 3062 male
2075 3026 2234 3071 habent,

95 3093 209 3122 mente
229 3096 357 3119 memor
377 3093 544 3125 memoro,
572 3092 638 3128 ΡΥΟ
659 3086 774 3124 refero.
1192 3085 1325 3124 Urbem.
1355 3085 1537 3133 Significat
1565 3083 1664 3118 enim
1688 3081 1799 3116 Poeta
1822 3080 1870 3116 ita
1894 3077 2037 3115 coelum
2053 3074 2235 3120 tonuisse„

147 3134 231 3182 813.
259 3132 472 3181 Memorique
489 3132 607 3168 animo
622 3131 681 3178 pia
703 3130 810 3165 verba
820 3131 972 3182 notavi]
1004 3133 1044 3171 ln
1055 3136 1138 3183 qui·
1193 3146 1232 3175 ut
1262 3136 1445 3174 universus
1465 3142 1639 3168 terrarum
1660 3129 1754 3167 orbis
1776 3141 1878 3167 ruere
1900 3128 1990 3165 visus
2012 3126 2062 3163 fit.
2116 3126 2236 3173 Quod

94 3182 246 3221 busdam
264 3211 275 3228 ,
324 3195 386 3220 tua
429 3180 546 3218 verba.
595 3182 783 3218 NAUGER.
824 3181 889 3214 Pia
915 3183 1021 3219 verba
1057 3185 1138 3222 libri
1196 3189 1232 3225 ὃ(
1258 3188 1382 3222 Livius
1402 3183 1535 3225 docet,
1563 3184 1600 3217 &
1625 3192 1668 3218 ex
1693 3180 1809 3217 verbis
1829 3180 1915 3222 illis,
1944 3188 2037 3226 quae
2050 3175 2166 3213 modo
2179 3188 2236 3214 re-

94 3233 224 3282 scripti.
255 3233 327 3270 Alii
346 3231 496 3282 inepte,
525 3237 599 3269 Tua
620 3232 733 3269 verba.
766 3231 933 3268 CiorAN.
963 3234 1140 3272 Tuadifia
1197 3236 1305 3273 citavi
1329 3261 1338 3274 ,
1385 3233 1470 3269 licet
1507 3231 1829 3269 animadvertere:
1876 3235 1977 3265 Nutu
2021 3228 2239 3273 tremefafft'm

96 3283 238 3321 Medic.
260 3295 363 3322 unus.
1196 3297 1337 3330 uterque
1367 3283 1421 3328 Est
1447 3281 1555 3331 polus.
1582 3284 1672 3329 Quo
1697 3280 1812 3317 modo
1827 3278 2076 3316 Romulumin
2091 3278 2240 3315 coelum

148 3333 232 3382 3314.
259 3340 354 3387 {ajam
375 3334 462 3381 erit,
500 3346 601 3385 quern
629 3343 671 3385 fu
698 3332 793 3386 telles
820 3332 870 3370 ad
882 3329 998 3383 fidem
1019 3330 1138 3383 cecla]
1195 3333 1312 3375 abiiffe
1335 3331 1563 3422 opiqriltlilqint
1584 3332 1766 3378 Romani,
1798 3327 2242 3415 breyiterscribitAu&gr

1543 3394 1564 3419 7,
2224 3388 2244 3415 e
