2483 3616
205 193 271 263 48
689 180 1233 239 P.0V1D11

1301 178 1831 241 NASONIS

490 285 566 343 Et
591 286 747 341 coelo
771 297 937 341 terras
963 283 1222 346 ostendit,
1260 282 1316 335 &
1343 281 1556 336 aethera
1580 285 1750 339 terris,

346 382 372 430 3
383 379 449 428 30
485 361 605 416 Nec
629 359 785 414 maris
813 358 889 412 ira
910 369 1124 420 manet;
1163 354 1448 428 positoque
1474 355 1764 427 tricuspide
1786 358 1898 413 telo

488 434 703 488 Muleet
727 448 885 504 aquas
909 429 1087 485 re&or
1111 428 1313 500 pelagi:
1354 427 1615 500 supraque
1636 428 1968 499 profundum

487 505 829 569 Exstantem,
863 515 1023 576 atque
1049 501 1302 556 humeros
1324 500 1510 554 innato
1533 500 1739 556 murice
1764 501 1995 566 testum,
2035 530 2040 535 ·

489 578 813 633 Caeruleum
837 575 1072 630 Tritona
1095 586 1285 635 vocat;
1327 573 1674 645 conchaeque
1698 574 1876 632 sonaci

488 651 740 723 Inspirare
762 648 946 720 jubet;
986 646 1286 720 flustusque
1315 645 1370 699 &
1395 644 1616 700 flumina
1639 645 1787 718 figno

348 746 373 793 3
385 743 448 794 35
481 723 599 795 Jam
624 740 880 778 revocare
906 721 1049 775 dato,
1089 738 1218 774 cava
1246 718 1472 771 buccina
1494 717 1720 774 sumitur
1742 721 1818 775 illi

488 795 747 858 Tortilis,
783 794 841 847 in
863 795 1031 847 latum
1054 809 1192 862 quae
1218 789 1434 843 turbine
1461 791 1650 845 crescit
1675 791 1740 846 ab
1763 793 1902 848 imo:

489 867 754 929 Buccina‚
792 882 928 937 quae
952 863 1138 918 medio
1163 862 1416 933 concepit
1445 875 1503 916 ut
1529 868 1649 917 ae'ra
1673 878 1873 937 pont0,

490 940 681 995 Litora
704 955 841 993 voce
864 937 1067 1009 replet,
1101 934 1194 990 sub
1221 948 1456 1009 utroque
1480 935 1708 1008 jacentia
1731 937 1969 994 Phoebo,

197 1151 273 1196 quo
302 1146 349 1183 ad
372 1143 562 1183 Valerium
584 1143 702 1181 Flacc.
721 1139 781 1179 lib.
812 1149 842 1177 1.
864 1140 948 1188 480.
978 1139 1082 1178 latius
1102 1146 1241 1189 agetur.

200 1197 275 1235 Alii
295 1197 440 1235 codices
462 1195 602 1245 discedit
615 1223 625 1239 ‚
653 1190 810 1242 discussit.
1031 1242 1037 1248 ι

252 1258 334 1296 330.
366 1247 482 1284 Maris
501 1245 600 1295 ira.]
639 1245 751 1281 Unda.
778 1242 896 1280 Voffii
927 1242 966 1281 &
994 1241 1093 1280 alius.
1130 1241 1237 1280 male.

196 1297 284 1346 *vide
306 1298 362 1336 ad.
383 1297 492 1347 Epist.
517 1308 632 1334 xvm.
654 1308 687 1332 2.

250 1360 334 1398 332.
372 1346 617 1395 exstantem]
667 1350 855 1383 Errantem
903 1343 1244 1393 Berneggerianus,

197 1399 300 1448 quod
322 1399 475 1436 verbum
497 1390 629 1446 pacem
652 1397 690 1434 &
712 1396 1009 1445 tranquillitatem
1027 1396 1107 1444 jam
1131 1394 1240 1431 redu-

197 1451 294 1487 eiam
325 1458 441 1488 notat.
477 1456 517 1486 ut
548 1447 595 1485 de
622 1459 730 1496 grege
762 1446 882 1484 secure
912 1445 1080 1495 pascente
1111 1444 1237 1492 paffim

195 1501 355 1548 ponitur.
387 1499 476 1539 nihil
507 1507 633 1537 tamen
656 1498 887 1549 muto‚quia
915 1496 962 1535 de
992 1495 1154 1534 humeris
1184 1495 1238 1533 se-

190 1559 325 1600 quitur.

247 1613 332 1651 332..
356 1609 521 1640 Humeros
541 1603 663 1639 innato
685 1601 812 1636 murice
833 1598 996 1648 reolum]
1022 1605 1149 1635 Innato
1161 1611 1240 1635 mu-

194 1651 285 1697 rice,
311 1653 473 1701 ingenita
503 1654 541 1690 &
563 1650 715 1689 naturali
736 1662 893 1699 purpura
915 1648 940 1686 fi
971 1649 1238 1697 interpreteris,

193 1702 456 1751 elegantiorem
484 1702 684 1739 tubicinem
715 1700 1003 1744 reddiderimus,
1041 1711 1153 1748 quam
1176 1700 1235 1736 vel

192 1752 270 1800 ejus
291 1753 449 1790 studium
470 1752 623 1801 postulat
637 1779 647 1795 ,
672 1750 732 1787 vel
749 1751 961 1789 immanitas
982 1750 1147 1798 patiatur.
1173 1749 1235 1787 sed

194 1803 236 1839 &
256 1804 360 1850 periit
382 1803 473 1839 mira
493 1802 551 1839 illa
583 1800 750 1838 Tritonis
770 1801 876 1849 hujus
898 1801 1042 1836 formae
1065 1800 1235 1849 Virgilia-

194 1864 243 1889 na
265 1853 480 1902 descriptio,
517 1864 628 1901 quam
661 1850 794 1887 Plinius
826 1848 1029 1887 subnotasse
1061 1850 1152 1887 visus
1185 1850 1233 1888 est

191 1901 252 1940 lib.
280 1916 330 1941 xx.
352 1918 382 1952 ς.
415 1905 505 1952 Quo
522 1932 531 1948 ‚
546 1902 675 1939 Tiberio
687 1901 839 1950 Principi
860 1901 1067 1945 nuntiatum
1089 1900 1170 1937 olim
1191 1901 1236 1938 ab

193 1952 481 2003 Olyfiponenfium
504 1953 621 2002 legatis
635 1980 646 1997 ,
684 1952 849 1988 auditum
871 1952 1022 2002 quodam
1036 1951 1135 2001 specu
1160 1952 1237 1988 Tri-

192 2013 307 2040 tonem
321 2033 332 2049 ,
345 2005 469 2042 concha
491 2015 668 2041 canentem
682 2030 692 2046 ,
719 2001 900 2053 vifimzque
913 2004 1056 2050 forma,
1070 2016 1138 2053 qua
1161 2002 1236 2050 nost

193 2054 293 2090 citur.
354 2056 416 2093 Ad
436 2055 657 2103 Virgilianos
676 2052 757 2090 illos
772 2081 782 2097 ‚
820 2053 920 2090 velut
953 2052 1127 2098 arbitror,
1152 2065 1235 2090 ver-

191 2103 246 2141 sus
266 2104 456 2154 respiciens
470 2135 479 2150 ‚
508 2117 669 2155 quorum
691 2103 903 2153 exemplum
925 2103 973 2140 est
993 2104 1051 2140 lib.
1070 2116 1103 2141 x.
1120 2116 1203 2153 209.

411 2157 583 2193 Immanis
607 2155 727 2191 Triton
741 2183 751 2199 ,
779 2167 821 2194 <y
844 2154 979 2190 caerula
1006 2154 1131 2190 concha

244 2211 433 2244 Exterrens
446 2209 545 2254 sreta
560 2235 570 2251 ‚
584 2206 637 2242 cni
658 2205 808 2242 laterum
831 2216 928 2241 tenus
949 2204 1084 2253 hispida
1106 2205 1211 2241 nami

244 2264 350 2294 Frons
371 2257 544 2294 hominem
557 2258 711 2307 praefert
724 2284 734 2299 ,
757 2257 795 2292 in
809 2255 932 2304 pristin
949 2254 1070 2304 definit
1081 2255 1185 2292 alvus
1197 2283 1208 2301 ,

243 2314 385 2355 Spumea
401 2309 559 2356 semifero
573 2307 640 2356 fi‘b
658 2309 787 2356 pectore
808 2317 1009 2342 murmurat
1030 2307 1138 2343 unda.

194 2357 342 2393 Medius
363 2357 464 2396 fidius
479 2387 489 2403 ,
511 2370 588 2407 quo
610 2358 719 2405 pacto
745 2357 866 2394 dicere
888 2354 1058 2405 potuisset
1078 2357 1211 2395 Plinius
1224 2387 1235 2403 ,

196 2420 266 2456 qua
288 2407 435 2454 noscitur
456 2411 577 2454 forma
602 2436 611 2452 ,
641 2407 666 2444 fi
690 2419 773 2445 eam
795 2406 889 2444 adeo
912 2407 1087 2444 diversam
1100 2408 1236 2456 prima-

195 2465 248 2493 tes
268 2456 332 2504 ipsi
354 2458 490 2494 Po‘e‘tae
514 2458 588 2495 duo
611 2456 880 2507 desmiplerint?
929 2456 1108 2506 siquidem
1146 2458 1235 2496 alter

195 2519 350 2556 purpura
373 2508 496 2545 vestiat
518 2509 591 2557 qius
613 2509 786 2546 humeros
800 2536 811 2552 ,
848 2507 1023 2556 hispidam
1045 2508 1133 2545 alter
1155 2521 1235 2557 par-

196 2565 274 2593 tem
295 2557 454 2595 hominis
475 2559 630 2607 primam
651 2559 772 2596 eidem
795 2558 936 2595 tribuat.
969 2559 1112 2594 Verum
1135 2561 1235 2596 enim

196 2618 288 2643 vero
313 2608 470 2644 multum
493 2610 538 2645 dc
552 2610 789 2657 interpretum
803 2620 954 2657 quoque
966 2608 1131 2645 doctirna
1141 2613 1237 2656 po'e'-

198 2666 318 2694 tarum
339 2657 475 2704 pendet
498 2659 663 2695 eruditio.
699 2666 866 2695 Innatum
887 2661 1011 2706 itaque
1043 2659 1209 2695 muricem
1224 2687 1234 2703 ‚

195 2707 422 2756 asperitatem
455 2709 492 2744 ⁴6:
524 2708 761 2755 hispiditatem
790 2720 941 2757 quoque
972 2707 1070 2743 illam
1105 2709 1235 2746 Maro-

197 2758 612 2806 nianamintelhgimus,
640 2758 689 2794 ob
711 2758 856 2795 muricis
868 2757 1011 2793 corticis
1022 2757 1234 2797 scabritiem.

197 2809 359 2846 Murices
383 2809 482 2845 enim
502 2809 697 2856 Pompejus
721 2809 793 2852 ait,
822 2806 974 2844 vetustas
999 2807 1109 2843 etiam
1131 2808 1235 2847 saxo-

198 2871 281 2897 rum
325 2859 525 2906 asperitates
549 2888 559 2903 ,
618 2859 761 2907 telaque
798 2858 927 2894 omnia
978 2856 1060 2894 dici.
1112 2858 1235 2907 Virgi-

197 2910 265 2948 lius
286 2910 344 2947 lib.
382 2921 417 2946 V.
451 2922 534 2957 205.
580 2914 626 2945 Et
648 2920 746 2945 acuto
768 2910 806 2945 in
828 2908 954 2945 murice
987 2907 1073 2943 remi
1106 2908 1238 2946 obnixi

195 2970 355 3010 crepuere.
386 2962 514 3009 Quem
539 2959 639 2996 Silius
660 2960 820 2996 imitatus
839 2959 899 2994 lib.
926 2969 1022 2994 xvir„
1042 2968 1123 3003 277.

649 3016 737 3046 Tum
764 3022 891 3046 murice
908 3018 1006 3044 acuto

254 3061 421 3108 Diffilt'cns
435 3061 554 3110 sonuit
578 3070 678 3109 rupta
702 3069 851 3108 compage
875 3059 1007 3095 carina.

201 3107 271 3145 Sed
302 3114 338 3148 &
369 3112 500 3150 Plinius
532 3111 577 3148 de
611 3111 759 3148 Carduo
780 3110 837 3146 lib.
865 3122 922 3146 xx.
951 3120 1007 3157 23.
1047 3110 1234 3148 Muricatis

201 3161 437 3199 cacuminibus.
472 3162 607 3200 Gellius
628 3161 686 3198 lib.
713 3173 768 3198 vr.
791 3173 823 3205 4.
853 3158 1076 3206 Nobiliffimos
1107 3167 1233 3197 Poeno-

202 3221 283 3243 rum
308 3212 452 3256 captivos
464 3213 507 3249 ab
520 3211 636 3261 Reguli
657 3212 768 3248 liberis
790 3211 953 3247 cruciatos
968 3210 1067 3260 fitiffie
1082 3239 1091 3254 ‚
1113 3212 1165 3247 ait
1180 3212 1236 3247 [le-

194 3259 332 3307 stitutos
354 3259 390 3295 in
412 3264 561 3302 amnas-io
593 3262 778 3301 muricibus
792 3261 956 3312 praefixo·
1016 3261 1149 3301 (elavos
1181 3262 1237 3300 in-

2184 1011 2339 1071 Tum
2379 1059 2383 1073 .

1299 1138 1455 1177 trorsum
1487 1139 1635 1179 adaaos
1666 1139 1866 1190 fignificare
1897 1138 2036 1178 volens.
2098 1140 2202 1189 Quid
2233 1142 2341 1193 quod

1300 1190 1524 1229 Claudianus
1545 1192 1583 1228 in
1611 1192 1756 1240 Nuptiis
1776 1193 1928 1229 Honor.
1949 1192 1988 1229 &
2008 1191 2151 1228 Mariae
2167 1192 2226 1236 fis.
2251 1206 2341 1243 150.¹

1297 1240 1400 1289 super
1423 1242 1583 1279 Tritone
1608 1243 1790 1280 Ovidium
1821 1242 1981 1280 imitatus
1996 1269 2007 1286 ‚
2034 1242 2224 1281 Venerem
2247 1255 2339 1283 con-

1297 1290 1401 1340 fingit
1432 1291 1564 1329 durum
1597 1293 1836 1343 asperumque
1856 1293 1910 1330 his
1932 1291 2011 1341 ipsis
2033 1293 2230 1333 muricibus
2251 1294 2339 1332 Tri·-

1294 1341 1391 1379 tonis
1424 1341 1571 1380 dorsum
1598 1355 1781 1392 purpureo
1802 1341 1958 1381 stravisse
1978 1351 2063 1381 toro
2079 1357 2102 1386 ,··
2126 1355 2204 1393 quo
2235 1345 2341 1392 vide7

1293 1392 1379 1431 licet
1401 1394 1546 1431 mollius
1559 1422 1571 1439 ,
1597 1393 1853 1443 delicatiusque
1874 1392 2098 1431 veheretur?

1575 1450 1665 1482 Tum
1685 1445 1772 1482 vivo
1784 1444 1986 1495 squalentia
2008 1445 2137 1482 murice
2156 1455 2253 1497 terga

1349 1495 1532 1547 Purpureis
1552 1495 1688 1534 mollita
1710 1496 1804 1535 toris.
1829 1495 1889 1534 hoc
1912 1495 2060 1545 navigat
2081 1506 2185 1534 antro

1348 1547 1455 1584 Fulta
1478 1554 1598 1585 Venus.

1295 1597 1352 1635 Ut
1381 1597 1467 1635 hinc
1495 1607 1572 1636 tam
1592 1598 1750 1637 murices
1769 1598 1808 1636 in
1827 1596 1989 1635 tubicine
2009 1596 2085 1646 ipso
2113 1598 2340 1639 confirmem·

1293 1654 1375 1690 tur,
1405 1660 1517 1697 quam
1551 1649 1790 1685 excludantur
1817 1660 2009 1696 purpurae.
2061 1649 2145 1686 Nec
2176 1649 2340 1689 diffimu-

1292 1697 1444 1736 landum
1466 1699 1503 1736 in
1529 1699 1643 1736 veteri
1666 1697 1860 1735 Claudiani
1882 1698 2081 1748 exemplari
2110 1708 2233 1737 extare
2248 1711 2337 1751 pur·-

1286 1749 1398 1798 pureis
1420 1748 1556 1786 mollita
1577 1747 1667 1799 rofis.
1725 1748 1898 1786 Vidimus
1930 1750 1969 1787 &
2001 1761 2225 1789 marmoreas
2256 1754 2337 1790 Ro-

1290 1811 1374 1837 mae
1406 1799 1611 1837 Tritonum
1642 1800 1845 1848 imagines,
1870 1800 1993 1837 'etiam
2026 1801 2170 1838 concha
2200 1813 2338 1841 canen-

1290 1850 1385 1888 tium
1407 1850 1602 1900 plerasque.
1656 1852 1748 1899 Quo
1781 1850 1953 1899 exemplo
1987 1851 2025 1888 &
2056 1863 2208 1889 aureum
2230 1853 2336 1891 fuisse

1293 1900 1493 1939 Tritonem
1516 1901 1763 1939 arbitrandum
1787 1900 1836 1938 est
1858 1913 1945 1938 eum
1960 1929 1970 1945 ,
1998 1913 2110 1950 quem
2143 1903 2336 1942 Androni-

1292 1963 1354 1989 cus
1379 1951 1570 2003 Cyprestes
1609 1951 1758 1990 dextera
1780 1953 1920 2000 virgam
1943 1952 2194 2001 porrigentem
2215 1954 2337 1992 Athe-

1292 2003 1345 2040 nis
1370 2003 1409 2040 in
1431 2003 1519 2040 turri
1540 2003 1671 2046 statuit;
1702 2011 1742 2040 ut
1762 2001 1879 2040 scribit
1899 2003 2091 2040 Vitruvius
2112 2004 2171 2041 lib.
2198 2017 2229 2042 1.
2253 2017 2335 2055 cap.

1292 2053 1326 2090 6.
1354 2053 1431 2102 Ipse
1452 2065 1562 2102 porro
1582 2054 1642 2091 hic
1662 2053 1900 2091 Andronicus
1922 2054 2018 2101 apud
2040 2055 2096 2090 M.
2123 2055 2336 2095 Varronem

1292 2104 1522 2152 accipiendus
1544 2104 1712 2149 videtur,
1742 2116 1784 2141 ac
1804 2103 2004 2152 legendum
2027 2104 2335 2152 Cyrrhestes,non

1292 2155 1470 2204 Cyprestes.
1510 2155 1628 2203 Quod
1659 2156 1698 2192 &
1730 2154 1873 2192 codices
1905 2153 2032 2191 vetusti
2064 2155 2140 2191 fere
2161 2155 2338 2195 indicant.

1293 2206 1349 2241 M.
1374 2205 1548 2242 Varronis
1569 2205 1607 2242 in
1624 2205 1683 2242 lib.
1711 2217 1775 2241 111.
1803 2204 1849 2241 de
1868 2205 1912 2241 R.
1929 2205 1973 2241 R.
2001 2217 2032 2252 5.
2053 2205 2146 2242 haec
2166 2205 2268 2244 sunt:
2294 2214 2337 2243 In

1292 2257 1405 2291 eodem
1426 2255 1646 2305 hemispherio
1666 2256 1776 2292 medio
1805 2255 1933 2291 circum
1964 2255 2141 2292 cardinem
2171 2256 2215 2302 est
2247 2257 2335 2294 orbis

1293 2307 1489 2344 veritatum
1511 2308 1580 2342 offo
1593 2334 1604 2351 ‚
1631 2316 1672 2342 ut
1693 2304 1846 2342 Athenis
1868 2305 1906 2341 in
1927 2304 2091 2354 horologio
2106 2333 2116 2348 ,
2144 2306 2235 2355 quod
2246 2309 2337 2354 fecit

1292 2356 1474 2406 Cyprestes.
1511 2357 1639 2405 thue
1663 2356 1828 2393 eminens
1859 2354 1977 2392 radius
1999 2367 2019 2391 a
2042 2355 2186 2392 cardine
2207 2356 2253 2394 ad
2275 2370 2336 2395 or-

1290 2406 1375 2445 bem
1411 2408 1460 2444 ita
1494 2415 1692 2451 movetur,
1730 2414 1771 2443 ut
1793 2417 1878 2443 eum
1907 2412 2032 2453 tangat
2062 2413 2242 2452 ventum,
2270 2409 2335 2456 qui

1290 2457 1376 2503 flet,
1403 2466 1443 2494 ut
1470 2458 1567 2496 intus
1596 2457 1683 2495 scire
1708 2456 1828 2506 postis.
1861 2456 2080 2494 MARIANG.
2102 2456 2338 2507 Accunsrus

1289 2508 1329 2545 in
1353 2508 1521 2546 diatribis.

1344 2571 1428 2607 333.
1457 2559 1663 2596 Caeruleum
1688 2557 1876 2607 Tritona.]
1918 2556 2096 2594 Caeruleos
2117 2558 2334 2597 concinnius

1289 2607 1355 2653 sit,
1383 2617 1423 2645 ut
1444 2609 1490 2646 ad
1515 2609 1690 2646 humeros
1722 2610 1907 2645 referatur.
1943 2607 2105 2645 similiter
2135 2618 2331 2657 peccatum

1290 2658 1391 2705 Eleg.
1413 2659 1451 2694 in
1472 2659 1632 2693 Drusum
1656 2668 1734 2693 vers
1761 2668 1841 2702 224.
1866 2657 2070 2695 Hrrusrus.

1342 2718 1424 2755 333.
1458 2706 1679 2757 conchaeque
1691 2705 1866 2755 fhnanti.]
1898 2707 1941 2744 In
1962 2708 2169 2754 nonnullis,
2198 2711 2331 2760 fhnaci.

1290 2758 1548 2794 NAUGERIUS.
1585 2758 1657 2794 Pro
1695 2756 1885 2807 conchaque
1910 2757 2088 2805 sonanti,
2126 2761 2271 2798 conchae·
2292 2776 2332 2799 ue

1289 2808 1467 2845 nonnulli.
1519 2808 1724 2856 Naugerius
1756 2809 1795 2845 ἃ
1828 2808 2007 2845 Vivianus
2037 2810 2156 2858 fimaci
2188 2823 2232 2848 ex
2280 2813 2332 2850 uis

1289 2866 1432 2895 notant.
1458 2870 1580 2908 neque
1602 2859 1703 2895 aliter
1727 2857 1927 2896 Calandrae
1948 2860 2129 2898 Vaticana
2150 2871 2332 2911 excerpta.

1292 2908 1463 2956 Respexit
1483 2909 1573 2946 haec
1596 2908 1751 2946 Nasonis
1776 2909 1953 2958 Apulejus
1984 2911 2238 2960 Metamorph.
2269 2913 2331 2950 lib.

1293 2971 1345 2994 1v.
1378 2959 1470 3004 Jam
1485 2957 1606 3008 pafflm
1627 2959 1742 2996 maria
1759 2960 1986 3009 persultantes
2016 2962 2198 2998 Tritonum
2221 2972 2330 2998 cater-

1291 3023 1358 3045 vae
1373 3037 1382 3054 ‚
1411 3009 1465 3045 hic
1487 3008 1615 3046 conchd
1629 3009 1748 3058 fimaci
1772 3010 1892 3047 leniter
1914 3010 2073 3048 buccinat
2097 3039 2107 3056 ,
2145 3011 2201 3048 ille
2223 3012 2331 3060 serico

1290 3060 1435 3107 tegmine
1450 3058 1664 3108 flagrantiae
1695 3060 1778 3096 Solis
1798 3059 1921 3109 obststit
1941 3062 2086 3098 inimici.
2127 3061 2231 3098 Idem
2263 3063 2323 3101 lib.

1290 3121 1380 3146 vm.
1402 3111 1532 3146 attritu
1555 3111 1712 3146 dentium
1726 3110 1886 3158 fhnacem
1909 3111 1954 3148 de
1974 3123 2062 3160 apro
2096 3110 2198 3148 dixit.
2232 3113 2331 3152 Vide

1293 3160 1411 3197 Notas
1433 3160 1565 3198 Amor.
1583 3161 1640 3197 lib.
1659 3173 1703 3198 11.
1726 3161 1826 3209 Eleg.
1848 3174 1908 3198 vr.
1935 3173 2014 3198 vers
2047 3173 2106 3210 23.
2133 3162 2333 3203 Hrmsms.

1292 3211 1471 3248 Conchae
1492 3210 1647 3259 figuram
1669 3211 1778 3248 habes
1799 3213 1837 3248 in
1858 3211 2005 3248 lucerna
2017 3210 2224 3260 sepulchrali
2236 3215 2332 3262 apud

1292 3260 1491 3300 Bellorium
1523 3273 1628 3301 num.
1650 3273 1686 3301 v.
1711 3270 1806 3300 tom.
1842 3273 1914 3299 xix.
1948 3261 2076 3312 Antiq.
2100 3263 2231 3300 Graec.
2253 3277 2332 3301 con-

2191 3313 2335 3364 chaeque

2375 1696 2404 1710 N
