2483 3616
224 226 407 331 ·P.
535 215 1221 365 oV1D11·

1304 215 2143 332 NASONIS

168 455 2273 606 METAMORPHOSEON

658 717 1104 787 LIBER
1200 679 1793 789 PRIMUS.

513 918 567 973 N
589 932 729 971 nova
758 917 864 971 fert
890 915 1092 969 animus
1114 926 1340 971 mutatas
1366 917 1549 972 dicere
1574 917 1772 972 formas

515 990 776 1061 Corpora.
812 988 890 1043 Di
915 988 1119 1061 coeptis
1157 991 1315 1059 (nam
1340 1007 1437 1045 vos
1461 990 1696 1045 mutastis
1723 991 1778 1043 &
1803 989 1953 1059 illas)

216 1176 771 1227 Mnumonpnosssou]
799 1177 917 1227 Quod
936 1177 1098 1227 primum
1120 1177 1201 1227 qui-

166 1232 253 1271 dam
277 1232 507 1276 cavillantur,
536 1231 799 1269 contendentes
812 1257 823 1273 ,
843 1240 922 1266 non
944 1228 1201 1278 Metamorpho-

154 1284 232 1333 seos
245 1311 255 1327 ‚
280 1282 341 1320 sed
363 1281 674 1331 Metamorphofion
696 1291 787 1329 opus
807 1278 949 1316 inscribi
970 1279 1101 1317 debere
1114 1308 1124 1324 ,
1152 1291 1200 1317 ne

164 1333 406 1371 refellendum
447 1332 598 1382 quidem
639 1331 783 1369 videtur
807 1359 817 1375 ,
863 1340 950 1366 cum
992 1330 1120 1368 omnia
1162 1331 1201 1367 ὃς

169 1382 306 1421 vetusta
337 1384 376 1421 &
409 1395 509 1421 nova
531 1383 774 1432 exemplaria,
799 1381 837 1418 in
858 1380 987 1430 quibus
1010 1387 1204 1417 Metamor-

157 1433 292 1484 phoseos
310 1433 463 1482 legitur,
502 1433 733 1470 manifestum
756 1432 890 1469 facia-nt
911 1430 1081 1468 omnibus
1103 1430 1204 1468 reem

164 1483 326 1533 sanoque
351 1485 495 1533 judicio
516 1484 706 1533 praeditis,
740 1479 1030 1531 Metamorphosin
1061 1482 1206 1519 unitatis

164 1545 324 1573 numero
356 1535 399 1572 ab
442 1535 583 1573 Ovidio
615 1533 717 1572 fuiffe
747 1533 964 1582 inscriptam.
1015 1532 1068 1570 At
1100 1533 1206 1569 multi

165 1585 480 1635 Metamorphoseon
508 1585 695 1634 scriptores
725 1584 859 1622 Graeci
880 1584 1042 1621 fuerunt..
1091 1583 1206 1632 Quasi

165 1646 258 1673 vero
279 1636 467 1686 quisquam
478 1636 516 1673 id
537 1644 646 1684 neget
659 1647 723 1680 ,ac
743 1647 822 1672 non
844 1635 977 1682 cuique
997 1634 1056 1670 vel
1076 1634 1204 1670 leviter

168 1686 317 1724 Graecis
345 1687 453 1724 literis
482 1686 626 1724 imbuto
651 1715 662 1731 ‚
698 1684 824 1734 paffim
855 1683 975 1732 legere
1007 1683 1048 1721 fit
1061 1683 1202 1726 ,saltem

166 1736 264 1785 apud
295 1737 518 1786 Stephanum
543 1766 553 1782 ‚
602 1736 768 1774 auetores
810 1733 988 1784 quosdam
1032 1734 1133 1771 citari
1164 1734 1202 1771 in

165 1786 288 1836 primo
308 1788 368 1825 vel
387 1787 546 1825 secundo
577 1785 944 1834 Metamorphoseon.
1001 1785 1070 1823 Sed
1109 1785 1204 1822 Ovi-

165 1836 246 1875 dius
265 1849 399 1875 vanam
411 1837 513 1876 istam
536 1837 830 1875 observationem
852 1836 1011 1885 neglexit
1025 1865 1035 1881 ,
1060 1843 1204 1873 totum-

164 1899 239 1938 que
275 1900 390 1937 opus,
411 1888 449 1926 in
479 1900 556 1938 quo
586 1887 905 1926 transmutationes
937 1886 1204 1931 describuntur,

164 1949 243 1977 non
264 1939 365 1977 aliter-
377 1938 666 1989 Metamorphofin
684 1936 877 1987 inscripsit,
903 1949 1016 1987 quam
1029 1936 1204 1975 Sallustius

166 1988 339 2036 hist-oriam
356 2018 367 2035 ,
394 1990 565 2039 Virgilius
587 1990 748 2034 culicem,
785 1989 1033 2037 Quintilianus
1064 1987 1201 2035 instita-

163 2040 292 2077 tionem
312 2041 524 2085 oratoriam,
552 2041 591 2078 &
620 2040 752 2078 Plinius
783 2039 981 2077 naturalem
1013 2038 1200 2086 historiam.

167 2088 213 2127 Id
232 2089 322 2127 vero
345 2091 562 2139 Quintiliani
593 2103 742 2140 quoque
773 2089 882 2127 nostri
903 2089 1118 2126 auftoritate
1150 2090 1203 2126 fa-

95 2163 101 2167 ·
166 2139 237 2176 cile
258 2140 543 2197 comprobatur³
570 2142 681 2190 quiin
702 2148 834 2191 quarto
848 2139 1083 2177 Institutionis
1108 2140 1220 2177 Ora-v

167 2189 285 2227 toriae
312 2191 502 2228 volumine
532 2198 581 2228 ita
612 2190 739 2228 scribit.
793 2190 860 2228 Illa
891 2191 972 2227 verb
998 2190 1133 2239 frigida
1160 2202 1204 2230 ωε

163 2240 304 2289 puerilis
334 2241 378 2288 est
413 2242 451 2278 in
474 2241 599 2291 scholis
629 2241 799 2290 affeffiatio
820 2269 831 2285 ,
881 2251 921 2277 ut
953 2241 1017 2290 ipse
1038 2239 1205 2289 transitus

169 2288 292 2337 efficiat
310 2291 467 2342 aliquam
498 2292 616 2342 utique
637 2292 875 2340 sententiam,
901 2303 946 2331 ΕΞ·
974 2291 1076 2340 hujus
1108 2291 1207 2328 velat

165 2338 362 2389 praestigiae
386 2342 547 2390 plausum
570 2351 692 2391 petat,
728 2353 770 2380 at
802 2342 951 2379 Ovidius
983 2341 1141 2391 lascivire
1167 2343 1206 2379 in

171 2389 439 2439 Metamorphofi
449 2392 558 2439 solet,
595 2406 695 2442 quem
715 2403 834 2430 tamen
854 2393 1010 2441 excusare
1041 2390 1206 2440 neceffltas

165 2440 271 2490 potest
292 2468 303 2485 ,
352 2454 401 2477 res
435 2440 670 2490 diverfiffimas
699 2443 738 2479 in
761 2444 901 2492 speciem
933 2443 1035 2480 unias
1066 2444 1206 2492 corporis

170 2490 388 2539 colligentem.
444 2491 546 2539 Quid
569 2491 584 2528 ?
632 2491 734 2540 quod
765 2493 922 2531 Ovidius
953 2493 1025 2541 ipse
1055 2493 1139 2531 alibi
1168 2493 1206 2531 id

173 2540 372 2589 approbare
413 2540 558 2578 videtur
580 2570 591 2586 ‚
643 2541 729 2578 cum
769 2543 897 2591 inquit.
950 2550 1038 2580 Sunt
1078 2557 1208 2593 quoque

173 2601 332 2627 mutatae
373 2601 424 2627 ter
467 2591 617 2640 quinque
659 2591 841 2628 volumina
874 2594 1022 2638 formae.
1076 2593 1134 2628 Ac
1181 2592 1207 2628 fi

171 2639 331 2686 diceret,
369 2640 681 2690 Metamorphoseos.
734 2641 834 2677 Nam
864 2640 1137 2689 metamorphofis
1162 2641 1208 2678 ad

171 2690 351 2736 verbum,
376 2691 519 2728 formae
551 2691 707 2729 mutatio
736 2690 997 2738 interpretatur.
1035 2691 1203 2728 Rmms.

173 2738 378 2791 Epigraphe
409 2741 456 2778 est
479 2770 490 2786 ,
534 2739 608 2779 sive
640 2740 785 2779 Titulus
816 2741 933 2789 operis
955 2769 966 2786 ‚
1013 2741 1204 2780 continens

175 2792 382 2877 generalem
403 2790 693 2841 propositionem
713 2791 824 2829 totius
846 2792 1062 2840 argumenti.
1089 2792 1205 2841 Signi-

206 2849 262 2878 cat
293 2842 392 2880 enim
420 2843 693 2887 μεταμόρφωσις
734 2841 875 2880 Graece
899 2870 909 2887 ,
961 2842 1060 2880 idem
1103 2843 1206 2891 quod

181 2889 320 2929 Latinis
363 2893 622 2939 transformatio
658 2910 667 2928 :
726 2892 833 2930 duc‘ta
865 2904 960 2930 voce
1006 2892 1026 2930 a
1062 2893 1208 2931 Graeco

180 2941 319 2986 verbo,
345 2942 648 2989 μεταμορφοῖσθαι
664 2971 674 2987 ,
700 2942 801 2992 quod
825 2942 957 2980 Latine
979 2945 1209 2990 transforma-

183 2990 215 3026 ri
228 3018 238 3034 ,
263 2991 442 3041 aliamque
464 2991 616 3042 figuram
638 3005 679 3030 ac
701 2992 832 3030 faciem
854 2993 1004 3030 induere
1026 2992 1209 3041 fignificat.

185 3035 359 3078 Describit
399 3043 498 3080 enim
530 3043 566 3080 in
607 3042 662 3080 his
700 3043 794 3081 libris
834 3042 990 3080 Ovidius
1026 3043 1209 3093 plerasque

186 3092 518 3130 transformationes
539 3092 625 3130 cum
657 3105 779 3130 rerum
825 3100 906 3130 tum
948 3094 1182 3142 personarum
1198 3124 1208 3141 ‚

186 3146 280 3184 quae
306 3141 382 3189 jam
414 3142 498 3180 inde
529 3143 573 3180 ab
601 3143 705 3180 initio
738 3142 867 3181 mundi
898 3142 1008 3193 usque
1035 3145 1079 3182 ad
1106 3144 1211 3193 ipsius

187 3192 352 3234 tempora
372 3192 534 3231 accidisse
555 3193 678 3231 fabulis
698 3193 894 3231 traduntur.
948 3196 1040 3242 Quo
1061 3195 1211 3244 quidem

188 3246 301 3282 opere
332 3242 536 3289 exemplum
567 3243 749 3281 Parthenii
780 3243 863 3280 Chii
896 3248 1029 3292 poetae
1049 3245 1211 3283 imitatus

183 3283 338 3334 dicitur,
365 3290 427 3340 qui
446 3291 544 3331 idem
563 3300 821 3344 argumentum
837 3294 918 3345 jam
940 3303 1048 3338 antea
1068 3296 1213 3338 Graeco

2181 1065 2301 1122 Ad·-

1254 1182 1433 1228 po‘e'inate
1463 1176 1626 1218 traetaffe
1658 1178 1781 1217 fertur.
1835 1178 1893 1217 Sic
1925 1178 1964 1216 &
1984 1179 2182 1229 Virgilius,
2213 1180 2302 1218 Ho-

1256 1242 1428 1276 merum,
1466 1230 1703 1275 Hesiodum,
1729 1232 1768 1268 &
1791 1230 2038 1267 Theocritum
2064 1244 2072 1267 ;
2101 1231 2305 1276 Horatius,

1255 1281 1479 1320 Pindarum:
1518 1281 1710 1325 Valerius,
1746 1280 2016 1330 Apollonium,
2052 1281 2218 1331 itemque
2243 1281 2304 1319 alii

1257 1332 1346 1370 alios
1366 1332 1499 1370 imitati
1518 1332 1607 1370 sunt.
1636 1332 1761 1369 Tanta
1783 1339 1907 1368 autem
1928 1331 2036 1380 hujus
2048 1332 2166 1380 operis
2187 1332 2304 1380 gratia

1259 1384 1371 1420 etiam
1407 1383 1503 1432 apud
1536 1383 1699 1420 Graecos
1732 1382 1802 1420 fuit
1827 1412 1836 1428 ‚
1875 1390 1916 1419 ut
1947 1382 2047 1419 idem
2080 1394 2125 1419 ex
2162 1382 2304 1419 Latino

1259 1433 1428 1471 sermone
1461 1434 1499 1471 in
1531 1434 1635 1471 suum
1668 1432 1824 1471 versibus
1864 1431 2115 1470 transtulerint.
2167 1433 2304 1482 Neque

1261 1485 1376 1522 ullum
1399 1483 1476 1523 fere
1500 1489 1639 1534 poema
1661 1485 1825 1522 invenias
1839 1512 1849 1529 ,
1888 1483 1990 1534 quod
2010 1490 2109 1520 tanta
2132 1483 2305 1523 facilitate

1262 1535 1349 1573 fluat
1363 1565 1372 1581 ‚
1410 1536 1505 1573 adeo
1538 1544 1577 1573 ut
1610 1536 1699 1573 dum
1721 1535 1872 1584 ingenio
1893 1535 1959 1571 suo
1979 1534 2096 1572 Poeta
2117 1534 2308 1582 indulget,

1261 1586 1398 1635 sibique
1427 1587 1500 1633 ipse
1530 1586 1687 1622 habenas
1719 1585 1920 1633 permittit,
1954 1583 1975 1621 a
2000 1584 2122 1622 multis
2145 1596 2227 1621 eam
2254 1583 2307 1621 ob

1258 1647 1338 1672 rem
1380 1635 1517 1672 nimiae
1559 1635 1669 1672 etiam
1711 1634 1876 1673 lasciviae
1907 1642 2066 1672 notetur.
2120 1635 2221 1672 Nam
2258 1635 2309 1673 de

1260 1686 1467 1723 eruditione
1489 1686 1576 1735 quid
1600 1685 1729 1723 attinet
1753 1683 1902 1724 dicere?
1930 1697 2025 1735 quae
2047 1693 2146 1723 tanta
2161 1714 2171 1730 ,
2209 1693 2308 1722 tam-

1259 1749 1332 1786 que
1354 1737 1452 1774 varia
1476 1737 1514 1773 &
1535 1735 1685 1773 abstrusa
1706 1737 1744 1772 in
1764 1737 1818 1772 his
1839 1737 1935 1772 libris
1958 1736 2031 1780 est,
2069 1743 2110 1772 ut
2132 1735 2246 1772 multa
2267 1736 2308 1774 in

1258 1787 1385 1824 iisdem
1406 1788 1490 1824 loca
1511 1798 1559 1824 ne
1580 1785 1601 1823 a
1624 1785 1836 1822 doetiffimis
1857 1785 2009 1835 quidem
2042 1784 2219 1822 haetenus
2243 1797 2309 1823 ex-
2366 1813 2372 1819 .

1259 1838 1389 1886 plicata
1403 1866 1413 1883 ‚
1441 1844 1503 1874 aut
1525 1844 1637 1874 etiam
1660 1835 1842 1873 intelle&a
1862 1836 1941 1873 satis
1962 1836 2099 1873 fuerint
2123 1864 2133 1880 ‚
2182 1837 2311 1874 omni-1

1260 1900 1387 1938 noque
1417 1888 1531 1926 Delio
1553 1886 1718 1937 quodam
1732 1916 1743 1932 ‚
1780 1894 1821 1924 ut
1841 1886 2039 1935 proverbio
2062 1886 2217 1932 dicitur,
2242 1899 2310 1925 na·-

1259 1946 1377 1976 tatore
1399 1939 1596 1987 indigeant.
1651 1937 1720 1975 Sed
1751 1938 1844 1975 haec
1874 1937 2060 1975 hactenus.
2112 1937 2311 1986 Disputant:

1260 1997 1383 2026 autem
1406 1990 1556 2039 quidam
1572 1996 1717 2034 ,utrum
1740 1987 1906 2037 singulari
1927 1999 2088 2026 numero
2112 1995 2310 2025 Metamor-

1253 2039 1363 2089 phofis
1386 2040 1537 2085 Ovidii,
1574 2039 1774 2076 dicendum
1806 2037 1881 2084 fit,
1919 2038 2070 2087 perinde
2092 2046 2132 2075 ut
2161 2039 2308 2076 Thebais

1261 2090 1387 2136 Statii,
1425 2091 1550 2128 Aeneis
1571 2090 1717 2138 Virgilii
1736 2091 1806 2127 &c.
1836 2100 1882 2126 an
1904 2088 1995 2126 vero
2018 2088 2200 2137 pluraliter
2229 2088 2311 2127 libri

1262 2141 1583 2191 Metamorphosewn
1605 2169 1616 2186 ‚
1654 2141 1885 2178 Graecorum
1920 2151 2051 2184 more,
2089 2140 2185 2188 apud
2212 2151 2309 2189 quos

1260 2191 1397 2229 eodem
1421 2204 1579 2229 numero
1602 2202 1644 2228 ac
1666 2191 1785 2228 modo
1797 2189 1948 2240 quidam
1961 2190 2138 2227 citantur:
2154 2190 2308 2240 quando

1259 2253 1337 2280 non
1360 2253 1432 2280 una
1455 2242 1662 2292 eademque
1686 2242 1732 2279 de
1755 2253 1793 2278 re
1815 2241 1853 2278 in
1875 2241 1950 2278 hoc
1984 2252 2095 2289 opere
2120 2269 2131 2284 ‚
2167 2240 2226 2277 sed
2260 2240 2309 2277 de

1261 2293 1382 2330 multis
1404 2304 1445 2330 ac
1468 2294 1572 2330 variis
1594 2291 1857 2330 mutationibus
1877 2290 2058 2328 tradatur.
2085 2290 2212 2339 Atque
2234 2302 2309 2339 ego

1261 2355 1412 2393 quoque
1433 2344 1471 2382 in
1495 2355 1537 2381 ea
1557 2343 1733 2380 sententia
1755 2342 1832 2380 sum
1848 2370 1858 2387 ‚
1887 2349 1926 2379 ut
1948 2340 2187 2390 posteriorem
2219 2341 2310 2378 titu-

1260 2393 1337 2430 lum
1370 2406 1448 2431 non
1492 2394 1612 2431 minus
1653 2405 1766 2443 quam
1808 2393 1970 2441 priorem
2015 2391 2180 2440 probem.
2235 2391 2308 2430 Sed

1261 2451 1387 2482 tamen
1411 2445 1495 2494 quia
1518 2454 1686 2482 veterum
1709 2443 1965 2491 exemplorum
1987 2441 2156 2490 scriptura
2171 2453 2307 2490 ‚quam

1262 2495 1398 2544 Regius
1419 2495 1571 2545 allegat,
1585 2494 1717 2532 deinde
1740 2496 1778 2531 ὃ(
1800 2493 1901 2530 Fabii
1923 2492 2094 2530 autoritas
2116 2499 2310 2541 repugnat,

1263 2546 1358 2593 apud
1381 2558 1493 2594 quem
1515 2545 1576 2583 lib.
1593 2557 1647 2582 xv.
1670 2543 1838 2593 singulari
1857 2542 1938 2580 casu
1951 2571 1962 2587 ‚
1976 2543 2100 2579 Ovidii
2113 2548 2311 2579 Metamor-

1256 2593 1367 2647 phosis
1397 2595 1529 2630 dicitur
1552 2621 1564 2637 ‚
1610 2593 1694 2629 cum
1729 2594 1775 2630 de
1806 2601 1889 2630 toto
1923 2604 2034 2641 opere
2065 2592 2310 2641 intelligatur,
2365 2588 2374 2594 ⁴

1263 2654 1427 2690 priorum
1451 2643 1657 2680 editionum
1679 2642 1950 2691 inscriptionem
1963 2643 2190 2680 retinuimus.
2204 2643 2308 2681 Nam

1263 2693 1366 2742 quod
1387 2693 1486 2731 idem
1509 2693 1645 2742 Regius
1674 2693 1742 2731 hos
1762 2692 1880 2731 versus
1903 2704 1948 2730 ex
1969 2693 2079 2732 tertio
2103 2692 2281 2732 Tristium
2295 2722 2310 2740 ‚

1260 2743 1409 2792 allegat:

1313 2800 1402 2832 Sunt
1413 2808 1543 2847 quoque
1554 2805 1712 2833 mutatae
1724 2806 1775 2834 ter
1787 2796 1936 2847 quinque
1958 2794 2142 2832 volumina
2145 2797 2305 2843 firmae,

1372 2848 1546 2884 Carmina
1568 2846 1607 2883 de
1629 2847 1760 2884 domini
1787 2849 1912 2894 funere
1936 2856 2038 2896 rapta
2054 2846 2125 2894 sui.

1264 2895 1365 2932 Huic
1388 2905 1516 2935 contra
1538 2896 1680 2945 opponi
1701 2905 1868 2946 poterat,
1897 2896 2000 2946 quod
2021 2895 2118 2944 apud
2145 2895 2306 2934 eundem

1265 2950 1417 2994 poetam
1439 2948 1476 2985 in
1498 2947 1620 2997 primo
1644 2947 1821 2985 Tristium
1841 2948 1994 2997 legitur:

1318 2999 1492 3035 Carmina
1514 3008 1672 3035 mutatas
1695 2998 1876 3035 hominurn
1901 2997 2051 3035 dicentia
2064 2999 2226 3045 formas,

1373 3048 1496 3096 Infelix
1519 3048 1650 3086 domini
1671 3050 1762 3099 quod
1775 3051 1863 3098 faga
1886 3048 1978 3098 rapit
1999 3058 2086 3097 opas.

1266 3097 1313 3134 Et
1334 3097 1435 3147 quod
1445 3099 1580 3136 Plinius
1599 3099 1708 3137 libros
1730 3100 1811 3137 suos
1825 3128 1835 3145 ,
1873 3099 2058 3146 Historiam
2081 3091 2306 3150 naturalemi

1266 3147 1436 3196 Virgilius
1457 3150 1547 3186 item
1570 3150 1723 3187 Culicem
1749 3179 1760 3196 ,
1799 3149 1965 3199 fingulari
1996 3156 2153 3184 numero
2183 3144 2305 3181 inscri-

1267 3197 1353 3246 pfit:
1384 3200 1417 3236 ei
1450 3199 1587 3237 rursum
1612 3201 1838 3250 opponitur,
1877 3197 1978 3247 quod
2000 3196 2099 3233 idem
2131 3194 2306 3243 Virgilius

1267 3248 1356 3286 alios
1376 3250 1485 3288 libros
1508 3252 1666 3299 Georgica
1691 3280 1701 3297 ,
1748 3252 1895 3288 Flaccus
1926 3247 2006 3285 suos
2038 3245 2308 3293 Argonautica,'

1269 3298 1426 3342 Ovidius
1457 3301 1635 3353 quosdam
1665 3300 1861 3343 Halieatica
1883 3327 1896 3349 ,
1942 3296 2152 3349 eodemque
2183 3294 2314 3385 ωοξὲἒ
