2483 3616
356 158 1564 219 METAMORPHOSEON
1637 159 1996 215 L1ss.XIlI.

2110 159 2208 225 ‘0³75

358 277 659 337 TherfiteS,
697 275 858 330 etiam
882 293 977 348 per
1000 293 1085 330 me
1111 276 1252 331 haud
1277 278 1522 348 impune,
1556 273 1835 346 proterviS.

353 350 547 418 Erigor
574 366 585 401 :
628 347 683 400 &
713 349 948 420 trepidos
973 350 1114 403 cives
1141 351 1399 403 exhortor
1424 349 1477 402 in
1503 347 1733 402 hostem:

210 438 310 488 235
346 418 708 492 Amiffamque
733 424 852 475 mea
878 422 1133 475 virtutem
1161 439 1296 474 voce
1320 422 1557 491 reposco,

353 491 632 563 Tempore
658 493 720 546 ab
745 493 848 548 hoc
873 495 1256 567 quodcumque
1281 492 1454 564 potest
1480 490 1657 546 fecisse
1681 488 1853 545 videri

350 563 587 619 Fortiter
611 565 732 630 iste,
769 585 949 621 meum
978 566 1052 620 est
1079 585 1089 620 :
1130 567 1223 638 qui
1250 565 1466 619 dantem
1491 576 1640 634 terga
1667 561 1878 618 retraxi.

349 635 602 709 Denique
630 639 698 692 de
727 639 923 693 Danais
949 640 1067 712 quis
1095 653 1148 692 te
1174 637 1418 692 laudatve
1444 636 1679 709 petitve?

350 709 428 762 At
453 710 538 764 sua
563 710 809 782 Tydides
834 729 1048 765 mecum
1072 710 1435 764 communicat
1460 708 1597 763 acta:

197 799 303 849 240
341 780 441 836 Me
467 782 655 853 probat
681 802 693 837 :
737 783 791 837 &
817 784 962 836 socio
991 783 1195 853 semper
1220 781 1444 836 confidit
1470 781 1646 835 Ulixe.

342 853 433 908 Est
458 855 682 927 aliquid,
722 855 791 908 de
817 868 897 908 tot
925 854 1213 924 Grajorum
1242 853 1496 918 millibus,
1531 870 1697 908 unum

336 928 390 980 A
419 926 685 981 Diomede
712 928 832 997 legi.
872 943 970 980 nec
1001 944 1085 980 me
1112 928 1220 980 sors
1247 928 1323 981 ire
1344 926 1584 996 jubebat:

336 999 420 1053 bic
451 1011 628 1053 tamen
655 998 709 1052 &
735 1000 910 1070 spreto
937 997 1212 1070 noetisque
1239 1000 1510 1072 hostisque
1537 998 1771 1070 periclo,

337 1071 541 1124 Ausum
569 1071 786 1134 eadem,
824 1089 960 1143 quae
985 1089 1083 1125 nos
1102 1109 1114 1131 ,

1159 1071 1387 1142 Phrygia
1414 1072 1484 1125 de
1510 1083 1672 1142 gente
1695 1071 1910 1125 Dolona

194 1162 296 1211 245·
336 1142 590 1196 Interimo
617 1163 627 1197 :
669 1160 780 1197 non
808 1157 929 1197 ante
955 1158 1128 1197 tamen
1152 1183 1159 1191 .,
1205 1161 1365 1215 quam
1392 1144 1580 1197 cuncta
1605 1144 1761 1215 co'e'gi

335 1214 575 1268 Prodere
603 1234 613 1266 :
656 1214 710 1267 &
738 1215 937 1278 edidici
966 1216 1095 1288 quid
1121 1216 1322 1286 perfida
1351 1214 1518 1286 Troja
1543 1232 1768 1286 pararet.

333 1286 527 1340 Omnia
553 1305 844 1358 cognoram
875 1307 884 1340 :
928 1306 1056 1351 nec,
1094 1288 1243 1361 quod
1271 1289 1587 1359 specularer,
1628 1288 1911 1343 habebam:

331 1358 402 1414 Et
421 1359 527 1432 jam
551 1360 825 1433 praemissa
853 1375 1093 1434 poteram
1119 1379 1243 1416 cum
1268 1360 1422 1416 laude
1447 1361 1660 1416 reverti.

44 1584 169 1618 meus,
197 1573 346 1621 rependo.
372 1573 501 1611 Putem
517 1601 527 1619 ,
557 1575 735 1623 reprendo,
755 1576 962 1625 eleganter,
991 1584 1030 1614 ut
1043 1575 1088 1614 ad

45 1624 223 1672 fugientes
246 1624 363 1662 socios
375 1625 539 1672 respiciat
553 1652 561 1665 ,
591 1626 788 1673 quomodo
801 1629 894 1674 apud
912 1628 1086 1664 Livium:

43 1674 102 1712 lib.
123 1687 249 1712 xxxxv.
274 1687 328 1720 14.
358 1675 452 1711 Adeo
472 1674 605 1711 turbati
626 1687 726 1712 erant
747 1677 889 1714 dextrae
901 1678 978 1714 alae
994 1678 1086 1727 equi-

45 1734 93 1761 tes
117 1725 330 1774 peditesque,
368 1736 408 1761 ut
440 1725 604 1773 quosdam
638 1727 763 1775 Consul
783 1733 870 1764 Cato
894 1741 1004 1765 manu
1025 1730 1088 1776 ipse

46 1775 250 1824 reprenderit
275 1776 486 1824 verteritque
512 1777 550 1812 in
569 1775 704 1823 hostem.
734 1779 926 1817 Lucretius
945 1779 1007 1817 lib.
1031 1791 1086 1817 VI.

49 1827 132 1874 567·

347 1876 446 1912 nulla
464 1876 607 1922 refrenet

100 1931 164 1962 Res
181 1953 190 1968 ‚
218 1939 321 1974 neque
336 1927 379 1963 ab
400 1928 504 1964 exitio
519 1927 611 1976 poffit
630 1928 835 1978 reprendere.

53 1974 150 2022 apud
168 1976 395 2022 Propertium
413 2005 423 2020 ,
452 1991 516 2015 111.
544 1990 639 2016 xvir.
667 1991 702 2027 9.

103 2025 222 2072 Qam
239 2024 328 2072 poffit
348 2026 528 2075 quisquam
552 2029 673 2076 nostros
692 2031 888 2078 reprendere
911 2032 1037 2082 cursus.

51 2085 141 2122 pro,
167 2086 213 2129 ei}
233 2077 316 2122 fuga
335 2078 532 2122 retrahere,
559 2080 668 2126 Epist.
689 2093 740 2118 xx.
764 2093 819 2130 53.

103 2130 275 2160 Continuo
294 2126 439 2172 gemitus
458 2127 629 2176 elapsaque
650 2130 756 2167 verba
777 2133 950 2181 reprendo.

50 2173 113 2211 ubi
134 2176 238 2212 multi
261 2175 405 2212 codices
423 2179 530 2214 etiarn
543 2206 552 2223 ,
581 2181 730 2228 rependo.
749 2183 843 2221 Met.
862 2197 922 2222 xv.
937 2186 1018 2234 526.
1040 2185 1086 2223 de

51 2225 263 2274 Hippolyto
283 2226 425 2273 direpto
439 2255 449 2270 ‚

103 2275 265 2312 Membra
282 2277 356 2324 rapi
370 2277 501 2325 partim
515 2304 525 2321 ,
547 2280 677 2326 partim
699 2286 851 2331 reprensa
872 2284 1032 2334 relinqui.

48 2326 122 2364 hoc
141 2326 189 2363 est
204 2355 214 2368 ,
242 2334 414 2375 tanquam
439 2340 482 2365 ex
502 2329 584 2377 fuga
604 2332 753 2368 retraua
767 2334 932 2380 vepribus
953 2337 1086 2374 adhae-

51 2388 140 2414 rere.
168 2377 267 2424 plura
296 2377 340 2414 ad
364 2378 490 2423 Justini
520 2379 578 2415 lib.
598 2392 761 2418 xxxvxu.
783 2383 959 2421 Graevius
983 2387 1019 2422 δε
1039 2387 1084 2424 ad

53 2427 185 2475 Vellej.
206 2440 250 2464 xx.
278 2439 356 2476 130.
375 2429 570 2467 Acidalius.
600 2431 742 2468 Heius.

101 2489 184 2527 237.
214 2478 287 2525 Qi
319 2478 461 2515 dantem
490 2490 582 2528 terga
605 2480 774 2530 retraxi.]
804 2483 917 2529 §Luem
942 2483 1084 2521 dantem

51 2529 232 2567 meliores.
264 2528 377 2566 IDEM.
419 2530 559 2567 Durior
579 2530 638 2567 ille
668 2533 860 2569 concursus
889 2545 1024 2571 vocum
1047 2537 1084 2573 in

48 2592 100 2615 em
111 2580 341 2622 exeuntium,
354 2582 390 2616 ὃς
403 2580 504 2628 quod
517 2592 535 2616 a
548 2580 694 2618 librariis
705 2583 912 2629 profectum
927 2584 1009 2629 fuit,
1020 2587 1082 2633 qui

50 2630 263 2667 metuebant
277 2630 459 2667 Orbilium
476 2659 485 2673 ‚
508 2630 532 2667 fi
544 2630 618 2679 post
632 2643 745 2667 meum
759 2632 822 2675 est,
850 2633 1058 2681 sequeretur
1069 2663 1080 2678 ‚

52 2680 121 2728 qui.
141 2679 200 2717 sed
219 2680 290 2717 vid.
315 2681 357 2717 ad
377 2693 391 2717 1
405 2681 566 2721 Trist.·}v.
590 2694 647 2727 41.
678 2691 859 2728 praeterea
879 2684 1004 2721 reduxi
1021 2686 1083 2724 hic

51 2729 194 2776 Junian.
211 2731 305 2767 male
329 2730 402 2768 vid.
425 2731 477 2774 >bs
500 2744 582 2777 229.
612 2730 737 2779 repreffi
754 2732 904 2771 Cantab.
932 2735 1059 2776 Bmm.

106 2780 188 2827 238.
233 2781 404 2830 Petit've.]
445 2782 499 2819 Sc.
542 2783 682 2819 socium
719 2783 886 2822 CIOFAN.
914 2786 1086 2824 Probatve

55 2830 150 2867 Cod.
169 2830 336 2867 Menard.
355 2833 391 2868 ὃς
411 2832 511 2869 alius.

106 2892 188 2926 ²40-
217 2879 368 2936 Confidit
385 2881 526 2932 ulysse]
553 2883 647 2921 Ulixi
667 2884 896 2924 Florentinus
910 2886 1087 2926 S.Marci.

57 2930 202 2967 Heius.
230 2930 303 2967 vid.
324 2930 367 2967 ad
383 2931 442 2968 lib.
462 2945 494 2969 x.
512 2934 571 2981 69.

106 2993 190 3026 241.
218 2980 271 3024 Est
289 2980 460 3030 aliquid.]
491 2983 548 3021 Sic
570 2985 725 3023 Remed.
742 2986 827 3032 482.

106 3031 163 3077 Est
180 3031 316 3078 aliquid
335 3031 458 3067 valida
471 3033 603 3082 sceptra
623 3045 733 3072 tenere
749 3050 868 3076 manu.

58 3079 106 3118 Et
125 3081 161 3118 in
185 3081 315 3118 Fastis:
346 3093 397 3118 vr.
418 3094 476 3127 29.

103 3131 160 3177 Est
176 3131 312 3181 aliquid
333 3130 465 3180 nupsisse
485 3133 588 3178 Jovi.

52 3182 177 3228 Quem
207 3182 326 3219 locum
365 3183 501 3229 profert
523 3183 687 3221 Budaeus
714 3185 751 3221 in
779 3186 996 3226 Comment.
1018 3191 1087 3227 lin-

49 3241 140 3277 guae
161 3232 320 3268 Graecae
350 3232 395 3270 de
416 3234 470 3276 τῖς
491 3233 646 3282 loquens
669 3247 678 3272 ε
707 3236 830 3283 aitque
852 3238 972 3285 valere
986 3249 1085 3286 pree-

47 3279 193 3332 glarum.
219 3281 382 3322 Cremu.
1077 3284 1085 3288 ⁴

2018 1431 2187 1488 Haud

1195 1587 1277 1622 242.
1307 1580 1344 1612 A
1364 1574 1529 1612 Diomede
1548 1573 1646 1624 legi.]
1677 1572 1791 1623 Quafi
1813 1572 1908 1610 dicat
1928 1569 1948 1609 ὲ
1968 1572 2048 1609 viro
2069 1571 2188 1609 fortis-

1143 1624 1250 1664 fimo.
1279 1626 1338 1663 Est
1357 1635 1480 1663 autem
1504 1624 1680 1674 emphasis
1693 1624 1870 1674 quaedam
1886 1625 1922 1660 in
1936 1624 2091 1659 nomine
2101 1622 2188 1658 Dio-

1143 1677 1249 1715 mede.
1287 1675 1428 1714 Verum
1460 1685 1586 1714 contra
1616 1675 1939 1713 hancsententiam
1965 1672 2190 1720 responden-

1143 1735 1218 1764 tem
1250 1727 1443 1765 induxerat
1462 1727 1618 1775 Ajacem
1640 1725 1879 1763 Theodectes
1895 1752 1903 1768 ,
1932 1725 1994 1772 qui
2017 1723 2190 1771 Tragoe-

1141 1777 1239 1815 diam
1264 1778 1308 1815 de
1327 1790 1512 1815 armorum
1532 1777 1676 1826 judicio
1702 1775 1966 1822 conscripserat.
1995 1774 2082 1822 Ejus
2107 1784 2188 1810 ver-

1140 1828 1270 1866 borum
1291 1828 1431 1866 sensum
1453 1829 1500 1865 ita
1519 1829 1627 1864 refert
1648 1826 1755 1864 Arist.
1774 1825 1835 1863 sub
1856 1825 1967 1862 finem
1987 1824 2047 1861 lib.
2069 1836 2112 1861 11.
2141 1823 2188 1861 de
2206 1845 2207 1855 κ

1143 1879 1400 1917 Artedicendi.
1429 1877 1745 1926 deDiomedes,
1775 1885 1851 1914 utar
1863 1876 2000 1912 Mureti
2017 1886 2189 1923 praecep-

1142 1932 1231 1968 toris
1259 1931 1332 1967 mei
1354 1930 1677 1977 interpretatione,
1715 1927 1849 1963 Ulixem
1867 1924 1934 1975 fibi
1963 1936 2044 1972 prae
2072 1925 2188 1961 ceteris

1144 1982 1300 2017 comitem
1327 1979 1459 2028 elegerit
1468 1994 1479 2022 ;
1512 1992 1580 2015 non
1603 1979 1686 2028 quia
1708 1991 1784 2014 eum
1807 1977 1925 2024 magni
1935 1977 2068 2022 faceret
2086 2003 2097 2021 ,
2124 1975 2187 2022 fid

1144 2041 1183 2066 ut
1207 2032 1362 2068 comitem
1385 2029 1579 2076 inferiorem
1600 2029 1748 2066 haberet.
1778 2028 1947 2064 CxorAN.

1196 2094 1279 2130 243.
1307 2081 1370 2118 Sed
1390 2091 1509 2117 tamen
1527 2079 1606 2128 effi]
1636 2080 1687 2116 Sic
1706 2090 1825 2115 tamen
1849 2078 1881 2114 S.
1906 2077 2044 2120 Marci,
2072 2076 2185 2124 prim..-

1144 2132 1236 2181 Reg.
1258 2133 1346 2169 alter
1369 2132 1571 2180 Hamburg.
1598 2128 1920 2167 Urbin.-Cantabr.
1938 2128 2006 2164 sec.
2023 2127 2182 2164 Palat.&

1140 2182 1199 2220 alii
1219 2184 1394 2232 quinque.
1424 2183 1539 2219 IDEM.
1567 2181 1653 2218 Vid.
1676 2180 1721 2217 ad
1741 2179 1846 2227 Epist.
1868 2190 1918 2214 XI.
1941 2189 2024 2225 2¹9·

1193 2242 1272 2280 244.
1301 2235 1440 2280 Ausum
1469 2232 1587 2268 eadem
1618 2244 1704 2281 quae
1726 2228 1820 2277 nos.]
1860 2229 1999 2276 Ausum
2020 2226 2125 2263 etiam
2149 2227 2185 2265 S.

1140 2284 1282 2328 Marci,
1312 2284 1443 2322 Urbin.
1464 2282 1623 2331 Neapol.
1642 2282 1748 2329 prim.
1769 2280 1904 2317 Erfurt.
1927 2279 1965 2314 &
1986 2279 2091 2314 multi
2110 2276 2184 2314 alii.

1140 2346 1255 2378 unus,
1284 2334 1344 2382 qui
1362 2347 1431 2371 nos.
1469 2333 1601 2376 Forte,
1639 2330 1778 2378 Ausum
1797 2328 1913 2365 eadem
1935 2327 2039 2364 nobis.
2083 2327 2184 2365 Vide

1140 2384 1258 2421 Notas
1280 2384 1325 2421 ad
1340 2384 1400 2421 lib.
1423 2397 1451 2420 1.
1479 2384 1613 2419 Amor.
1633 2381 1690 2419 El.
1708 2393 1760 2418 xv.
1783 2379 1913 2417 Noster
1929 2378 2055 2425 supra,

1188 2438 1233 2469 Et
1253 2447 1344 2469 nuno
1363 2433 1419 2470 ille
1436 2433 1553 2469 eadem
1575 2431 1667 2468 nobis
1682 2431 1829 2479 juratus
1849 2430 1887 2465 in
1902 2441 2016 2465 arma.

1139 2483 1254 2519 IDEM.
1292 2483 1362 2520 Sed
1392 2495 1509 2532 aeque
1540 2482 1683 2530 elegans
1715 2478 1752 2518 Sc
1772 2480 1948 2517 Latinum
1970 2478 2084 2527 magis
2105 2478 2182 2523 est,

1140 2535 1258 2569 eadem
1279 2546 1365 2582 quae
1382 2547 1461 2575 nos,
1492 2544 1576 2571 cum
1597 2533 1707 2570 altera
1728 2531 1871 2569 locutio
1883 2529 2114 2568 Graecismus
2126 2528 2181 2568 fit.

1142 2584 1273 2621 Noster
1295 2585 1353 2621 lib.
1367 2596 1421 2621 vi.
1441 2584 1528 2620 Fast.
1549 2584 1633 2629 267.

1191 2634 1282 2681 Vesta
1300 2634 1417 2670 eadem
1441 2634 1483 2681 est
1502 2647 1589 2683 quae
1609 2643 1701 2670 terra
1717 2660 1728 2676 ,

1141 2684 1179 2721 ὃς
1198 2686 1248 2722 ita
1273 2685 1407 2722 Cicero
1436 2686 1570 2721 centies
1585 2711 1594 2726 ,
1617 2685 1654 2721 ἃ
1673 2684 1744 2721 alii.
1771 2682 1902 2720 BURM.

1191 2747 1273 2781 244.
1303 2734 1438 2771 Dolona
1456 2734 1642 2779 interimo,
1670 2733 1768 2783 eya]
1797 2734 1885 2772 Huc
1904 2732 2043 2771 faciunt
2060 2730 2118 2770 illa
2137 2742 2182 2770 ex:

1142 2797 1162 2822 e
1192 2786 1241 2822 ist.
1267 2798 1295 2822 1.
1367 2814 1375 2823 .

1165 2796 1401 2874 pRettul13t9e9¹
1415 2837 1506 2882 ferro
1529 2834 1741 2886 Rhesumque
1757 2833 1958 2884 Dolonaque
1975 2833 2101 2881 caefhs,

1243 2892 1351 2936 thue
1361 2885 1409 2936 fit
1429 2886 1483 2923 hic
1495 2888 1614 2933 somno
1631 2886 1810 2935 proditus,
1836 2885 1891 2922 ille
1907 2884 1992 2921 dolo.

1192 2939 1310 2986 Ausus
1327 2951 1357 2974 es
1377 2938 1393 2973 ὂ
1413 2936 1562 2973 nimium
1576 2965 1584 2980 ,
1611 2937 1828 2986 nimiumque
1844 2934 1945 2970 oblito
1963 2943 2101 2968 tuorum
2114 2959 2124 2974 ,
2175 2934 2181 2953 ἲ

1244 2988 1392 3025 Thracia
1416 2990 1577 3024 ncrfft'urno
1595 2998 1730 3035 tangere
1751 2987 1857 3032 castra
1873 2982 1956 3018 dolo.
1986 2983 2154 3019 CIOFAN.

1192 3039 1275 3086 246.
1303 3038 1475 3086 Perfida.]
1506 3038 1672 3074 Maxima
1692 3037 1819 3072 Oxou.

1194 3101 1277 3135 247.
1308 3096 1377 3125 Nec
1410 3088 1493 3138 quid
1513 3086 1740 3136 specularem]
1778 3092 1848 3122 Nec
1867 3081 1956 3134 quod
1974 3092 2056 3119 cum
2080 3082 2179 3129 opti-

1143 3152 1208 3178 mo
1228 3141 1388 3176 Florent.
1407 3140 1512 3186 prim.
1527 3139 1657 3174 Erfurt.
1672 3137 1776 3183 prim.
1789 3136 1925 3171 Moret.
1936 3133 2042 3180 prim.
2053 3132 2177 3169 Twis-

1143 3191 1225 3227 den.
1257 3191 1293 3225 ὃς
1324 3200 1400 3224 uno
1433 3199 1532 3224 meo.
1568 3187 1712 3222 Herm.
1741 3184 1838 3222 Vide
1858 3183 1917 3223 lib.
1938 3194 2008 3222 xxx.
2028 3194 2114 3232 290.
2142 3194 2181 3221 x.

1145 3251 1227 3289 372.
1255 3239 1425 3285 Virgilius
1442 3247 1565 3273 tamen
1589 3236 1722 3272 Eclxr.
1741 3245 1776 3275 2.

1195 3293 1266 3325 Nec
1288 3287 1372 3336 quid
1383 3289 1532 3336 speraret
1552 3284 1709 3334 habebat.

1196 3334 1230 3337 m
1447 3335 1564 3373 Sssss
1596 3346 1613 3383 3
2157 3333 2206 3380 in,
