2483 3616
302 155 1544 228 METAMORPHOSEON
1618 157 1759 215 L113.
1832 159 1914 218 111.

2066 180 2163 232 215

321 268 582 323 Planxere
612 258 668 312 &
694 257 954 330 Dryades
992 255 1364 329 plangentibus
1390 256 1609 312 adsonat
1632 255 1807 314 Echo,

318 341 545 410 Jamque
569 348 763 403 rogum
783 369 799 395 ‚
840 328 1150 404 quaffasque
1174 329 1343 394 faceS‚
1379 328 1749 404 feretrumque
1773 333 2052 404 parabant:

319 412 597 481 Nusquam
622 421 818 475 corpus
844 418 970 459 erat.
1011 420 1268 458 croceum
1293 420 1394 475 pro
1420 421 1650 477 corpore
1679 403 1874 460 florem

180 501 280 554 510
318 481 624 542 Inveniunt‚
663 476 802 532 foliis
829 477 1072 533 medium
1095 476 1430 548 cingentibus
1456 477 1599 534 albis,

617 624 940 674 FAB.VII.
985 623 1583 673 ARGUMENTUM.

495 765 641 815 Liber
664 778 794 831 pater
830 761 1034 814 Semelae
1057 761 1107 810 &
1123 762 1256 825 Jovis
1279 761 1401 811 filius
1425 763 1474 811 in
1496 763 1725 813 Acoeten.

94 887 308 937 Pentheus
352 886 553 934 Echionis
588 887 642 939 ἐφ’
680 888 855 948 Agaves
879 885 1003 944 filius
1033 885 1078 928 in
1114 891 1390 943 contemptum
1419 891 1436 910 ²
1457 884 1630 931 trahens
1663 883 1683 910 b
1697 883 1947 945 praedicata
1985 885 2163 945 Tiresiae

29 958 226 1017 auguris,
262 964 309 1000 ut
333 955 378 998 in
410 953 599 998 adventu
631 952 780 998 Liberi
812 954 828 973 ⁰
853 947 1043 995 Thebani
1067 946 1223 1011 hederax
1255 950 1444 995 redimiti
1459 949 1754 1009 procederent,
1789 964 1839 994 ac
1860 947 1991 1010 sacra
2022 947 2161 1011 susci-

22 1030 196 1083 pereat,
231 1015 249 1044 ‘³
265 1017 459 1081 prohibet
481 1016 582 1080 suos
597 1029 750 1078 parere
773 1015 939 1060 monitis
954 1032 973 1069 3
1006 1012 1117 1073 quod
1148 1023 1318 1074 negaret
1341 1031 1391 1060 ex
1425 1014 1581 1060 Semele
1605 1018 1622 1037 ‘²
1646 1014 1766 1061 deum
1782 1013 2015 1074 proditum.
2052 1016 2161 1060 Con-

33 1203 113 1252 746.
133 1203 306 1241 Lucanus
334 1201 394 1240 lib.
414 1212 475 1238 111.
511 1209 594 1249 735.
622 1198 668 1237 de
701 1197 793 1248 Argi
821 1204 923 1247 patre
951 1194 1066 1234 mori-

106 1253 128 1291 d
167 1267 175 1291 :

27 1253 164 1340 burivgc
177 1304 298 1351 subit,
324 1313 427 1352 atque
449 1300 552 1337 oculos
573 1299 691 1349 vastae
712 1299 879 1337 obduxere
899 1298 1066 1336 tenebrae.

26 1353 229 1393 Htmsrus.
254 1352 342 1391 Vid.
362 1353 427 1389 inf.
452 1353 537 1399 695.

81 1417 162 1454 504.
190 1403 371 1454 Postquam
392 1401 434 1449 est
454 1401 592 1448 inferna
616 1402 696 1449 sede
715 1399 902 1451 receptus.]
932 1400 993 1437 De
1013 1399 1065 1436 E·

26 1455 101 1493 cho
114 1483 126 1500 ,
152 1454 299 1492 dolente
319 1462 466 1502 propter
479 1452 628 1490 Narciffi
650 1452 975 1502 mortem‚legitur
985 1450 1067 1489 Au-

27 1504 120 1555 sonii
141 1504 417 1544 Tetrastichon:

80 1557 316 1595 Commoritur
339 1554 489 1605 Narciffiz
511 1554 574 1592 tibi
595 1554 790 1603 refhnabilis
810 1553 900 1591 Echo
913 1582 926 1600 ,

132 1608 224 1644 Vocis
244 1607 292 1642 ad
312 1616 477 1643 extremos
497 1605 703 1642 exanimata
725 1605 851 1642 modos.

80 1661 130 1695 Et
143 1656 316 1707 pereuntis
335 1655 449 1693 adhuc
466 1656 634 1705 gemitum
649 1683 659 1699 ‚
688 1656 835 1704 reftcuta
858 1654 1041 1705 querellisj

130 1708 264 1746 Ultima
283 1719 374 1744 nunc
394 1707 500 1744 etiam
518 1706 625 1743 verba
647 1706 814 1756 loquentis
833 1717 944 1744 amat.

26 1758 239 1799 (honnus.

78 1823 165 1859 ςος.
192 1807 397 1859 spectabat]
425 1807 624 1858 speculabat
635 1806 889 1845 Bononiensis.
903 1819 972 1856 pro
986 1819 1062 1858 quo

28 1859 198 1898 Heinsius
229 1859 319 1897 olim
348 1859 546 1908 speculatur
577 1857 788 1907 reponebat.
815 1870 908 1895 unus
940 1859 1066 1896 Medi-

27 1921 127 1956 ceus,
149 1911 313 1948 miratur.
341 1909 445 1959 quod
466 1907 610 1947 fortasse
642 1921 661 1946 a
692 1909 836 1946 librario
859 1907 1065 1957 posterioris

26 1961 109 1999 aevi
129 1961 335 2010 profectum
353 1988 363 2005 ,
390 1972 466 2010 quo
498 1960 653 2004 mirari,
687 1972 753 2008 pro
785 1960 822 1997 in
853 1959 997 2008 speculo
1027 1960 1064 1997 se

25 2011 158 2050 intueri
178 2012 370 2056 dixerunt,
396 2009 494 2048 unde
518 2010 612 2047 Galli
642 2010 745 2047 suum
769 2010 875 2047 mirer
898 2038 907 2054 ‚
938 2011 976 2047 δε
997 2011 1064 2046 mi-

29 2062 97 2098 roir
117 2069 311 2099 traxerunt.
342 2061 427 2098 vide
460 2060 604 2098 Salmas.
634 2060 680 2098 ad
709 2060 824 2097 Treb.
854 2060 948 2098 Poll.
973 2061 1062 2098 Gal-

29 2109 113 2148 lien.
135 2123 212 2159 cap.
242 2124 277 2160 9.
310 2113 348 2149 &
379 2112 444 2148 Du
465 2111 592 2159 Cange
625 2109 738 2148 Gloff.
772 2111 894 2148 Latin.
924 2111 961 2148 in
994 2111 1063 2147 mi·-

30 2161 115 2197 rari.
141 2169 323 2209 praeterea
344 2162 381 2198 in
395 2161 521 2211 stygias
534 2161 711 2210 speetabat
735 2175 845 2212 aquas
866 2173 959 2198 unus
971 2161 1063 2198 Mo-

28 2211 109 2248 reti.
127 2211 273 2260 stygiam
293 2225 422 2262 aquam
444 2212 587 2260 Thyfii.
608 2220 649 2249 ut
668 2211 716 2250 vs.
738 2224 825 2261 499.
851 2211 984 2249 BuRM.

83 2272 168 2309 ¹507-
203 2261 421 2298 planxerunt
459 2263 630 2311 Dryades.
657 2262 672 2312 ]
723 2263 894 2300 Planxere
925 2264 1062 2312 primus

29 2309 194 2356 Moreti‚
219 2311 328 2360 prior.
349 2312 552 2362 Hamburg.
575 2315 614 2351 ὅς
635 2313 798 2363 quinque
831 2313 902 2350 alii.
938 2315 1065 2362 Repo-

31 2373 94 2406 ne,
117 2363 287 2399 Planxere
307 2373 351 2402 ey
373 2363 543 2409 Dryades.
578 2363 811 2412 praecedenti
841 2363 944 2401 Versu
971 2376 1037 2412 pro
1052 2392 1063 2409 ,

19 2413 137 2459 fratri
167 2412 346 2462 imposuere
382 2412 518 2461 primus
548 2413 810 2462 Gronovianus
834 2442 844 2458 ‚
870 2415 970 2462 prior
999 2415 1067 2452 Er-

28 2461 193 2500 furtenfis
208 2490 218 2507 ,
246 2465 285 2500 &
307 2462 381 2501 duo
404 2462 487 2507 alii,
507 2463 663 2512 posuere,
690 2464 956 2511 quod'arridet.
978 2476 1066 2501 nam

28 2512 225 2562 quomodo
257 2514 356 2550 fratri
396 2513 631 2560 imponerent
660 2513 806 2561 capillos
831 2542 841 2559 ,
890 2515 954 2563 qui
984 2514 1068 2552 nus-

29 2573 141 2613 quam
163 2562 266 2602 erat?
295 2563 424 2601 Statius
447 2564 569 2601 Theb.
588 2575 640 2600 v1.
663 2575 749 2612 5¹5·

531 2619 574 2650 Te
584 2614 762 2663 plangeret
784 2618 922 2663 Argos,
978 2623 988 2630 “

79 2670 124 2703 Te
146 2671 300 2711 Nemea,
326 2664 390 2702 tibi
412 2670 524 2701 Lerna
544 2676 679 2709 comas,
709 2664 907 2716 Larissaque
925 2664 1067 2715 supplex

79 2721 230 2753 Poneret.

29 2761 112 2803 Lib.
133 2778 168 2803 v.
190 2766 274 2803 Silv.
296 2778 362 2806 111.
389 2766 471 2804 106.

82 2822 171 2853 Pone
183 2817 284 2865 super
306 2818 455 2854 tumulos
476 2828 520 2856 <gy
540 2818 660 2867 magni
671 2818 784 2864 funus
806 2815 955 2856 alumni.

31 2864 172 2904 Hiems.
198 2866 327 2904 Similis
349 2878 447 2905 error
467 2866 552 2905 infr.
570 2880 624 2908 vx.
643 2880 731 2915 240.

137 2916 255 2952 Finem
269 2918 402 2965 posuere
423 2916 544 2955 labori.

35 2963 112 3000 Ubi
126 2965 308 3020 >imposuere
328 2967 476 3015 vulgati.
501 2967 540 3005 in
564 2968 692 3007 codice
713 2969 959 3007 Gronoviano
995 2975 1070 3006 erat

29 3015 145 3059 fronte
156 3019 297 3063 posuere.
331 3018 420 3067 quid
449 3016 475 3054 sl
499 3045 510 3062 ,
535 3020 633 3065 fonti
657 3020 789 3069 posuere
809 3030 824 3057 ἒ
862 3031 926 3068 per
958 3031 1070 3068 quem

38 3074 175 3111 nempe
197 3065 374 3105 Narciffus
405 3067 559 3116 perierat
579 3097 591 3114 ,
627 3069 665 3106 ὃς
688 3068 787 3118 quasi
820 3070 895 3118 ejus
929 3070 1072 3107 bustum

37 3114 168 3150 fuerat.
193 3113 351 3154 solebant
379 3118 479 3155 enim
519 3119 669 3156 tumulis
698 3120 843 3168 imponi
871 3120 1010 3168 capilli,
1033 3128 1074 3158 ut

38 3169 173 3218 notum
192 3163 255 3218 est.
281 3165 353 3220 vid.
372 3168 491 3205 Barth.
516 3168 563 3205 ad
583 3169 670 3206 Stat.
688 3182 747 3210 vx.
770 3170 894 3207 Theb.
932 3182 1011 3218 194.
1036 3171 1075 3207 ὃς

38 3224 133 3262 quos
153 3211 202 3250 lbl
230 3212 403 3261 plurimos
431 3217 565 3256 laudat.
586 3227 707 3267 ponere
732 3231 823 3256 vero
854 3219 940 3257 ideo
972 3231 1076 3268 prae-

36 3262 230 3313 ferendum
244 3290 256 3309 ,
282 3263 368 3313 quia
382 3265 457 3305 hoe
476 3267 590 3307 verbo
613 3280 652 3307 in
674 3269 1002 3309 consecrationibus
1023 3270 1078 3308 fe-

2012 1077 2160 1139 fnum

1121 1209 1161 1236 re
1182 1205 1357 1242 utuntur3
1382 1196 1421 1235 &
1442 1208 1555 1247 genus
1576 1205 1650 1236 erat
1669 1198 1949 1236 consecrationis
1974 1225 1985 1242 ,
2012 1196 2162 1246 capillos

1120 1261 1273 1299 ponere.
1293 1247 1341 1286 fic
1368 1248 1453 1286 licet
1475 1248 1542 1285 alia
1569 1247 1764 1286 occasione
1779 1277 1789 1293 ‚
1817 1249 1920 1286 Silius
1937 1248 1995 1286 lib.
2010 1259 2161 1285 1v.2oo.

1174 1299 1356 1337 occumbit
1375 1305 1536 1335 Sarmens
1550 1327 1560 1343 ‚
1581 1298 1725 1348 flavam
1747 1299 1806 1349 qui
1822 1309 1940 1348 ponere
1961 1299 2074 1334 vietor

1174 1350 1371 1399 Caesariem
1382 1349 1574 1399 crinemque
1585 1349 1663 1394 tibi,
1674 1349 2009 1394 Gradive‚vovebat.
2023 1348 2076 1385 Bu
2084 1362 2107 1386 R
2115 1348 2162 1385 ΜΞ

1173 1401 1258 1450 508.
1285 1399 1496 1450 Qaffafique
1506 1399 1639 1450 faces.]
1670 1399 1787 1448 Caffas
1806 1408 1962 1450 quatuor
1981 1399 2163 1443 Medicei,

1124 1451 1164 1490 δε
1187 1451 1263 1490 duo
1295 1450 1629 1499 Cantabrigienses,
1657 1451 1695 1489 δε
1714 1462 1806 1489 unus
1837 1449 1990 1488 Heinfii.
2028 1449 2159 1488 eadem

1125 1503 1279 1541 varietas
1302 1514 1338 1539 v.
1363 1501 1451 1539 Fast.
1474 1501 1559 1547 508.

1175 1559 1224 1591 Et
1237 1555 1371 1603 profert
1391 1553 1525 1602 quaffas
1546 1552 1814 1604 comminuitque
1824 1554 1930 1601 fizces.

1124 1604 1173 1644 Et
1192 1605 1257 1643 inf.
1280 1615 1340 1641 xv.
1363 1615 1448 1653 399.

1174 1655 1373 1705 Qaffizque
1393 1668 1472 1692 cum
1489 1653 1601 1702 fulva
1616 1653 1812 1703 substravit
1824 1654 1988 1691 einnama
2000 1652 2158 1702 myrrha.

1121 1707 1199 1745 Ubi
1213 1705 1415 1755 vide.eaffizs
1418 1707 1513 1753 faces
1523 1705 1991 1753 interpretariliceret,quae
2004 1703 2159 1741 reseuae

1122 1758 1167 1796 ab
1187 1757 1341 1801 arbore,
1367 1756 1476 1794 succo
1505 1755 1569 1793 suo
1592 1763 1738 1800 carent,
1765 1756 1804 1793 ὃς
1826 1755 1944 1792 aridae
1965 1754 2056 1792 sunt.
2085 1754 2162 1792 vid.

1122 1809 1162 1846 ὃς
1190 1808 1236 1846 ad
1268 1806 1604 1853 Quin&.1nst.><1.
1633 1817 1664 1855 3.
1687 1807 1725 1844 &
1756 1807 1927 1843 Gronov,
1958 1805 2002 1843 ad
2033 1805 2160 1842 Senec.

1121 1858 1167 1897 de
1182 1858 1315 1897 Brevit.
1327 1858 1422 1895 vitae
1435 1869 1513 1906 cap.
1523 1870 1559 1895 x,
1571 1869 1615 1894 ex
1636 1858 1737 1907 cujus
1747 1857 2047 1905 interpretatione
2060 1854 2163 1905 quast

1111 1910 1173 1959 sas
1186 1911 1283 1956 faces
1314 1908 1454 1958 fragiles
1475 1906 1661 1957 poffemus
1695 1918 1836 1956 capere.
1873 1906 1981 1956 eligat
2012 1906 2162 1944 ieecor:

1119 1960 1223 1998 nobis
1245 1971 1375 2009 parum
1403 1957 1569 1996 intereffe
1590 1958 1749 1996 videtur.
1770 1958 1899 1995 Bunm.

1172 2023 1257 2059 509.
1285 2016 1448 2048 Croceum
1462 2019 1525 2059 pro
1548 2019 1675 2059 corpore
1688 2008 1843 2059 florem.]
1875 2007 2159 2057 Intelligendum

1119 2061 1165 2099 de
1189 2062 1300 2099 calice
1322 2060 1395 2098 five
1416 2060 1590 2098 interiore
1609 2068 1709 2107 parte
1742 2059 1850 2097 floris.
1875 2059 1974 2096 unde
1997 2059 2162 2103 κρικῶδες

1117 2111 1329 2149 Dioscoridi
1349 2110 1490 2149 dicitur.
1526 2111 1565 2148 δε
1586 2111 1720 2148 Plinius
1740 2110 1799 2148 lib.
1821 2122 1900 2147 xxx.
1934 2121 1991 2157 19.
2014 2106 2163 2154 Narctffi

1117 2163 1184 2200 duo
1198 2176 1333 2212 genera.
1363 2175 1475 2199 unum
1489 2170 1656 2211 purpureo
1670 2160 1757 2210 flore
1793 2188 1804 2205 ,
1831 2172 1874 2200 (φ
1909 2159 2059 2196 alterum
2082 2158 2160 2194 her-

1117 2213 1269 2252 baceum.
1303 2212 1381 2251 Ubi
1403 2212 1512 2250 Salm.
1547 2212 1677 2249 Exere.
1706 2211 1795 2249 Plin.
1831 2222 1910 2259 pag.
1943 2221 2002 2254 72.
2039 2208 2165 2244 helva-

1118 2277 1212 2301 ceum
1235 2293 1245 2309 ‚
1275 2262 1417 2302 rescribi
1432 2263 1537 2312 jubet
1560 2290 1571 2308 ,
1610 2261 1714 2312 quod
1740 2261 1905 2309 repudiat
1937 2258 2162 2296 Harduinus.

1118 2323 1159 2352 ut
1181 2316 1219 2353 δί
1239 2315 1300 2352 lib.
1325 2328 1402 2353 xxx.
1425 2325 1502 2363 cap.
1536 2327 1569 2363 ς.
1607 2313 1698 2349 calix
1727 2311 1918 2348 belvaceus.
1944 2309 2005 2346 ubi
2040 2310 2077 2346 ὅ(
2107 2308 2167 2346 di-

1118 2365 1285 2415 stinguit,
1308 2364 1505 2414 Narciffum
1525 2364 1625 2401 calice
1639 2372 1815 2413 purpureo.
1840 2360 1954 2410 qualis
1975 2359 2020 2397 ab
2039 2359 2165 2408 Virgi-

1121 2416 1172 2454 lio
1203 2416 1332 2465 Eclog.
1368 2428 1405 2453 v.
1441 2415 1499 2464 38.
1519 2424 1708 2464 purpureus
1728 2411 1902 2461 Narcissus
1924 2410 2064 2448 dicitur.
2102 2410 2165 2447 ubi

1123 2466 1268 2507 Servius
1298 2477 1366 2515 pro
1385 2465 1547 2514 specioso
1578 2463 1653 2501 five
1684 2462 1837 2511 pulchro
1865 2462 1971 2510 capit.
2004 2459 2170 2497 Urbinas

1124 2516 1243 2553 codex
1263 2516 1325 2553 hic
1357 2517 1502 2553 niveum
1514 2514 1638 2564 florem
1659 2513 1778 2550 habet.
1806 2511 1868 2550 sed
1888 2511 1984 2549 foliis
2007 2511 2056 2548 est
2076 2522 2166 2548 can-

1123 2565 1238 2610 didis,
1265 2565 1376 2603 calice
1406 2576 1553 2604 croceo.
1580 2572 1622 2601 ut
1644 2563 1832 2601 Salmasius
1852 2562 1973 2600 docet.
1999 2562 2130 2600 BunM.

1175 2624 1190 2642 ³
1217 2615 1412 2665 Trahens.]
1440 2621 1579 2652 Ducens
1598 2615 1695 2652 Mar.
1714 2613 1866 2652 Giseli‘n.

1175 2666 1193 2693 b
1219 2667 1426 2703 Praedicata
1449 2664 1620 2716 Tirefiae]
1649 2665 1785 2702 Venet.
1803 2663 2166 2714 Micyll.&Raener,

1125 2717 1310 2754 Praedicta
1333 2715 1473 2764 Tiresiae
1491 2717 1654 2766 auguris,
1682 2729 1759 2752 cum
1781 2716 1819 2752 in
1840 2716 1912 2752 &c.
1940 2715 2162 2751 Manciam.

1126 2767 1181 2805 Ita
1203 2768 1242 2805 δε
1263 2768 1381 2805 Parm.
1405 2767 1526 2816 Lugd.
1557 2768 1717 2806 Raener.
1750 2767 1789 2803 in
1810 2773 2037 2814 contemptum
2061 2773 2167 2814 prae-³

1126 2817 1275 2855 dicantis
1306 2815 1459 2868 Tirefiae.
1487 2817 1625 2854 Colon.

1174 2868 1191 2895 b
1217 2869 1425 2905 Praedicata
1457 2865 1599 2916 Tiresiae
1637 2865 1779 2916 auguris
1800 2895 1810 2911 ‚
1845 2875 1886 2902 ut
1916 2865 1954 2902 in
1985 2864 2074 2914 wo]
2105 2864 2162 2900 Sic

1123 2918 1239 2968 scripfi
1261 2930 1308 2956 ex
1328 2919 1377 2955 V.
1399 2919 1444 2957 C.
1465 2918 1607 2956 Mirum
1639 2929 1732 2967 quos
1752 2917 1790 2954 in
1813 2914 1947 2953 modos
1967 2916 2057 2953 haec
2080 2925 2163 2950 mu-

1125 2978 1204 3007 tent
1236 2969 1328 3010 alii,
1361 2971 1402 3006 τὸ
1433 2980 1473 3006 ut
1502 2968 1638 3018 pendet
1669 2967 1689 3005 {1
1714 2996 1724 3012 ‚
1754 2967 1956 3017 praedicata
1981 2994 1990 3011 ‚
2028 2971 2067 3002 ut
2097 2962 2164 3006 fit,

1128 3028 1372 3058 contemnens
1399 3031 1441 3057 ea
1463 3020 1572 3057 verba
1587 3047 1597 3064 ‚
1625 3018 1753 3068 quibus
1775 3017 2021 3066 praedicatum
2046 3021 2119 3050 erat
2141 3011 2163 3049 a

1128 3069 1295 3115 Tiresia,
1321 3070 1470 3108 obviam
1493 3070 1657 3107 eundum
1681 3066 1751 3106 effe
1773 3068 1910 3104 Libero
1933 3068 2002 3103 &c
2026 3066 2164 3100 (ἐπει.

1179 3128 1195 3147 c
1221 3120 1404 3170 Thebani]
1432 3121 1562 3158 Thebas
1584 3120 1706 3156 hedera
1726 3119 1907 3201 redimitus
1918 3114 2107 3164 procederet
2128 3125 2162 3150 a,

1120 3172 1155 3221 f
1168 3170 1801 3269 {uerter-straettranent.
1821 3168 2094 3252 neven...
2127 3214 2165 3251 ὃ.

1132 3271 1277 3321 Micyll.
1302 3270 1464 3324 Prohibet
1475 3266 1555 3321 suos
1576 3269 1744 3308 Pentheus
1765 3268 1837 3304 &a
1862 3266 2085 3353 Μυκεκειὲ.
2120 3264 2183 3300 Et:

2082 3326 2181 3353 arm.
