2483 3616
659 163 720 218 P.
796 155 1202 218 Ov·1D11
1275 152 1810 211 NASONIS

456 251 731 316 Emicuit,
765 251 1077 321 summaque
1098 248 1284 301 locum
1304 243 1399 299 fibi
1424 243 1553 315 legit
1579 244 1637 298 in
1660 259 1798 298 arce.

463 325 752 380 Proximus
777 323 852 378 est
874 328 964 376 ae‘r
985 321 1060 374 illi
1085 319 1302 373 levitate
1318 357 1334 381 ‚
1369 318 1632 388 locoque:

465 396 696 452 Denfior
722 396 801 450 his
826 396 1008 457 teum,
1044 392 1416 462 elementaque
1443 386 1661 460 grandia
1685 385 1877 448 traxit;

356 489 427 539 30
465 468 540 523 Et
564 467 730 540 preffa
756 467 829 521 est
853 467 1111 537 gravitate
1133 463 1225 517 sui.
1265 459 1611 515 circumfluus
1636 459 1831 513 humor

468 540 670 596 Ultima
694 538 951 614 poffedit‚
986 536 1323 608 solidumque
1348 532 1591 589 coercuit
1617 531 1820 587 orbem.

182 195 246 244 14

858 655 1007 702 FAB.
1044 653 1109 699 II.
1146 651 1648 697 ARGUMENTUM.

919 746 1069 793 Terra
1102 744 1151 789 in
1183 743 1325 788 varias
1359 741 1582 806 personas.

247 839 265 859 ²
290 833 500 893 Separata
520 827 539 855 ¹’
561 839 658 875 erat
680 839 798 875 terra
819 834 836 853 ⁰
860 830 890 873 ὰ
914 824 1059 872 ceteris
1093 825 1301 869 elementis
1324 856 1339 881 ,
1365 822 1448 885 ss’d
1477 823 1597 868 homo
1631 822 1811 868 nondum
1839 829 1996 880 natus,
2031 821 2155 880 ipsius
2185 827 2327 865 terrae

171 897 354 958 fiiturus
386 894 518 942 cultor
556 910 605 939 ac
638 894 842 939 dominus.
920 891 1073 950 Itaque
1113 888 1388 933 Prometheus
1423 888 1562 947 Iapeti
1584 887 1708 946 filius
1729 897 1890 932 terram
1915 883 1932 911 ἀ
1956 886 2087 931 imbre
2111 885 2324 940 mollivit,

185 961 240 1012 ἐξ
265 978 314 1006 ex
337 962 416 1006 hac
438 960 641 1005 hominem
663 958 723 1002 ad
743 957 836 1002 Dei
845 955 1171 1016 fimilituclinem
1195 967 1245 997 ac
1267 955 1492 1013 imaginem
1505 952 1670 1012 finxit,
1705 954 1722 973 ⁶
1743 953 1810 996 cui
1823 950 1962 1011 facies
1981 966 2062 998 non
2076 945 2327 1011 prona‚‘ut

184 1034 325 1073 §ctera
349 1024 559 1072 animalia
572 1055 588 1081 9
612 1023 709 1082 estet
730 1025 775 1068 in
797 1031 959 1066 terram
975 1052 990 1078 ,
1013 1017 1096 1080 sed
1113 1018 1267 1062 coelum
1278 1016 1492 1078 speeiaret
1512 1021 1663 1062 erebia.

562 1126 614 1181 lc
640 1125 732 1180 ubi
760 1123 1088 1197 dispositam,
1126 1120 1365 1196 quisquis
1390 1120 1490 1174 fuit
1513 1120 1600 1174 ille
1613 1119 1889 1184 Deorum,

476 1131 897 1269 SCongeriem
919 1194 1112 1259 secuit,
1149 1193 1451 1266 sectamque
1476 1192 1529 1246 in
1555 1192 1794 1247 membra
1817 1192 2061 1265 redegit3

484 1271 762 1346 Principio
789 1283 987 1326 terram
1004 1311 1015 1330 ,
1055 1286 1124 1322 ne
1158 1285 1270 1321 non
1293 1266 1521 1340 aequalis
1547 1265 1611 1319 ab
1639 1265 1788 1320 omni
2174 1336 2218 1392 P

2221 1347 2333 1390 arte

190 1478 310 1518 male:
338 1476 539 1526 legendum
551 1476 595 1514 ab
618 1479 705 1514 a'e're.
730 1487 774 1513 ex
794 1473 855 1513 lib.
879 1475 980 1519 mei,
1006 1475 1112 1511 Fam.
1145 1472 1235 1510 Ern.‘

192 1527 233 1568 δε
257 1528 447 1577 Capranic.
483 1528 699 1565 auctoritate
727 1529 765 1564 ὃ(
798 1526 951 1563 ratione.
982 1525 1096 1562 Hunc
1109 1532 1235 1561 autem

191 1579 321 1617 locum
355 1577 403 1615 fic
436 1579 600 1628 expreffit
631 1578 672 1615 B.
693 1577 875 1614 Zanchius
895 1575 957 1612 lib.
986 1588 1014 1612 1.
1042 1575 1103 1611 De
1125 1575 1237 1611 horto

194 1629 367 1676 Sophiae.
414 1634 462 1664 Et
485 1635 578 1665 Deus
601 1628 733 1677 obscuro
749 1626 899 1676 secrevit
923 1625 966 1662 ab
989 1628 1068 1662 a‘e're
1101 1624 1238 1662 coelum.

196 1680 414 1716 Cmrmms.
437 1679 509 1717 vid.
531 1679 589 1716 lib.
614 1692 659 1715 11.
686 1690 768 1727 532.

246 1731 304 1765 26.
334 1735 434 1777 Ignea
457 1730 600 1766 convexi
622 1729 677 1765 vis
691 1756 701 1772 ‚
717 1727 807 1777 eya]
836 1727 897 1765 De
908 1727 983 1764 hoc
998 1754 1009 1771 ,
1031 1737 1139 1763 more
1150 1725 1215 1763 suo
1230 1752 1240 1770 ,

191 1777 394 1820 luculenter
416 1779 518 1816 alibi:

248 1829 398 1865 Lucidus
419 1829 474 1864 hic
496 1831 580 1874 aer,
608 1839 651 1868 ω’
674 1840 759 1878 quae
782 1827 853 1863 tria
876 1836 1009 1876 corpora
1034 1826 1184 1873 restant,

304 1879 395 1927 Ignis
410 1906 420 1922 ,
443 1893 536 1928 aqua
552 1907 562 1923 ‚
585 1892 628 1919 (φ’
649 1878 748 1915 tellas
770 1892 858 1914 unus
881 1891 1024 1914 acervus
1047 1877 1133 1914 erat.

248 1933 295 1966 Ut
308 1928 415 1978 semel
436 1929 516 1966 haec
538 1943 653 1966 rerum
669 1927 792 1978 seceffit
813 1928 872 1964 lite
886 1928 1036 1976 suarum
1050 1956 1061 1972 ,

304 1985 412 2030 Inque
435 1993 543 2016 novas
566 1980 653 2016 abiit
675 1980 782 2028 massa
797 1979 914 2027 fhluta
935 1980 1072 2016 domos:

246 2029 384 2067 'Altum
398 2029 552 2078 flamma
569 2031 678 2079 petit:
701 2030 834 2079 propior
856 2029 944 2067 locus
967 2033 1051 2066 ae'ra
1073 2029 1166 2078 cepit.

201 2129 236 2170 E
305 2081 470 2117 sederunt
489 2082 599 2118 medio
622 2092 713 2118 terra
729 2082 930 2130 fretumque
952 2080 1028 2117 loco.

239 2138 251 2166 t
266 2142 273 2150 ο

254 2180 330 2229 Post
361 2180 497 2225 Chaos,
524 2192 565 2218 ut
590 2181 749 2232 primum
783 2181 870 2217 data
896 2180 986 2229 sunt
1019 2179 1091 2217 tria
1114 2188 1249 2229 corpora

383 2233 537 2276 mundo,

308 2286 414 2331 Inque
437 2296 546 2319 novas
559 2281 679 2331 species
701 2295 798 2318 omne
831 2279 951 2329 receffit
973 2290 1051 2330 opus
1065 2297 1075 2316 .·

256 2332 406 2368 Pondere
431 2343 525 2368 terra
539 2333 604 2380 [κο
619 2332 773 2381 subsedit
787 2360 797 2375 ‚
825 2344 868 2371 ω’
889 2345 1036 2381 aequora
1060 2331 1175 2368 traxit
1189 2359 1199 2377 ,

314 2385 368 2416 At
389 2383 513 2419 coelum
543 2382 671 2420 levitas
693 2383 730 2419 in
753 2382 823 2418 loca
838 2381 983 2431 summa
1007 2381 1102 2418 tulit.

1350 1470 1402 1507 Sic
1424 1470 1531 1519 igitur
1554 1479 1665 1507 terrae
1687 1479 1836 1506 concreto
1859 1478 1988 1519 corpore
2005 1468 2136 1520 pondus

1344 1521 1507 1568 Constitit
1529 1549 1540 1567 ‚
1588 1531 1692 1572 atque
1722 1521 1832 1558 omnis
1874 1521 2000 1558 mundi
2032 1517 2130 1570 quast
2160 1518 2264 1556 limus
2295 1517 2336 1555 in

1397 1585 1509 1608 imum

1347 1622 1528 1672 Confluxit
1546 1623 1668 1670 gravis
1682 1650 1692 1666 ,
1716 1634 1760 1661 cy
1772 1620 1927 1671 subsedit
1939 1622 2106 1669 funditus
2119 1648 2130 1664 ‚
2157 1630 2198 1656 ut
2210 1620 2287 1666 fhx.

1296 1673 1492 1710 Elementa
1515 1684 1603 1721 ergo
1625 1671 1773 1721 grandia
1805 1672 1980 1721 principia
2013 1671 2226 1720 corpulenta
2259 1679 2340 1706 ma-

1295 1723 1473 1773 teriasque
1485 1722 1619 1760 fecosas
1631 1723 1755 1770 accipe
1771 1735 1886 1771 ,quae
1908 1722 2070 1772 undique
2081 1721 2252 1759 adimam
2273 1718 2342 1756 tel-

1296 1775 1415 1813 lurem
1438 1785 1664 1823 gravemque
1686 1772 1925 1811 defluxerunt.
1964 1774 2146 1810 elementa
2176 1780 2340 1819 namque

1299 1836 1368 1874 pro
1390 1825 1584 1861 seminibus
1606 1825 1644 1860 8<
1666 1823 1848 1872 principiis
1880 1823 1977 1872 apud
2006 1821 2167 1860 eundem
2200 1821 2342 1858 Lucre-

1294 1876 1389 1913 tium
1413 1876 1582 1912 invenire
1605 1874 1653 1911 est
1667 1902 1677 1918 ,
1703 1882 1743 1911 ut
1764 1875 1839 1911 hoc
1862 1874 2046 1911 carmine:

1346 1926 1478 1962 Omnia
1499 1926 1591 1963 enim
1612 1925 1721 1974 magis
1741 1923 1822 1961 haee
1843 1927 1860 1961 e
1881 1924 2139 1974 levibus-atque
2158 1922 2342 1967 rotundis‚'

1347 1976 1537 2013 Seminibus
1558 1975 1732 2026 multoque
1751 1975 1940 2013 minoribus
1952 1976 2041 2025 sunt
2056 1973 2239 2011 elementis.

1301 2028 1473 2076 JAcomss
1503 2040 1525 2063 A
1554 2027 1709 2064 Caucis.

1354 2090 1413 2126 29.
1440 2077 1685 2127 Elementaque
1701 2079 1852 2126 grandia
1881 2076 2037 2126 traxit.]
2067 2076 2183 2113 Hunc
2213 2073 2343 2111 locum

1303 2128 1504 2166 aemulatus
1528 2128 1576 2165 est
1599 2127 1820 2166 Claudianus
1842 2128 1901 2164 lib.
1928 2140 1957 2164 1.
1981 2126 2026 2164 de
2049 2128 2172 2174 Raptu
2182 2124 2346 2172 Proserp.
2382 2141 2390 2148 -

1306 2185 1348 2216 In
1361 2179 1513 2216 medium
1530 2179 1697 2227 graviora
1720 2180 1861 2215 cadunt.
1889 2178 1966 2215 Ubi
1986 2178 2036 2215 ita
2058 2177 2107 2213 ait
2128 2176 2238 2223 Janus
2260 2175 2347 2212 Par-

1304 2228 1460 2267 rhasius:
1501 2229 1622 2266 Thales
1656 2228 1810 2278 Milefius
1842 2227 1954 2265 orbem
1986 2238 2161 2265 terrarum
2193 2225 2348 2263 medium

1297 2280 1449 2328 statuit:
1478 2280 1589 2328 ignem
1613 2279 1813 2324 Philolaus,
1852 2279 1945 2329 qued
1976 2279 2003 2315 is
2038 2278 2195 2314 omnium
2229 2277 2348 2312 aanor

1304 2331 1471 2367 extiterit.
1493 2330 1677 2417 {luderem
1690 2331 1875 2381 sequitur,
1903 2342 1946 2370 υ·
1970 2328 2141 2366 ovidium
2175 2325 2347 2364 Claudia-

1308 2394 1384 2418 nus.
1414 2381 1489 2418 Ovi
1521 2381 1591 2418 us:

209 2429 330 2468 inm.

266 2492 325 2525 27.
354 2485 479 2516 Locum
503 2480 570 2530 fibi
602 2482 630 2518 le
650 2482 718 2531 ite]
761 2483 851 2519 Fecit
873 2482 1103 2520 Florentinus
1126 2483 1166 2519 δε
1187 2489 1257 2519 tres

210 2529 292 2573 alii;
316 2541 394 2567 non
429 2531 523 2568 male
540 2560 550 2577 ‚
577 2531 610 2568 se
658 2533 843 2581 vulgatam
866 2532 986 2571 firmat
1007 2533 1109 2571 locus
1133 2544 1177 2570 ex
1198 2532 1258 2569 lib.

210 2591 284 2618 111.
313 2593 370 2626 42.

264 2635 475 2679 Summaque
497 2632 637 2668 domum
653 2631 719 2680 fibi
743 2633 822 2680 legit
845 2633 883 2669 in
909 2646 994 2670 arce.

263 2691 324 2726 29.
352 2679 493 2729 Denfior
516 2681 568 2717 his
591 2681 689 2718 tellus
724 2682 824 2731 eya]
858 2682 981 2719 Subest
1011 2682 1071 2719 hic
1104 2692 1255 2732 quoque

211 2727 329 2767 sensus
362 2730 566 2775 occultior,
594 2732 631 2768 ὃς
664 2743 777 2781 quem
811 2732 917 2779 pauci
951 2732 1162 2780 agnoscunt.
1190 2743 1254 2780 per

210 2779 379 2817 elementa
407 2781 560 2828 grandia
592 2792 660 2818 nos
691 2781 916 2818 alluvionem
951 2782 1177 2818 materialem
1202 2782 1258 2818 in-

212 2829 432 2878 telligimus,
455 2842 548 2879 quae
579 2831 665 2880 hyle
698 2832 838 2868 Graece
870 2831 1023 2876 dicitur,
1049 2843 1149 2880 quus
1174 2832 1261 2868 Ma-

214 2880 358 2917 crobius
373 2908 383 2924 ‚
422 2880 611 2929 Diogenes
626 2909 636 2925 ‚
675 2882 713 2918 8<
736 2881 876 2919 Servius
901 2882 1150 2918 meminerunt
1174 2910 1185 2925 ,
1220 2882 1258 2918 in

216 2941 290 2978 qua
323 2931 384 2967 fex
419 2930 468 2966 est
493 2932 763 2969 elementorum
787 2932 958 2969 omnium
973 2960 984 2976 ,
1010 2931 1049 2969 id
1071 2931 1142 2975 est,
1168 2931 1259 2981 ignis

215 2979 414 3023 sordidior,
444 2985 530 3026 aer,
559 2993 652 3030 aqua
676 2983 714 3018 ὅ(
736 2989 852 3025 terra,
878 2981 1088 3019 sordidiora.
1131 2982 1259 3019 Tellus

219 3039 307 3075 ergo
341 3042 361 3066 a
393 3034 505 3078 po'e'ta
537 3031 684 3079 grandia
709 3031 891 3068 elementa
909 3030 1050 3069 traxisse
1072 3032 1157 3069 ideo
1182 3044 1262 3069 me-

221 3086 408 3124 moratur,
446 3090 624 3130 quatenus
658 3082 694 3118 in
718 3093 800 3118 eam
824 3081 942 3118 sordes
975 3083 1012 3119 ὅ(
1046 3093 1261 3119 excremen-

221 3132 258 3161 ta
291 3127 556 3168 elementorum
590 3132 857 3169 confluxerunt.
906 3131 964 3168 cui
1005 3132 1145 3169 nostrae
1183 3132 1261 3170 sen-

219 3175 363 3275 {effliges
391 3178 579 3221 Lucretius
612 3183 665 3222 his
698 3181 854 3221 versibus
887 3181 1064 3222 blanditur
1098 3183 1136 3222 ὃς
1160 3182 1263 3222 adsti-

1361 2430 1505 2481 Densior
1526 2431 1578 2468 his
1599 2430 1698 2468 tellus
1711 2459 1722 2476 ‚
1748 2432 1979 2481 elementaque
1996 2428 2148 2480 grandia
2182 2426 2323 2471 traxit,

1364 2486 1412 2518 Et
1428 2481 1533 2531 preffa
1561 2482 1604 2529 est
1620 2483 1801 2530 gravitate
1815 2482 1885 2530 sui.

1313 2533 1414 2570 Nam
1447 2543 1542 2581 quae
1569 2533 1737 2581 graviora
1776 2530 1904 2569 Claud.
1947 2528 2101 2578 appellat
2125 2556 2136 2573 ‚
2182 2527 2350 2566 elementa

1307 2582 1459 2631 grandia
1482 2582 1571 2619 dixit
1594 2582 1762 2619 Ovidius.
1787 2588 1977 2629 Utrumque
1990 2577 2164 2628 fignificat
2195 2577 2258 2615 illa
2279 2592 2350 2616 cor-

1304 2641 1390 2680 pora
1405 2659 1415 2675 ,
1441 2645 1528 2680 quae
1551 2632 1706 2666 maxime
1728 2631 1833 2667 bruta
1847 2629 1960 2678 sunt,
1988 2641 2032 2669 ω·
2063 2629 2112 2666 ad
2141 2639 2253 2665 terrae
2285 2642 2352 2667 na-

1311 2692 1431 2717 turam
1453 2693 1560 2730 quam
1576 2680 1732 2729 proxime
1753 2681 1929 2717 accedunt.
1959 2681 2173 2716 CIOFANUS.

1365 2742 1422 2779 30.
1451 2730 1640 2767 Gravitate
1651 2730 1749 2780 sui]
1778 2737 1847 2767 Sua
1867 2731 1905 2768 in
1919 2728 2203 2779 Cantabrigienfi
2224 2730 2263 2767 &
2284 2730 2354 2768 Vi-

1313 2780 1404 2829 ginti
1425 2781 1508 2818 aliis.
1532 2780 1663 2818 eadem
1684 2781 1836 2818 varietas
1858 2781 1967 2829 Epist.
1989 2792 2086 2818 XVII.
2111 2792 2168 2828 52.
2195 2780 2283 2819 Infr.
2306 2793 2353 2820 11.

1317 2831 1401 2878 783.
1426 2843 1477 2867 iv.
1501 2830 1585 2879 653.
1608 2843 1662 2868 VI.
1685 2843 1767 2878 440.
1791 2833 1829 2869 ὃς
1850 2831 1932 2869 alibi
1954 2831 2100 2880 saepius.

1369 2892 1426 2930 3¹·
1455 2881 1627 2932 Ultima]
1668 2881 1827 2920 Extima.
1854 2881 1902 2919 sic
1922 2882 1982 2920 lib.
2006 2894 2043 2919 v.
2067 2882 2112 2920 de
2134 2881 2358 2921 Mauritania

1314 2931 1492 2980 loquens:
1839 2976 1843 2981 .

1373 3003 1422 3008 m—
1456 2982 1589 3019 Ultima
1610 2982 1710 3019 tellus
1730 2989 1813 3032 Rege
1825 2984 1892 3033 fi‘b
1914 2983 1974 3021 hoc
1988 3013 1998 3029 ‚
2025 2996 2069 3024 ω’
2084 2993 2209 3034 pontus
2229 2993 2316 3021 erat.

1318 3033 1356 3082 δε
1390 3031 1508 3069 Catul.
1541 3032 1676 3071 eodem
1707 3033 1808 3072 sensu
1841 3034 1954 3080 dixit,
1992 3034 2126 3072 Ultima
2157 3033 2360 3071 Britannia.

1318 3083 1533 3120 CIOFANUS.

1367 3142 1382 3160 ²
1410 3132 1603 3182 separata]
1630 3134 1736 3170 Haec
1758 3133 1807 3171 ad
1826 3134 1980 3172 verbum
2002 3134 2118 3184 scripfi
2141 3147 2185 3172 ex
2208 3147 2243 3172 v.
2266 3133 2364 3184 posi·

1318 3192 1354 3220 ta
1378 3192 1462 3221 ante
1484 3183 1628 3220 versum
1654 3185 1712 3230 76.
1741 3196 1817 3234 quo
1838 3185 1926 3222 loco
1949 3187 2038 3222 item
2073 3184 2270 3234 posuerunt
2303 3196 2364 3221 ea-

1315 3233 1404 3273 dem
1427 3245 1506 3273 non
1518 3233 1724 3274 admodum
1737 3235 1873 3274 variata
1883 3235 2089 3286 Hervagius
2104 3263 2116 3282 ,
2141 3237 2180 3275 &
2202 3235 2363 3322 Bircer.
