2483 3616
224 175 333 244 946

245 355 290 399 in
312 352 643 399 matrimonium.

686 168 748 227 P.
823 120 1839 227 ov1D11NASoN13

246 288 394 333 Ulixes
413 289 431 319 Β
453 284 631 333 remedio
651 286 868 335 Mercurii
890 285 950 329 ibi
971 283 1117 339 venit,
1164 279 1364 342 &socios
1385 279 1405 307 *¹
1427 291 1708 343 recuperavit.

713 350 731 378 ¹¹
758 350 1011 409 Monuitque
1034 347 1250 405 AEneam,
1285 362 1334 392 ne
1356 347 1549 394 litoribus
1573 352 1714 398 Circes
1733 354 1957 400 accederet.

1776 288 1851 333 Ex
1871 303 1913 334 eo
1941 285 2076 335 Circe³
2113 285 2266 347 junxit
2277 287 2329 349 fi?
2346 289 2388 335 ei

678 560 799 614 Alia
821 575 1126 613 convexum
1150 574 1246 629 per
1270 557 1372 611 iter
1399 570 1734 612 memorante
1759 557 1976 629 Sibyll-51,

398 651 493 702 155

688 631 913 706 Sedibus
939 631 1240 686 Euboicam
1265 630 1461 718 Stygiis
1485 631 1713 712 emergit
1739 631 1794 685 in
1821 630 2010 687 urbem

534 708 741 762 Troius
766 705 964 759 AEneas
990 723 1002 758 :
1043 703 1306 775 sacrisque
1336 721 1366 756 e
1393 720 1545 758 more
1572 704 1730 758 litatis
1750 748 1762 766 ,

534 780 726 835 Litora
752 779 863 833 adit
887 777 1132 832 nondum
1158 776 1378 830 nutricis
1403 776 1651 831 habentia
1673 793 1890 831 nomen.

535 852 651 907 Hic
677 868 896 924 quoque
920 849 1214 905 substiterat
1237 848 1354 921 post
1381 849 1555 904 taedia
1580 851 1737 922 longa
1761 849 2006 904 laborum

535 925 772 979 Neritius
799 923 1108 985 Maca1·eu8‚
1146 940 1328 977 comes
1353 923 1676 993 experientis
1701 922 1895 977 Ulixei.

393 1002 491 1054 160
529 997 817 1052 Desertum
843 995 1116 1068 quondam
1141 995 1331 1050 mediis
1356 996 1449 1068 qui
1476 996 1693 1068 rupibus
1720 994 1921 1050 AEtnae

535 1069 723 1125 Noscit
747 1068 1190 1124 Achaemeniden
1215 1086 1226 1122 :
1267 1068 1666 1141 improvisoque
1693 1082 1970 1140 repertum

535 1142 740 1198 Vivere
766 1143 1013 1206 mi1·atu3‚

1052 1141 1166 1213 Qui
1188 1154 1241 1196 te
1265 1143 1478 1196 casusve
1497 1181 1511 1203 ‚
1551 1142 1798 1205 Deusve‚

534 1215 721 1269 Servat
747 1214 1152 1269 Achaemenide
1178 1215 1195 1266 ?
1236 1232 1360 1278 cur,
1396 1214 1600 1286 inquit,
1639 1214 1856 1268 barbara
1882 1212 2110 1286 Grajum

532 1288 702 1341 Prora
723 1287 870 1341 vehit
895 1288 912 1340 ?
950 1288 1150 1359 petitur
1174 1286 1375 1342 vestrae
1401 1305 1536 1358 quae
1569 1300 1710 1342 terra
1737 1287 1980 1341 carinae?

398 1364 495 1430 165
535 1359 690 1414 Talia
714 1361 992 1434 quaerenti
1012 1359 1120 1431 jam
1146 1378 1258 1416 non
1281 1359 1510 1415 hirsutus
1538 1359 1762 1424 amiciU,

294 1593 312 1623 g
340 1586 498 1625 Remedio
522 1587 728 1639 Mercurii.]
759 1588 851 1628 Illud
868 1587 1075 1627 remedium
1099 1589 1203 1632 μῶλυ
1225 1601 1295 1627 vo-

247 1637 393 1676 cabatur
409 1667 421 1684 ,
448 1639 494 1678 de
515 1651 592 1688 quo
613 1639 699 1677 vide
716 1652 810 1690 quae
831 1641 1009 1678 annotavi
1027 1640 1072 1678 ad
1089 1641 1193 1690 Hyg.
1206 1641 1297 1689 My-

243 1689 339 1727 thol.
371 1701 449 1738 cap.
485 1702 565 1738 125.
594 1691 755 1728 Homer.
785 1690 916 1740 Odyff.
949 1691 995 1727 K.
1021 1690 1076 1733 ybs.
1096 1702 1179 1739 304.
1209 1692 1296 1737 Ρὶζη

246 1741 314 1782 μὲν
344 1742 463 1781 μέλειν
489 1742 594 1786 ἔσκε,
622 1743 791 1786 γάλακτι
811 1741 851 1778 δὲ
872 1742 1010 1778 εἴκελον
1029 1741 1147 1786 ἄνθος,
1174 1742 1298 1779 Μῶλυ

245 1787 288 1823 δὲ
318 1790 378 1834 μῖν
407 1794 574 1828 καλέουσι
595 1792 668 1829 θεοὶ.
696 1792 820 1829 Schol.
848 1793 1005 1834 Βστιὶνκς
1021 1789 1112 1835 εἶδος
1131 1794 1231 1836 παρὰ
1255 1794 1296 1830 τὸ

246 1841 438 1886 μωλύυειν,
476 1841 490 1878 ὁ
521 1843 597 1885 ’έςιν
624 1843 819 1889 ἀφκνέζειν
849 1845 899 1879 ’τὰ
920 1843 1112 1889 φάρμακα.
1138 1843 1233 1890 Φασὶ
1255 1843 1296 1879 δὲ

247 1889 300 1945 ⁰th
315 1890 504 1938 ἑλκόμενον
533 1894 597 1936 τῆς
625 1893 724 1941 ῥίζης
744 1891 793 1941 τῷ
813 1895 916 1932 τέλει
939 1894 1090 1931 θάνατον
1111 1893 1295 1942 ἐπιφέρειν

249 1953 298 1987 τῳ
320 1942 538 1980 &noenum-c.
568 1945 787 1982 MUNCKER.

283 1991 317 2047 'h
343 1994 609 2044 Recuperavit.]
640 1995 859 2044 Recuperarit
887 1993 932 2032 ab
961 1995 1080 2040 eadem
1108 1995 1210 2034 Circe
1222 1995 1298 2045 pri-

240 2040 356 2089 stinae
369 2046 505 2090 formae
527 2045 695 2091 restitutos
723 2047 878 2084 Raener.

297 2092 307 2118 i
334 2094 473 2139 Junxit
483 2095 559 2144 sa]
589 2096 754 2144 Junxiſje
765 2095 800 2146 si
816 2097 936 2135 Parin.
952 2096 1102 2147 junxiffe
1115 2097 1152 2146 se
1173 2097 1297 2147 Lugd-

244 2142 392 2193 Micyll.
414 2146 478 2194 qui
498 2146 536 2183 &
551 2174 561 2190 ,
589 2159 632 2183 ex
649 2160 761 2197 eoque.

294 2194 313 2222 k
341 2195 588 2245 Monuitque.]
618 2197 762 2234 Monuit
781 2196 903 2234 deinde
922 2198 1081 2236 Raener.

296 2256 379 2294 155.
407 2247 547 2284 Sedibus
575 2247 762 2285 Euboicam
793 2246 926 2297 emersit
956 2249 995 2286 in
1026 2247 1144 2286 urbem
1175 2249 1296 2287 Troius

242 2296 411 2347 Encas]
451 2297 494 2335 In
526 2298 742 2347 quibusdam
772 2307 965 2344 veterum,
1003 2300 1180 2349 Emergit‚
1217 2313 1295 2338 non

242 2345 400 2396 Emerstt.
429 2348 598 2386 CxorAN.
626 2350 780 2398 Emergit
810 2350 996 2388 meliores.
1024 2362 1140 2396 mox,
1167 2352 1295 2389 emore

243 2408 310 2445 pro
333 2411 374 2434 ex
395 2400 502 2447 prim.
525 2400 616 2449 Reg.
640 2400 679 2438 ’ὃς
701 2410 772 2439 tres
792 2401 864 2439 alii.
892 2401 1039 2439 Hnms.
1106 2446 1108 2448 ¹

298 2448 378 2504 15⁴8.
407 2450 472 2486 Hic
494 2451 661 2501 quoque.]
688 2451 754 2488 Hic
774 2451 834 2489 ubi
849 2451 953 2490 Bafil.
969 2452 1035 2490 His
1048 2465 1180 2503 quoque
1191 2452 1295 2491 alius.

242 2498 436 2545 constiterat
456 2501 546 2539 duo.

301 2560 381 2597 159.
409 2550 606 2601 Neritius.]
637 2552 751 2591 Hunc
772 2552 917 2591 versum
942 2553 1029 2591 citat
1048 2553 1214 2592 Priscian.
1233 2553 1295 2591 lib.

245 2609 282 2634 v.
302 2609 336 2645 p.
357 2610 441 2647 723.
466 2602 531 2651 qui
551 2602 660 2642 habet
680 2602 917 2650 Machareus,
946 2604 984 2642 &
1006 2603 1118 2642 Ulixei
1136 2604 1293 2643 scriben—

245 2647 336 2686 dum
361 2649 430 2687 effe
451 2651 573 2690 docet.

300 2699 382 2755 ¹.601
411 2704 591 2755 Desertum
610 2704 810 2752 quondam,
846 2703 948 2754 σοι]
978 2705 1033 2743 Ita
1052 2704 1131 2743 libri
1146 2705 1290 2754 scripti:

244 2749 383 2797 vulgati
406 2752 554 2799 quidam
570 2779 580 2795 ,
608 2754 858 2803 Desertamque
876 2756 969 2794 olim.
999 2756 1169 2793 CrorAN.

302 2800 385 2837 160.
411 2802 540 2838 Mediis
559 2803 597 2838 in
617 2803 754 2851 rupibus
771 2805 941 2854 AEtnae.]
972 2806 1102 2842 Mediis
1114 2805 1175 2855 qui
1186 2807 1294 2855 prim.

243 2848 382 2888 Erfurt.
409 2851 447 2888 δί
475 2852 535 2890 alii
554 2851 766 2891 duodecim.
789 2855 806 2890 ἒ
822 2855 962 2903 rupibus
983 2857 1015 2892 S.
1035 2856 1179 2900 Marci,
1207 2856 1295 2895 Ber-

241 2911 352 2949 megg.
374 2901 481 2950 prim.
499 2902 705 2951 Hamburg.
721 2911 792 2940 tres
809 2903 879 2940 alii.
908 2905 1053 2941 Hiems.

301 2951 381 2989 162.
411 2951 503 3000 Qis
523 2952 595 3002 te]
626 2953 699 3000 Qi
720 2963 753 2990 te
776 2954 810 2991 S.
831 2955 974 2998 Marci,
1003 2954 1163 3002 Neapol.
1185 2957 1293 3003 prim.

243 3001 451 3051 Hamburg.
485 3012 565 3041 tert.
600 3003 739 3041 Medic.
760 3004 798 3042 ὃς
819 3003 918 3041 Sixii.
940 3015 1055 3048 mox,
1082 3005 1212 3051 vestrae
1234 3019 1290 3042 ca-

243 3052 365 3098 rinae,
393 3065 469 3092 non
491 3053 604 3101 vestra
624 3054 765 3099 carina,
796 3054 925 3092 Oxon.
947 3054 1014 3092 sec.
1036 3055 1147 3092 Palat.
1172 3056 1210 3093 &
1231 3057 1291 3094 alii

242 3112 414 3147 quatuor.
459 3104 575 3142 luem.
624 3105 699 3154 Qi
739 3117 786 3143 an
826 3105 903 3155 quis
943 3105 1095 3155 praestet
1134 3104 1209 3144 vid.
1246 3106 1291 3145 ad

242 3153 395 3193 Phaedr.
417 3168 442 3192 1.
467 3155 552 3193 Fab.
577 3167 632 3204 13.

299 3206 380 3249 164.
410 3205 546 3256 Velut]
577 3206 702 3243 Trahit
724 3219 816 3245 unus
836 3206 992 3245 Heinfii.

297 3256 376 3302 165.
403 3257 568 3311 fiirfiitus
588 3257 760 3308 amiotus]
791 3258 956 3302 Amio‘lus
974 3258 1290 3311 tert.MediC3Pu·-

243 3312 282 3342 ‘zo
299 3330 310 3349 ,
337 3309 518 3345 amiciam.
544 3308 689 3347 Heius.

2281 1431 2397 1502 Jam

1407 1587 1489 1626 166.
1517 1592 1682 1625 Concreto
1720 1583 1907 1635 tegmina]
1955 1583 2045 1622 Duo
2076 1582 2157 1622 libri
2186 1584 2263 1621 mei
2290 1591 2400 1634 atque

1350 1650 1443 1676 unus
1477 1639 1598 1676 Vatic.
1628 1638 1792 1682 habent,
1840 1636 2002 1686 Conftrto
2035 1635 2194 1683 tegmine.
2229 1635 2399 1675 exona.

1351 1691 1501 1738 consuto
1533 1690 1686 1727 Thuan.
1729 1689 1768 1726 &
1806 1699 1899 1725 unus
1938 1686 2091 1723 Moreti.
2127 1695 2282 1722 contento
2309 1697 2402 1726 unus

1352 1751 1470 1777 meus.
1499 1741 1643 1789 conjeelo
1668 1739 1757 1777 alter
1784 1739 1919 1776 Erfurt.
1948 1746 2099 1774 concreto
2127 1748 2219 1774 unus
2250 1737 2400 1777 Moreti.

1352 1791 1519 1840 consperto
1537 1799 1620 1829 tert.
1643 1790 1790 1828 Bonon.
1811 1790 1850 1827 δε
1873 1787 2193 1836 emend.consepto.
2204 1787 2402 1837 quomodo

1351 1842 1389 1879 ὃ(
1419 1853 1512 1879 unus
1540 1842 1696 1891 Argent.
1726 1840 1895 1889 consertus
1913 1839 2044 1877 Urbin.
2065 1839 2103 1876 ὃς
2125 1839 2231 1887 prim.
2255 1838 2399 1877 Bonon-

1349 1892 1410 1930 sed
1428 1892 1574 1940 conserto
1600 1904 1678 1930 non
1699 1891 1935 1930 mutandum.
1954 1889 2135 1927 videndus
2156 1889 2203 1926 ad
2231 1889 2398 1928 Solinum

1353 1943 1544 1982 Salmasius
1572 1955 1651 1993 pag.
1676 1943 1758 1989 187.
1784 1942 1939 1980 Tacitus
1956 1940 2002 1977 de
2022 1939 2160 1977 Morib.
2183 1939 2312 1978 Germ.
2340 1945 2400 1977 Te-

1348 2007 1479 2042 gumen
1503 1994 1663 2031 omnibus
1682 1993 1831 2042 sagum,
1852 1990 1990 2039 fibula,
2017 2003 2081 2027 aut
2100 1988 2135 2039 fi
2162 1989 2270 2038 desit,
2297 1990 2401 2041 spina

1354 2047 1558 2090 consertum.
1595 2044 1726 2094 Virgil.
1757 2056 1820 2081 111.
1853 2055 1937 2092 594.
1962 2042 2009 2080 de
2030 2041 2166 2080 eodem
2192 2041 2403 2089 Achaemez

1354 2095 1441 2133 nide
1455 2123 1466 2140 ,

1404 2147 1611 2193 Consertum
1630 2156 1790 2194 tegumen
1804 2144 1913 2195 spinis
1937 2160 1948 2181 .-
1978 2153 2018 2181 at
2037 2151 2169 2180 caetera
2190 2143 2333 2191 Grajus.

1350 2197 1400 2234 ita
1421 2199 1636 2235 veterrimus
1656 2197 1818 2234 Florem.
1837 2195 1992 2244 vulgati,
2011 2205 2154 2243 tegmen.
2181 2193 2346 2232 Emenda
2359 2193 2402 2232 in

1350 2248 1550 2286 transcursu
1583 2249 1818 2285 Marcianum
1848 2246 2038 2295 Capellam
2075 2244 2154 2282 libri
2183 2256 2235 2282 xv.
2267 2244 2401 2289 initio,

1354 2303 1479 2336 Verum
1511 2299 1712 2336 dumalibus
1733 2297 1828 2334 hirta
1851 2297 1960 2346 sentis
1984 2295 2088 2340 nescio
2116 2294 2201 2344 quid
2221 2294 2322 2344 vulgo
2341 2295 2396 2332 in·

1351 2349 1569 2398 explanabile
1597 2348 1810 2399 loquebatur.
1839 2348 1902 2385 ubi
1930 2345 2131 2384 dumalibus
2153 2345 2241 2393 setis
2268 2356 2398 2396 perpe3

1350 2411 1428 2438 ram
1451 2412 1551 2438 nunc
1573 2400 1702 2438 editur.
1729 2399 1803 2448 ipse
1827 2399 2034 2436 Marcianus
2050 2397 2143 2435 libro
2165 2408 2220 2434 vx.

1400 2457 1503 2488 Hanc
1522 2460 1575 2500 ego
1596 2450 1796 2488 crediderim
1810 2449 1920 2499 sentis
1932 2449 2114 2499 spinescere
2132 2446 2324 2493 membris,

1455 2508 1575 2552 Neque
1597 2501 1693 2539 hirta
1715 2513 1818 2539 crura
1836 2499 1962 2537 vellere

1349 2552 1446 2602 apud
1471 2553 1507 2590 B.
1528 2553 1722 2591 Paulinum
1743 2553 1906 2589 carmine
1926 2549 1972 2588 de
1993 2549 2077 2597 Joh.
2097 2548 2263 2598 Baptista.
2289 2560 2325 2597 4.

1402 2603 1504 2650 Vestis
1520 2614 1595 2640 erat
1615 2603 1716 2640 curvi
1725 2602 1810 2651 setis
1828 2604 1979 2650 conserta
2000 2599 2134 2637 cameli.

1348 2653 1494 2692 Hiems.
1531 2654 1648 2692 Recte
1675 2653 1876 2690 vindicavit
1903 2652 2047 2696 conferto
2067 2648 2262 2695 Heinsius,
2290 2649 2392 2700 quod

1349 2705 1388 2742 &
1420 2705 1527 2743 estin
1546 2704 1716 2742 Francof.
1748 2703 1845 2740 Suet.
1874 2703 1980 2740 Galb.
2009 2713 2087 2750 cap.
2108 2712 2222 2737 xvxii.
2250 2702 2392 2750 Conser-

1349 2764 1427 2792 tum
1444 2755 1590 2804 gemmis
1609 2766 1652 2794 &⁴
1674 2753 1875 2802 margaritis
1895 2751 2031 2789 monile.
2057 2752 2094 2788 &
2114 2750 2238 2788 Tacit.
2252 2764 2279 2789 1.
2298 2751 2392 2790 Hist.

1350 2817 1410 2853 79.
1438 2806 1479 2842 Id
1493 2804 1703 2854 principibus
1725 2802 1977 2850 &nobilissimo
1998 2800 2118 2850 cuique
2139 2810 2271 2849 tegmen
2285 2830 2295 2846 ,
2314 2803 2390 2848 serb

1348 2856 1414 2892 reis
1442 2856 1585 2892 lannnis
1611 2865 1674 2892 aut
1699 2854 1868 2904 praeduro
1899 2852 1983 2889 corio
2009 2854 2210 2900 consertum.
2247 2853 2393 2892 Lucam
2472 2873 2474 2881 ν

1349 2917 1403 2944 xv.
1482 2918 1516 2943 0.

1400 2918 1565 3003 Cdijerta
1572 2956 1692 3003 jacent
1711 2966 1789 2990 cum
1809 2958 1942 3001 corpora
1961 2960 2088 3002 campo.
2114 2951 2245 2989 Eum.

1403 3006 1484 3054 169.
1512 3012 1605 3042 Haec
1634 3003 1723 3041 mihi
1751 3004 1788 3040 ni
1803 3004 1913 3051 potior
1930 3003 2052 3040 domus
2070 3002 2150 3051 est.]
2180 3000 2386 3057 Obscurum

1346 3056 1421 3094 hoc
1444 3056 1609 3099 videtur,
1636 3054 1694 3092 sed
1723 3055 1910 3092 intellectu
1928 3055 2080 3092 levatur.
2100 3063 2185 3090 nam
2206 3061 2386 3098 impreca-

1346 3114 1405 3144 tur
1431 3105 1492 3144 sibi
1520 3107 1556 3144 in
1591 3106 1812 3154 Polyphemi
1841 3114 1986 3143 antrum
2020 3103 2173 3142 reditum
2198 3129 2208 3145 ‚
2254 3100 2279 3138 fi
2305 3113 2387 3141 non»
2467 3107 2470 3140 ὲ

1347 3157 1477 3195 dixerit
1497 3169 1625 3195 verum
1640 3185 1651 3201 ‚
1678 3168 1815 3205 nempe
1838 3157 1991 3193 Aeneae
2011 3155 2164 3192 domum
2183 3151 2246 3200 ips1
2260 3154 2384 3199 potio-

1345 3219 1422 3245 rem
1440 3236 1448 3249 ,
1480 3206 1592 3256 quam
1623 3207 1663 3244 fit
1686 3208 1744 3245 vel
1765 3208 1907 3256 propria
1922 3235 1934 3251 ‚
1960 3205 2019 3243 vel
2042 3203 2174 3252 Ulyffis
2193 3203 2317 3246 navis,
2343 3211 2384 3241 ut

1345 3258 1443 3296 recte
1466 3258 1632 3306 exposuit
1651 3257 1827 3305 Rapha'el.
1849 3258 1946 3306 Ergo
1961 3254 2089 3305 potior,
2116 3253 2248 3290 scilicet
2268 3251 2384 3301 quam

1344 3320 1439 3349 mea.
1467 3309 1676 3348 GLAREAN.
1702 3309 1872 3358 Plerique
1899 3315 2039 3346 veteres
2063 3303 2169 3350 libri,
2203 3303 2241 3340 ni
2264 3303 2387 3352 potior,
2464 3321 2467 3338 ;

2216 3353 2371 3405 Ciorm
