2483 3616
300 163 1548 230 METAMORPHOSEON
1620 169 1895 230 L1B.IX.

2116 178 2218 243 677

348 288 518 343 Laeta
542 298 664 340 toro
689 282 886 354 surgit,
926 299 1188 357 purasque
1215 283 1285 339 ad
1308 283 1475 341 sidera
1500 284 1720 358 supplex

349 357 530 415 Creffa
558 374 743 412 manus
768 357 992 421 tollenS,
1031 370 1140 411 rata
1170 357 1268 413 fint
1293 357 1379 413 sua
1406 358 1512 413 visa
1535 372 1800 431 precatur.

353 431 430 486 Ut
458 430 616 486 dolor
642 431 902 492 increvit3
941 430 1103 503 seque
1125 430 1294 503 ipsum
1321 432 1534 504 pondus
1556 432 1612 486 in
1637 451 1785 489 auras

350 502 602 574 Expulit,
643 500 697 557 &
728 517 848 559 nata
875 502 949 557 est
972 504 1157 576 ignaro
1184 503 1381 559 femina
1408 505 1575 576 patri;

209 593 308 646 705
338 574 494 646 Juffit
521 577 585 630 ali
609 589 806 640 mater,
844 594 1072 649 puerum
1099 577 1353 640 mentita;
1391 577 1666 650 fidemque

354 649 470 705 Res
497 649 706 705 habuit:
750 667 928 724 neque
953 663 1064 705 erat
1089 649 1213 703 faeti
1237 650 1329 704 nis1
1355 650 1563 705 conscia
1586 651 1782 707 nutrix.

347 721 496 777 Vota
520 737 669 796 pater
693 724 879 785 solvit,
920 740 1228 795 nomenque
1254 723 1483 795 imponit
1507 725 1724 780 avitum.
1747 771 1752 778 .

343 793 484 866 Iphis
514 814 636 853 avus
661 797 848 851 fuerat.
889 796 1062 868 gavisa
1087 798 1161 850 est
1184 797 1402 852 nomine
1428 810 1629 862 mater,

63 1017 179 1067 Aspis,
190 1014 292 1066 cujus
310 1014 433 1054 morsu
444 1016 616 1054 homines
633 1023 809 1066 tanquam
823 1015 928 1064 sopiti
941 1016 1108 1053 moriun-

67 1077 134 1107 tur.
163 1067 336 1116 Micyllus
358 1066 587 1105 crocodilum
611 1068 780 1116 intelligit
795 1095 804 1111 ,
819 1068 920 1116 cujus
941 1078 1109 1104 veneno·

66 1119 119 1159 sus
137 1119 274 1157 morsus
295 1118 509 1156 insanabilis.
564 1119 728 1167 Utraque
754 1118 947 1167 Aegyptiis
967 1117 1108 1165 indige-

64 1180 134 1212 na,
164 1170 239 1207 aliis
266 1170 368 1207 terris
388 1169 587 1217 peregrina.
627 1170 793 1206 Turneb.
827 1180 859 1214 7.
886 1168 945 1206 lib.
965 1168 999 1205 8.
1028 1180 1107 1216 cap.

65 1219 134 1258 Sed
153 1229 192 1258 ut
213 1220 357 1258 credam
382 1220 539 1269 aspidem
560 1220 736 1268 intelligi,
764 1219 888 1257 suadet
907 1219 1107 1265 somniculo-

61 1270 101 1321 [ἃ
118 1271 226 1320 aspis,
280 1273 325 1308 A.
346 1271 440 1309 Gell.
456 1271 517 1308 lib.
549 1281 600 1307 nc.
621 1282 699 1319 cap.
722 1283 777 1309 12.
806 1269 949 1310 ὑπνκλῆ
977 1271 1105 1308 Solino

63 1321 167 1359 dieta.
195 1322 413 1369 Cleopatrae
438 1321 596 1371 aspides,
624 1334 718 1371 quae
738 1321 783 1359 ad
806 1331 967 1359 mortem
988 1323 1108 1358 fecere

63 1372 249 1410 occultum
279 1373 417 1422 soporis
443 1374 522 1410 iter.
572 1372 813 1421 Propert.111.
832 1372 853 1410 1.
877 1385 921 1409 11.
949 1374 1040 1420 eleg.
1069 1373 1108 1409 &

65 1423 203 1462 Lucan.
218 1423 280 1462 lib.
299 1436 351 1462 ix.
369 1423 423 1467 ybs.
443 1425 529 1461 610.
545 1424 582 1461 8<
605 1435 688 1469 701.
716 1424 891 1461 FARNAB.
931 1423 1106 1471 Aspidem

64 1474 203 1520 innuit,
230 1487 324 1524 quae
347 1475 446 1513 lfiaci
466 1474 552 1513 sacri
570 1486 649 1523 pars
668 1475 864 1512 habebatur
881 1502 891 1518 ‚
919 1475 956 1512 ὃ(
977 1476 1050 1512 1106
1061 1486 1106 1512 ex

62 1532 160 1574 parte
179 1525 272 1564 vidit
290 1525 498 1563 Farnabius.
527 1525 710 1574 Peregrina
733 1526 888 1570 dicitur,
916 1537 993 1563 non
1003 1525 1106 1575 quod

62 1574 214 1625 Agypto
237 1576 449 1624 peculiaris,
480 1585 521 1615 ut
542 1576 732 1614 Salmasius
753 1576 799 1614 ad
829 1576 997 1614 Solinum
1027 1588 1107 1625 pag.

63 1636 144 1675 243.
180 1628 456 1676 interpretatur,
485 1627 544 1665 sed
575 1627 678 1676 quod
700 1627 807 1665 Creta
828 1627 1007 1676 serpentes
1029 1639 1108 1665 non

62 1676 142 1715 alit:
156 1686 217 1715 aut
230 1677 356 1716 saltem
370 1689 448 1715 non
469 1687 685 1716 venenatos.
708 1679 767 1715 Est
781 1683 881 1716 enim
897 1678 994 1716 Naso
1008 1690 1108 1716 nunc

52 1727 99 1765 ·in
116 1729 324 1766 narratione
348 1729 400 1766 rei
427 1728 525 1777 apud
555 1729 745 1766 Cretenses
773 1729 902 1779 gestae.
958 1729 1106 1767 Oblitus

61 1784 135 1815 erat
146 1779 184 1816 &
198 1779 312 1816 Solini
325 1780 362 1816 &
376 1779 428 1816 sui
450 1779 556 1828 ipsius
570 1779 758 1818 Salmasius
772 1808 783 1825 ,
812 1792 897 1817 curn
910 1780 946 1818 id
961 1780 1105 1817 effutie-

61 1828 182 1868 tiebat.
220 1829 364 1868 Solinus
384 1831 522 1879 quippe
545 1842 623 1879 cap.
654 1843 706 1868 xx.
733 1831 779 1868 de
807 1831 940 1875 Creta;
971 1836 1106 1878 Serpens

0 1895 1 1919 1
61 1879 184 1925 nulla,
212 1880 311 1930 larga
330 1880 440 1924 vitis,
469 1881 562 1918 mira
578 1881 645 1930 soli
673 1881 902 1930 indulgentia.
931 1881 969 1919 id
987 1882 1104 1930 ipsum

60 1928 105 1968 de
126 1931 236 1970 Creta
255 1933 366 1970 etiarn
387 1931 447 1969 3111
466 1932 655 1981 scriptores
674 1933 846 1971 testantur
859 1961 869 1977 ‚
899 1944 991 1982 quos
1013 1933 1108 1970 inter

63 1980 234 2020 Aelianus
258 1983 296 2020 &
320 1982 458 2020 Strabo.
485 1984 526 2022 P.
549 1983 734 2021 Bellonius
757 1995 805 2021 ne
823 1995 923 2021 nunc
953 1983 1108 2032 quidem

57 2030 264 2079 serpentem
297 2042 517 2072 venenatam
546 2035 583 2072 in
612 2034 722 2073 Creta
750 2035 909 2073 inveniri
930 2034 1101 2079 testatur,

59 2081 204 2120 additur
229 2081 332 2132 plena
355 2083 538 2131 firmniferi
568 2085 694 2122 veneni
722 2086 798 2131 (ita
828 2086 929 2124 enim
950 2086 1103 2124 Thuan.

62 2132 102 2170 &
121 2132 268 2179 Junian.
290 2134 329 2171 &
347 2134 479 2172 Noster
495 2135 604 2184 alibi)
633 2137 736 2186 quod
755 2137 829 2174 hoc
850 2136 1038 2186 proprium
1053 2136 1105 2174 as—

59 2182 150 2238 pidi.
175 2183 275 2221 unde
304 2185 477 2222 Lucanus
505 2198 558 2223 1x.
589 2198 672 2231 701.
718 2187 854 2237 Aspida
876 2188 1106 2236 somniferam

36 2265 43 2269 .
61 2231 165 2272 dixit.
194 2235 233 2272 ὃ(
254 2234 375 2272 Cinna
394 2236 432 2273 in
452 2236 660 2285 fragmento
678 2240 775 2288 apud
796 2238 962 2278 Priscian.

115 2304 385 2355 Somniculosam
407 2315 446 2343 ut
469 2311 598 2343 Poenus
620 2307 768 2357 aspidem
792 2307 939 2358 Psyllus.

65 2380 210 2431 Aspidis
220 2383 345 2422 morsu
357 2384 392 2422 in
408 2383 580 2421 somnum
591 2383 745 2422 solutam
759 2384 995 2434 Cleopatram
1009 2386 1112 2434 expi-

67 2432 154 2472 raffe
165 2435 484 2473 Historiciomnes
498 2434 663 2471 estantur.
686 2435 729 2472 ln
743 2435 851 2472 ifiaca
870 2436 991 2472 tabula
1001 2435 1112 2472 Bem-

68 2482 174 2531 bina,
200 2498 315 2537 quam
331 2486 525 2535 Pignorius
549 2484 687 2529 edidit,
702 2485 1010 2534 frequenteraspis
1021 2486 1113 2522 haec

66 2538 234 2575 occurrit.
288 2542 505 2586 Argenteam
533 2537 720 2584 serpentem
767 2535 933 2581 Juvenal.
963 2535 1034 2573 Sat.
1057 2546 1114 2574 v1.

0 2608 1 2611 =
69 2585 126 2636 38.
151 2587 259 2629 dixit.
312 2587 437 2626 Valer.
460 2587 557 2625 Flac.
577 2587 622 2624 de
642 2585 736 2624 Ifide
757 2587 816 2624 lib.
843 2598 894 2623 iv.
916 2585 999 2631 418.
1015 2632 1026 2639 .

115 2667 243 2718 Aspide
264 2667 376 2706 cinl‘ia
394 2679 508 2704 comas
530 2676 573 2704 (9⁰
596 2665 721 2702 ovanti
736 2663 876 2714 persona
889 2661 997 2712 ſsstrcr.

0 2753 5 2795 1
69 2743 244 2798 Apuleius
264 2748 301 2785 in
325 2746 569 2794 descriptione
592 2741 691 2781 Ifidis
707 2755 715 2779 :
732 2749 848 2779 Laeva
870 2740 1042 2789 cymbium
1054 2740 1110 2776 de-

65 2796 229 2845 pendebat
265 2810 410 2834 aureum
433 2825 443 2841 ‚
480 2798 575 2846 cujus
612 2794 775 2843 ansulae,
804 2806 874 2842 qua
902 2802 1000 2840 parte
1034 2805 1111 2828 con-

62 2845 178 2894 spicua
199 2847 241 2895 est
255 2876 265 2892 ,
289 2847 484 2896 insurgebat
505 2847 590 2896 aspis
604 2874 614 2890 ,
643 2855 741 2894 caput
763 2843 923 2880 attollens
946 2842 1110 2879 arduum.

75 2896 286 2937 HEINanS.
345 2898 446 2936 Vide
483 2897 629 2938 Keuch.
669 2896 715 2934 ad
744 2894 868 2933 Seren.
918 2893 1111 2931 Sammon.

70 2951 112 2985 ‘ca
139 2977 148 2986 .
194 2961 227 2995 7.
910 2989 915 2992 ‚

0 3003 3 3042 ἶ
113 2958 205 3048 293.
234 3005 306 3036 Nec
326 2997 489 3047 dubita]
529 3004 582 3035 Ne
607 2997 741 3034 dubites
768 2996 900 3039 multi,
926 3008 967 3031 ne
989 2993 1113 3031 dubita

0 3075 9 3092 „
56 3046 239 3090 cantabr.
270 3051 309 3088 &
335 3057 494 3099 quatuor
521 3049 591 3087 alii.
620 3048 694 3087 vid.
709 3047 754 3086 ad
771 3048 832 3085 lib.
856 3059 886 3084 1.
917 3046 999 3084 Art.
1025 3047 1115 3084 Am.

123 3109 208 3199 (3598.
235 3149 363 3189 Tollere
391 3148 561 3200 quidquid
589 3149 654 3184 erit
684 3148 700 3197 Ἰ
758 3148 816 3185 Sic
848 3147 1049 3185 Terentius
1077 3148 1115 3185 in

0 3211 11 3230 θ
76 3197 211 3239 Andria
227 3213 256 3239 1.
269 3213 304 3251 3.
327 3200 513 3250 Qidquid
526 3199 691 3249 peperiJJet
707 3228 716 3240 ‚
745 3198 969 3234 decreverunt
991 3197 1116 3235 tollere.

78 3247 135 3285 Sic
154 3252 261 3289 etiam
284 3261 387 3290 vetus
412 3255 525 3301 poe'ta
546 3250 644 3300 apud
663 3248 887 3288 Ciceronem
907 3249 970 3287 lib.
993 3260 1025 3288 1.
1053 3249 1114 3287 De

78 3296 316 3344 Divinatione
337 3314 417 3354 cap.
434 3314 497 3343 21.

2034 869 2203 943 Quod

1215 1015 1313 1064 Qia
1333 1026 1446 1054 mater
1463 1018 1618 1067 gravida
1632 1027 1750 1068 parere
1762 1017 1799 1068 se
1822 1017 2001 1055 ardentem
2014 1019 2134 1064 facem

1220 1068 1299 1115 Visa
1319 1068 1361 1114 est
1386 1069 1424 1104 in
1444 1070 1574 1116 somnis
1597 1069 1757 1106 Hecuba.-
1780 1083 1844 1117 quo
1856 1071 1952 1116 fatto
1982 1079 2082 1118 pater

1216 1123 1288 1153 Rex
1311 1120 1375 1166 ipse
1398 1120 1582 1165 Priamus,
1604 1121 1738 1169 somnio
1763 1121 1889 1157 mentis
1908 1130 2004 1156 metu

1215 1169 1394 1216 Perculfits
1410 1199 1418 1212 ,
1445 1171 1533 1207 curis
1551 1173 1698 1220 sumetis
1710 1170 1964 1220 suspirantibus
1980 1198 1991 1215 ‚

1216 1220 1489 1267 Exsacrificahat
1508 1222 1619 1268 hestiis
1640 1222 1851 1260 balantibus.

1219 1275 1308 1306 Tum
1330 1272 1545 1318 conjechrem
1558 1273 1706 1321 postulat
1720 1282 1837 1322 pacem
1857 1282 1972 1321 petens
1985 1299 1996 1317 ‚

1217 1326 1261 1356 Ut
1274 1322 1312 1369 se
1328 1322 1473 1358 edoceret
1493 1323 1664 1371 obsecrans
1684 1324 1879 1371 Apollinem
1895 1351 1906 1368 ‚

1218 1374 1297 1419 ἐξω
1315 1378 1379 1421 sese
1397 1385 1542 1410 vertant
1563 1385 1685 1411 tantae
1697 1377 1805 1424 sortes
1820 1373 2010 1421 somnium.

1217 1422 1269 1459 Ibi
1291 1437 1331 1459 ex
1354 1424 1464 1460 oraclo
1484 1438 1564 1461 voce
1582 1426 1711 1462 divina
1732 1425 1841 1462 edidit

1214 1474 1337 1522 Apollo
1348 1489 1359 1517 3
1382 1485 1530 1524 puerum
1543 1504 1554 1520 ‚
1577 1476 1712 1525 primus
1733 1477 1874 1513 Priamo
1894 1476 1953 1524 qui
1964 1477 2057 1522 foret

1215 1524 1290 1570 Post
1312 1524 1375 1562 illa
1397 1536 1502 1563 natus
1524 1536 1676 1577 tempora
1691 1555 1700 1570 ,
1727 1526 1819 1564 hunc
1832 1525 1868 1576 si
1885 1527 2037 1569 tolleret,

1214 1580 1307 1612 Eum
1331 1577 1388 1626 effe
1406 1576 1555 1614 exitium
1574 1579 1714 1628 Trojae,
1737 1578 1860 1628 pestem
1879 1584 2053 1626 Pergamo.

1167 1628 1388 1666 CIOFANUS.

1213 1680 1299 1726 699.
1327 1678 1533 1728 Qererisq
1562 1679 1733 1727 Qeraris
1753 1679 1906 1728 Argent.
1928 1678 2071 1716 Medic.

1215 1740 1300 1774 701.
1329 1735 1515 1779 Durasque
1542 1731 1590 1766 ad
1615 1729 1727 1778 fidera
1751 1731 1889 1778 palmas
1919 1729 2070 1779 Creffa.]
2125 1729 2210 1766 Iino

1155 1790 1351 1831 purasque,
1382 1792 1466 1818 cum
1491 1780 1656 1818 Palatino
1687 1783 1725 1818 &
1746 1782 1834 1819 aliis.
1873 1782 1974 1817 DAN.
2004 1780 2212 1817 l-lmnsrus.

1164 1839 1342 1882 purasque
1369 1831 1518 1880 plurimi
1534 1843 1579 1869 ex
1601 1832 1771 1880 antiquis.
1797 1831 1889 1868 1111111
1908 1831 2040 1869 verius.
2083 1832 2123 1870 P.
2144 1830 2211 1880 Sy-

1162 1894 1242 1921 rus:

1214 1940 1328 1970 Puras
1343 1937 1460 1977 Deus,
1485 1945 1553 1970 non
1567 1931 1690 1983 plenas
1707 1932 1826 1983 aspicit
1846 1945 1984 1971 manus.

1166 1984 1337 2023 Tibullus
1357 1983 1419 2022 lib.
1442 1995 1488 2022 11.
1509 1984 1565 2022 El.
1589 1996 1619 2022 1.
1777 1994 1781 1998 ’

1208 2041 1256 2072 Et
1272 2034 1436 2072 manibus
1446 2034 1544 2084 puris
1555 2034 1687 2083 sumite
1696 2034 1811 2081 fontis
1827 2047 1972 2085 aquam.

1158 2085 1222 2123 Ubi
1249 2095 1380 2136 puram
1402 2098 1534 2136 aquam
1562 2087 1810 2135 nequicquam
1840 2085 2042 2132 reponebat
2063 2084 2108 2122 ad
2128 2085 2214 2122 Pcr-

1161 2137 1254 2175 fium
1279 2136 1506 2175 Theodorus
1520 2136 1718 2174 Marcilius.
1739 2136 1838 2173 Vide
1861 2136 1976 2172 Notas
1995 2135 2083 2172 Fast.
2104 2147 2139 2171 v.
2158 2135 2213 2176 >⁷³11

1161 2200 1247 2237 435.
1276 2187 1412 2226 Seneca
1429 2187 1566 2225 Medea
1587 2187 1683 2224 netu
1703 2199 1737 2224 v.
1770 2193 1882 2223 Puras
1902 2185 2000 2222 reete
2021 2186 2212 2223 restituunt

1164 2241 1233 2277 viri
1263 2238 1386 2283 docti,
1422 2238 1483 2276 sed
1513 2237 1770 2287 explicandum
1802 2237 1851 2274 est
1877 2236 1991 2280 lotas,
2020 2248 2103 2272 cum
2128 2237 2208 2284 jam

1165 2288 1261 2340 aqua
1281 2288 1454 2338 expiasset
1480 2289 1666 2327 somnium
1684 2317 1695 2332 ‚
1723 2296 1763 2326 ut
1790 2295 1923 2324 notum
1956 2286 2079 2333 vulgo.
2113 2288 2149 2322 δε
2172 2287 2210 2323 111

1168 2342 1287 2379 Gron.
1308 2349 1382 2378 erat
1403 2339 1574 2390 latasque,
1594 2352 1660 2388 pro
1681 2339 1846 2387 latasque.
1868 2349 1935 2384 pro
1958 2336 2080 2374 tollens
2099 2337 2212 2374 etiam

1166 2391 1334 2429 sollemni
1355 2392 1627 2438 permutatione
1649 2389 1788 2425 tendens
1798 2387 1979 2425 nonnulli.
2011 2386 2113 2437 quod
2127 2389 2212 2436 quia

1168 2441 1284 2478 tollere
1317 2440 1504 2489 praeceffit
1542 2440 1650 2487 possit
1677 2438 1803 2488 recipi.
1850 2439 1915 2476 vid
1946 2437 2007 2476 lib.
2039 2450 2094 2476 11.
2129 2437 2214 2485 487.

1169 2501 1318 2539 xr.131.
1341 2492 1379 2527 ὅτ
1398 2490 1492 2527 alibi.
1543 2490 1672 2527 BunM.

1223 2541 1384 2577 Vindieta
1402 2539 1490 2576 levis
1507 2540 1549 2589 est
1564 2567 1574 2583 ‚
1601 2552 1709 2589 quam
1720 2537 1846 2586 ferum
1862 2548 1968 2589 purae
1985 2551 2127 2577 manus.

1170 2592 1226 2629 Ita
1246 2599 1351 2628 vetus
1372 2590 1503 2628 codex.
1541 2591 1682 2628 Hnms.

1223 2653 1308 2691 703.
1336 2647 1380 2677 Ut
1399 2639 1493 2677 dolor
1513 2640 1674 2678 increvit.
1694 2640 1710 2690 ]
1750 2640 1917 2677 Excrevit
1937 2640 2058 2678 Vrtic.
2079 2641 2216 2678 &Me-

1169 2692 1239 2730 dic.
1258 2703 1351 2730 unus
1366 2720 1375 2736 ‚
1389 2700 1495 2738 utque
1505 2691 1600 2729 dolor
1619 2692 1731 2730 crevit
1743 2691 1871 2729 Oxou.
1891 2702 1930 2729 ut
1951 2691 2214 2741 dolorimplevit

1165 2744 1311 2791 Junian.
1984 2757 1991 2760 ·

1215 2806 1302 2840 704.
1330 2791 1469 2843 Patri]
1518 2799 1622 2830 Patre
1642 2793 1761 2831 Gron.
1782 2792 1932 2831 Tliuan.
1957 2793 1994 2831 &
2013 2793 2074 2831 alii
2093 2792 2211 2830 multi.

1169 2844 1242 2883 vid.
1266 2844 1310 2882 ad
1328 2843 1624 2891 lib.1.748.filia
1641 2844 1733 2892 patri
1751 2844 1861 2881 etiam
1881 2852 1963 2881 tres.

1219 2896 1303 2940 706.
1335 2896 1429 2933 Fabii
1450 2893 1515 2943 nifi
1534 2895 1662 2944 confiia
1673 2893 1839 2944 Μινώα]
1869 2895 1955 2930 ficti
1973 2906 2017 2930 ex
2029 2891 2212 2943 antiquit>-

1168 2946 1263 2984 ribus
1285 2946 1404 2987 multi.
1438 2945 1584 2984 Censeo
1613 2946 1842 2983 scribendum
1866 2973 1875 2988 ‚
1902 2945 2008 2990 fimi.
2036 2937 2211 2993 quicquid

1170 2999 1270 3034 enirn
1291 2997 1438 3035 occulte
1460 2996 1656 3047 agebatur,
1677 2999 1820 3044 furtum
1835 2994 2025 3033 vocabant.
2051 2990 2212 3028 fic&in-

1171 3050 1224 3087 fra
1243 3049 1302 3092 ies.
1322 3047 1407 3094 768.

1279 3127 1428 3134 ---.«
1482 3097 1539 3143 sed
1550 3099 1630 3147 jam
1653 3096 1880 3145 consumserat
1900 3103 2034 3129 omnem

1227 3149 1422 3186 Materiam
1435 3149 1543 3194 furti.

1171 3212 1258 3238 nam
1283 3202 1320 3238 in
1343 3200 1418 3236 aliis
1436 3199 1532 3235 libris
1551 3198 1624 3240 est,
1647 3196 1743 3244 fieti.
1772 3193 1870 3247 quod
1883 3188 2114 3240 praecesserat
2125 3201 2213 3236 pau-

1167 3251 1207 3287 lo
1231 3258 1339 3285 ante:
1369 3250 1406 3286 in
1439 3249 1540 3294 aliis,
1561 3248 1666 3293 testi,
1694 3246 1752 3286 vel
1773 3245 1876 3292 fac‘lt-
1913 3242 2059 3280 HfflNS·
2112 3241 2214 3278 fatto

1172 3300 1320 3337 GeneV.

1172 3346 1174 3348 ¹
1314 3346 1318 3348 ’
2042 3352 2128 3390 710.
2156 3346 2217 3388 Ine
