2483 3616
282 198 382 268 184

799 187 861 248 P.
934 185 1299 248 OVDII
1371 185 1906 246 NASONIS

429 303 525 356 155
565 285 730 344 Vallis
755 298 866 342 erat
888 287 1054 359 piceis
1081 285 1138 338 δε
1161 283 1318 338 acuta
1341 281 1498 337 densa
1524 284 1798 356 cupreffu3

570 361 808 416 Nomine
834 358 1167 431 Gargaphie,
1204 356 1499 411 succincffae
1521 356 1662 421 saera
1684 357 1918 413 Dianae:

566 433 735 505 Cujus
761 435 817 487 in
841 446 1087 487 extremo
1113 428 1188 484 est
1210 443 1422 485 antrum
1447 429 1720 482 nemorale
1745 431 1976 495 recessU,

557 507 697 561 Arte
724 506 1021 560 laboratum
1047 503 1215 557 nulla:
1257 502 1585 556 fimulaverat
1617 508 1787 558 artem

567 579 792 650 Ingenio
818 578 1021 633 Natura
1043 577 1164 631 suo:
1204 592 1328 630 nam
1350 572 1567 646 pumice
1587 573 1731 639 vim,

429 655 528 705 160
569 651 642 706 Et
670 652 872 706 levibus
897 650 1073 723 tophis
1099 649 1338 703 nativum
1363 646 1590 700 duxerat
1614 664 1813 705 arcum.

564 724 708 779 Fons
732 724 880 778 sonat
905 726 933 777 a
963 723 1186 784 dextra,
1229 718 1379 773 tenui
1403 718 1709 791 perlucidus
1734 723 1906 788 unda,

567 797 821 867 Margine
844 795 1120 866 gramineo
1143 792 1351 865 patulos
1372 789 1634 846 incinfius
1659 792 1844 850 hiatus

566 868 683 923 Hie
711 868 829 921 Dea
853 867 1122 930 silvarum,
1160 878 1358 920 venatu
1382 863 1536 928 feffa,
1571 863 1772 921 solebat

572 940 864 1013 Virgineos
889 954 1031 996 artus
1054 939 1264 1014 liquido
1289 937 1618 1012 perfundere
1643 957 1783 995 rore.

323 1111 409 1160 ]·55.
437 1104 636 1159 cupressus]
664 1106 816 1158 Cupreffi
839 1104 1156 1155 Cantabrigienfis,
1177 1105 1323 1155 Argen-

274 1160 462 1199 toratenfis
486 1162 524 1198 ὃς
544 1160 620 1197 duo
633 1158 702 1196 alii.
730 1158 776 1196 de
797 1170 873 1207 quo
896 1157 981 1195 vide
1001 1158 1162 1195 Pi'e'rium
1178 1157 1224 1195 ad
1235 1159 1323 1195 Vir-

272 1211 334 1261 gil.
354 1223 420 1248 111.
444 1210 602 1248 Aeneid.
627 1210 687 1255 64.
716 1210 771 1247 Ita
802 1208 964 1246 Varroni
992 1208 1053 1244 lib.
1076 1220 1104 1245 1.
1135 1208 1181 1246 de
1205 1209 1250 1245 R.
1274 1209 1320 1246 R.

272 1263 455 1309 2o.&40.
488 1260 637 1312 Cupreffi
654 1261 823 1299 dicuntur
837 1261 899 1306 ‚&
922 1258 1049 1308 paffim
1079 1259 1150 1296 Rei
1167 1258 1318 1297 rusticae

271 1311 511 1362 scriptoribus.
547 1313 680 1350 Euam.

329 1364 409 1413 156.
439 1364 588 1401 Nomine
609 1362 842 1414 Gargaphie]
871 1361 1059 1400 Pausanias
1081 1362 1227 1399 fontem
1249 1374 1320 1400 vo-

272 1422 331 1452 cat
353 1415 592 1465 Gargaphiam
616 1444 627 1460 ,
664 1416 725 1465 qui
758 1414 853 1451 bello
885 1411 1028 1450 Perfico
1063 1424 1082 1449 a
1116 1412 1319 1450 Mardonio

271 1465 422 1504 obrutus
442 1467 512 1504 fuit
534 1495 545 1512 ,
573 1478 665 1504 mox
688 1478 707 1503 a
732 1462 990 1502 Plataeenfibus
1010 1463 1198 1501 restitutus.
1239 1464 1321 1501 Mr-

271 1528 422 1555 cutus.
459 1517 516 1555 Sic
534 1516 786 1554 emendandus
809 1515 856 1552 est
876 1514 979 1552 locus
1002 1514 1104 1551 Vibii
1125 1514 1316 1564 sequestri,

271 1567 334 1605 ubi
354 1567 516 1617 loquitur
538 1568 584 1605 de
607 1570 710 1605 fonte
734 1596 744 1612 ,
770 1567 808 1604 in
840 1577 917 1616 quo
950 1564 1123 1602 Actaeon
1152 1565 1315 1603 Dianam

271 1618 411 1656 nudam
435 1619 537 1656 vidit.
575 1619 745 1660 CIQFAN.
792 1617 911 1654 Barth.
941 1615 988 1653 ad
1019 1615 1121 1653 Statii
1150 1616 1210 1653 lib.
1242 1628 1316 1655 vn.

271 1669 397 1708 Theb.
416 1681 500 1719 273.
530 1669 616 1719 legit
641 1699 651 1715 ‚
686 1667 924 1718 Gargaphiae,
953 1678 974 1703 a
995 1667 1162 1716 nympha
1182 1667 1315 1705 scilicet

270 1731 344 1758 una
368 1722 549 1758 comitum
582 1721 738 1758 Dianae.
774 1717 1011 1768 Gargaphiam
1041 1725 1152 1754 vocat
1181 1717 1314 1755 vallem

270 1771 444 1820 Hyginus
466 1771 535 1809 fab.
555 1783 704 1809 ctxxxx.
727 1774 847 1814 κρηυῆν
868 1774 931 1808 τὴν
952 1769 1159 1813 Γαργαφιῆν
1182 1777 1319 1807 vocant

274 1821 407 1859 Graeci
439 1834 474 1859 v.
505 1822 691 1860 Herodot.
717 1822 775 1859 lib.
807 1833 859 1857 xx.
883 1831 960 1867 cap.
983 1831 1042 1866 25.
1066 1819 1104 1856 δε
1127 1819 1186 1864 48.
1217 1819 1316 1857 unde

272 1881 542 1922 apparetprope
555 1873 714 1911 Plataeas
735 1869 837 1910 fuiffe
858 1869 1316 1919 Gargaphiam.h‘lS.Bers-

273 1924 412 1961 manni.
448 1924 575 1961 Euam.

328 1975 410 2024 156.
439 1981 536 2011 Cura
562 1974 740 2024 Dianas]
781 1974 863 2012 Lib.
899 1973 1017 2021 scripti
1039 1985 1170 2010 omnes
1187 1979 1315 2018 ‚Sacra

270 2025 424 2063 Dianae.
460 2032 564 2063 Sacra
588 2055 598 2071 ,
632 2035 757 2063 autem
791 2026 949 2073 opinor,
975 2024 1071 2060 valet
1094 2024 1313 2062 consecrata.

272 2077 483 2114 Cioranus.
513 2084 609 2114 Cura
633 2076 822 2114 ediderunt
844 2076 974 2118 Aldus,
998 2075 1317 2123 Gryphius‚Be1·s-

271 2137 453 2172 mannus,
481 2129 520 2165 ἂ
542 2128 624 2171 alii,
651 2127 761 2176 idque
782 2127 911 2173 probat
936 2126 1098 2162 Barthius
1131 2125 1231 2163 dieto
1259 2126 1317 2163 lo-

270 2188 331 2220 co;
363 2179 400 2216 8(
423 2178 572 2228 quidam
594 2177 711 2226 scripti
731 2177 876 2214 habent.
903 2177 997 2214 forte
1015 2184 1142 2214 tamen
1160 2175 1318 2213 scriben-

270 2227 385 2274 dum,
411 2243 492 2265 cara
514 2229 573 2266 vel
599 2240 703 2277 grata
719 2257 729 2273 ‚
757 2239 851 2277 quae
873 2239 986 2264 voces
1016 2226 1141 2276 paffim
1171 2226 1265 2264 inter
1282 2227 1317 2264 se

269 2287 562 2318 commutantur.
581 2280 629 2316 ita
649 2279 746 2327 apud
767 2279 893 2316 Senec.
915 2277 1061 2317 Troad.
1081 2289 1167 2323 227.

322 2336 370 2367 Et
379 2330 484 2379 sacra
505 2330 634 2368 Phoebo
655 2330 762 2367 eilia.

269 2380 346 2419 Ubi
368 2395 450 2419 cara
471 2383 510 2420 in
530 2382 663 2430 scriptis
686 2381 734 2417 est
758 2409 768 2424 ‚
793 2388 948 2418 notante
976 2379 1107 2418 Delrio
1143 2379 1182 2418 &
1213 2379 1314 2417 Gro-

269 2433 398 2469 novio.
427 2433 523 2481 apud
543 2432 719 2470 Nostrum
740 2431 799 2468 lib.
823 2443 856 2468 v.
878 2431 966 2468 Fast.
993 2432 1076 2480 563.

324 2484 415 2520 Hinc
437 2485 535 2520 videt
557 2489 704 2520 Aenean
725 2492 906 2519 oneratum
922 2483 1067 2531 pondere
1079 2482 1190 2530 fitero.

270 2531 315 2569 In
336 2535 519 2571 nonnullis
540 2534 588 2570 est
610 2547 697 2570 caro.
724 2545 790 2581 pro
803 2534 908 2581 sacra
931 2533 1036 2581 saepe
1066 2533 1178 2570 etiam
1209 2544 1314 2582 grata

270 2583 469 2630 repositum
501 2597 535 2622 v.
557 2584 664 2633 Epist.
696 2596 774 2622 xxx.
799 2583 846 2621 vs.
871 2595 931 2632 91.
959 2596 986 2620 1.
1024 2584 1131 2621 Pont.
1162 2596 1226 2621 111.
1254 2584 1313 2623 80.

270 2632 531 2673 Bummmus.

330 2685 409 2733 158.
437 2686 674 2723 simulaverat
693 2686 845 2735 artem.]
875 2685 1103 2723 similaverat
1125 2686 1200 2723 duo
1225 2687 1311 2723 Me-

271 2733 367 2772 dicei
398 2736 436 2772 &
467 2748 558 2773 unus
591 2736 788 2774 Leidenfis.
816 2748 883 2784 pro
914 2749 989 2785 quo
1014 2737 1130 2774 verbo
1163 2738 1202 2774 &
1235 2737 1311 2785 ejus

270 2786 480 2834 composito
523 2785 704 2833 affimilare
734 2794 870 2834 pugnat
911 2787 1040 2823 acriter
1070 2787 1234 2824 Barthius
1265 2786 1312 2823 ad

271 2837 462 2874 Claudian.
485 2848 530 2873 11.
558 2837 679 2874 Rufin.
705 2837 763 2875 81.
786 2838 823 2873 &
842 2836 886 2872 ad
908 2836 993 2873 Stat.
1016 2849 1068 2873 iv.
1095 2837 1179 2873 261.
1203 2835 1310 2873 &lib.

268 2899 361 2925 vrn.
383 2887 482 2925 Adv.
503 2901 533 2936 ς.
562 2888 621 2925 sed
646 2888 821 2924 Latinum
842 2885 913 2923 effe
935 2896 1067 2933 negat,
1096 2885 1310 2924 meliorser-

268 2938 392 2976 monis
417 2938 587 2986 elegantis
609 2938 761 2981 arbiter,
790 2937 949 2984 Magnus
972 2937 1185 2973 Gronovius
1199 2937 1312 2980 ‚Dia-

266 2990 374 3027 tribes
396 2990 576 3026 Statianae
598 2988 703 3036 capit.
721 3000 772 3023 vx.
798 2989 836 3025 Sc
857 2988 999 3035 semper
1019 2986 1247 3023 scribendum
1262 2985 1312 3035 fi-

267 3041 403 3077 multare
426 3041 463 3077 ὃ(
482 3038 685 3086 assimulare.
710 3040 748 3075 Sc
770 3038 818 3074 ita
835 3039 914 3086 jam
939 3037 1031 3074 olim
1052 3037 1150 3074 reete
1171 3037 1311 3073 docue-

266 3103 320 3128 rat
344 3091 509 3139 Rapliael
530 3091 664 3138 Regius
688 3089 733 3126 ad
756 3087 908 3136 Quinet.
940 3087 1000 3124 lib.
1031 3099 1104 3124 ΠΙ.
1138 3099 1215 3135 cap.
1254 3099 1308 3125 10.

266 3142 353 3178 vide
378 3142 447 3178 Inf.
471 3153 553 3189 275.
577 3141 615 3178 ὃς
638 3153 672 3177 x.
694 3151 776 3188 253.
807 3139 1021 3175 Bunmmm.

328 3192 408 3229 160.
432 3198 596 3228 Diexerat
617 3189 781 3237 arcium]
812 3196 997 3226 Struxemc
1027 3196 1185 3237 excerpt.
1209 3188 1312 3225 Lan-

269 3244 460 3288 germanni
474 3271 483 3286 ‚
497 3253 642 3279 texerat.
665 3242 733 3279 alii.
755 3241 905 3276 duxerat
917 3240 1027 3276 orbem
1041 3239 1315 3276 Gronovianus.

268 3306 419 3330 ‘emmim
443 3295 635 3331 deduxerat
656 3292 735 3331 MS.
760 3290 983 3329 Berimttnni.
1020 3298 1057 3327 ut
1091 3291 1129 3329 δί
1151 3300 1314 3336 antrum,

2155 1009 2262 1088 165'
2294 1021 2425 1096 Quo

1375 1103 1480 1152 quod
1496 1104 1595 1143 reete
1617 1105 1779 1144 damnat.

1433 1155 1513 1193 161.
1541 1162 1581 1193 A
1601 1156 1770 1207 dextra]
1800 1156 1866 1193 Ad
1887 1156 2052 1194 dextram
2074 1157 2244 1198 Cantabr.
2276 1162 2316 1199 δε
2347 1163 2424 1202 duo

1377 1206 1446 1244 alii.
1471 1207 1546 1245 vid.
1567 1207 1614 1245 ad
1632 1208 1691 1245 lib.
1714 1220 1760 1246 11.
1781 1221 1840 1257 25.
1870 1220 1931 1245 111.
1955 1207 2064 1246 Trist.
2083 1220 2136 1246 xx.
2159 1222 2217 1258 45.
2237 1213 2371 1262 Aspicis
2400 1228 2425 1252 a

1375 1258 1512 1295 dextra.
1540 1271 1563 1294 a
1586 1259 1718 1296 dextris
1735 1258 1795 1297 hic
1818 1258 2074 1297 Lovanienfis.

1431 1309 1513 1346 162.
1549 1310 1744 1347 Succinl‘ius
1773 1309 1934 1359 himas]
1975 1310 2017 1347 In
2041 1310 2215 1349 omnibus
2238 1320 2328 1351 vett.
2360 1315 2425 1354 lib..

1375 1360 1548 1396 Incinc'ius
1569 1359 1698 1397 hiatus.
1722 1360 1834 1411 idque
1855 1361 1998 1398 rediius.
2037 1362 2208 1400 CIOFAN.
2248 1365 2423 1403 [mincius

1375 1410 1559 1448 meliores.
1578 1411 1687 1449 reete.
1708 1423 1796 1449 nam
1820 1412 2015 1461 saccinc‘lae
2049 1414 2190 1451 Dianae
2220 1415 2421 1463 praecesse-

1376 1469 1440 1498 rat.
1468 1461 1527 1498 lib.
1548 1473 1622 1499 vn.
1644 1475 1726 1509 242.
2408 1459 2421 1464 ⁴

1427 1512 1594 1563 Silvaque
1615 1514 1766 1550 incinxit
1787 1514 1920 1563 agresti.

1373 1563 1450 1601 Fast
1485 1576 1531 1600 11.
1553 1563 1638 1613 634.
1657 1576 1702 1601 ex
1727 1565 1833 1603 MSS.

1423 1616 1576 1652 Nutriat
1595 1615 1762 1652 incinffiizs
1784 1616 1882 1664 mifflz
1895 1616 2027 1665 patella
2049 1617 2150 1655 lares.
2176 1619 2326 1659 HEthj

1372 1664 1434 1752 Sicb
1468 1665 1528 1703 lib.
1561 1677 1626 1703 111.
1658 1666 1793 1705 Amor.
1823 1678 1914 1704 vm.
1946 1679 2007 1714 47.
2047 1668 2215 1718 incingere
2245 1674 2420 1713 moenibus

1369 1730 1413 1752 ur
1437 1731 1481 1754 εἰ.

1428 1768 1510 1817 163.
1537 1774 1672 1806 Venatu
1683 1768 1801 1819 feffiz.]
1832 1769 2095 1807 Gronovianus
2117 1771 2156 1807 δε
2177 1783 2270 1810 unus
2283 1772 2420 1812 Thua-'

1371 1818 1432 1863 ni,
1460 1831 1621 1856 venatus.
1651 1821 1700 1857 ita
1722 1819 1819 1870 apud
1843 1822 1985 1858 Lucan.
2020 1832 2086 1857 111.
2118 1833 2201 1870 729.
2230 1823 2339 1873 Fessus
2361 1825 2416 1874 se·

1371 1872 1486 1907 neriae
1516 1870 1554 1908 in
1587 1870 1728 1908 duobus
1761 1871 1947 1909 codicibus
1978 1871 2105 1919 reperi.
2138 1872 2250 1921 vulgo
2268 1876 2418 1923 senecia.

1371 1919 1456 1958 Stat.
1484 1933 1548 1958 111.
1576 1920 1698 1959 Theb.
1722 1934 1805 1972 395.

1474 1971 1604 2020 Feffam
1626 1972 1768 2023 bellique
1790 1974 1947 2024 viaeque.

1369 2021 1417 2059 Et
1436 2023 1485 2060 ita
1505 2022 1609 2071 saepe
1623 2023 1738 2061 Silius.
1764 2024 1824 2062 sed
1848 2026 1934 2074 quia
1947 2023 2127 2073 filvaritm
2139 2026 2341 2074 praecessit,
2355 2031 2417 2066 ve?

1371 2083 1462 2111 natu
1483 2073 1715 2112 retinendum
1739 2084 1842 2122 puto.
1868 2075 1999 2112 BURM.
2413 2074 2416 2075 ⁷

1426 2125 1507 2172 165.
1538 2127 1616 2173 Qo
1630 2125 1809 2175 postquam
1822 2126 1971 2175 subiit.]
2009 2128 2125 2175 Qiem
2147 2127 2354 2167 Voffianus.

1428 2176 1510 2213 168.
1548 2175 1667 2212 Vincla
1697 2177 1788 2213 duae
1813 2176 1956 2227 pedibus
1988 2177 2172 2227 domama]
2210 2179 2356 2217 Plautus
2376 2180 2416 2219 in

1373 2226 1550 2275 Epidico:
2251 2236 2261 2244 ·'

1426 2277 1480 2313 Di
1499 2278 1713 2317 immortales
1724 2279 1834 2327 fhccos
1849 2276 1929 2327 juffi
1946 2278 2099 2316 adimere
2114 2277 2270 2328 pedibus.

1373 2327 1421 2365 Et
1443 2329 1480 2366 in
1505 2330 1690 2378 Captivis:

1477 2393 1555 2399 ·--
1602 2380 1684 2426 Istas
1707 2381 1873 2430 compedes
1892 2379 1957 2416 tihi
1978 2381 2151 2419 adimam.

1370 2429 1526 2468 Terent.
1544 2431 1839 2469 Heautontimor
1868 2431 1952 2468 Αᾶὶ.
1980 2443 2008 2468 1.
2031 2431 2086 2469 Sc.
2118 2444 2145 2468 1.
2168 2431 2278 2481 soccos
2298 2434 2416 2470 detrass

1371 2481 1472 2518 hant.
1504 2482 1717 2519 Cromnos.
1758 2481 1929 2519 Manibus
1962 2482 2108 2519 demunt
2133 2482 2279 2520 secund.
2301 2483 2415 2523 palat.

1371 2532 1475 2582 quod
1497 2532 1542 2569 de
1562 2533 1708 2570 armillis
1730 2533 1811 2581 capi
1833 2532 1992 2570 deberet.
2018 2533 2078 2570 sed
2090 2533 2235 2581 vulgata
2247 2534 2412 2581 praestat.

1426 2583 1509 2629 169.
1536 2583 1706 2632 Crocalen]
1739 2585 1844 2626 napa
1869 2584 1933 2620 τοῦ
1952 2584 2086 2627 κροτεῖν
2107 2591 2147 2620 ut
2166 2583 2334 2628 videtur,
2357 2585 2412 2623 di-

1371 2634 1549 2672 ‹stazhinc
1572 2634 1671 2672 enim
1696 2635 1735 2671 &
1758 2635 1921 2678 κρόκοιλοι
1952 2633 2110 2678 calculi,
2138 2633 2201 2683 qui
2231 2634 2268 2671 in
2293 2636 2413 2673 amni-

1369 2685 1434 2722 bus
1455 2686 1679 2728 volvuntur‚
1707 2695 1849 2721 nomen
1869 2683 2018 2720 habe-nt.
2057 2685 2235 2721 chrtt.
2275 2685 2412 2723 Nomi-

1365 2746 1413 2771 na
1426 2735 1686 2782 Nympharum
1707 2734 1799 2770 haec
1812 2733 1855 2770 ab
1872 2733 2014 2771 Ovidio
2038 2735 2155 2772 efficta
2177 2735 2270 2779 sunt,
2295 2736 2334 2773 ὃς
2354 2737 2413 2774 in-

1365 2792 1538 2831 terpretes
1561 2795 1606 2820 ex
1627 2785 1780 2821 vocibus
1794 2813 1803 2828 ‚
1825 2796 1918 2833 quae
1941 2784 1988 2821 ad
2008 2796 2086 2822 rem
2109 2785 2334 2834 praesentem
2358 2788 2413 2825 fa-

1366 2834 1490 2878 ciunt,
1518 2842 1705 2872 tentarunt
1722 2836 1801 2884 jam
1836 2835 2029 2872 deducere.
2058 2836 2251 2873 Farnabius
2283 2833 2412 2882 κροκά-

1366 2890 1436 2927 λαις
1456 2884 1594 2933 lapillos
1612 2885 1768 2923 litorales
1782 2914 1791 2930 ‚
1805 2886 1864 2922 vel
1885 2886 1923 2922 in
1944 2886 2024 2923 imo
2047 2887 2160 2924 fontis
2180 2895 2308 2925 notare
2323 2887 2411 2933 ,ad-

1365 2944 1482 2973 notat.
1519 2936 1637 2984 Quod
1655 2936 1698 2972 ab
1720 2935 1877 2974 Heinsio
1899 2936 1935 2973 in
1961 2937 2169 2975 Aristarcho
2193 2938 2304 2975 Sacro
2327 2950 2405 2988 cap.

1367 2998 1440 3023 vn.
1467 2998 1513 3023 ex
1532 2986 1722 3035 Hesychio
1746 2987 1794 3024 est
1815 2986 2110 3025 animadversum
2134 3016 2145 3032 ,
2182 2989 2244 3037 qui
2265 2996 2410 3026 tantum

1363 3037 1520 3075 litorales
1550 3037 1689 3085 lapillos
1733 3036 1803 3075 effe
1835 3037 1958 3076 docet.
1995 3038 2162 3087 Etymol.
2195 3040 2250 3076 M.
2283 3039 2411 3077 auecor

1366 3089 1527 3129 κ-ρσκοίλη
1547 3088 1561 3124 ὃ
1583 3090 1751 3131 dayam-⁶,
1772 3088 1845 3125 ἀπὸ
1874 3090 1938 3124 τοῦ
1966 3090 2098 3133 κρέκειν
2120 3116 2131 3133 ,
2171 3090 2212 3125 τὸ
2238 3089 2347 3135 ἦχεῖν.
2369 3091 2409 3128 &-

1366 3139 1532 3180 κροκάλει
1552 3138 1666 3183 ψηφοῖ
1698 3141 1766 3175 τῶν
1790 3140 1958 3185 ποταμῶν
1988 3139 2062 3175 Euro
2093 3140 2157 3174 τοῦ
2189 3143 2324 3184 κροτεῖν
2347 3141 2410 3176 καὶ

1370 3188 1505 3235 ψοφεῖν.
1536 3191 1574 3226 &
1596 3190 1644 3226 ita
1667 3189 1792 3228 Suidas
1810 3219 1818 3232 ,
1841 3192 2000 3234 κρεκάλη
2021 3190 2036 3226 ὃ
2060 3190 2237 3236 leaf-sume.
2264 3191 2324 3229 sed
2345 3202 2410 3229 ne-

1370 3239 1444 3276 scio
1468 3267 1479 3283 ,
1518 3240 1604 3289 quia
1635 3242 1795 3279 ornatrix
1827 3243 1920 3279 haec
1939 3242 2105 3290 nympha
2125 3241 2334 3287 inducitur,
2360 3252 2406 3278 an

1369 3302 1449 3328 non
1470 3302 1490 3328 a
1511 3290 1645 3338 κρόκη,
1673 3292 1770 3331 unde
1792 3292 2033 3340 κροκύφκντες
2056 3301 2316 3332 ornamentum
2334 3301 2410 3346 ‚ca-

2306 3349 2384 3391 pltls
2396 3367 2413 3389 2
