2483 3616
6 3530 14 3568 L*

325 185 1558 252 METAMORPHOSEON
1631 187 1996 252 L1.13.XIV.

1486 18 1497 40 Χ

2109 213 2244 268 977-

231 327 331 378 520
371 310 460 365 Ad
484 320 764 364 numerum
789 303 953 358 motis
980 304 1202 374 pedibus
1228 305 1432 361 duxere
1459 303 1694 358 choreas,

368 380 630 451 Improbat
660 376 749 429 has
778 377 948 448 pastor
975 395 985 429 :
1028 379 1264 448 laltuque
1288 378 1519 431 imitatus
1545 375 1732 448 agresti

368 450 601 508 Addidit
629 449 894 502 obscaenis
923 450 1165 502 convicia
1192 448 1379 501 rustica
1405 447 1570 502 dietis.

366 523 483 578 Nec
509 522 649 593 prius
675 521 900 574 obticuit
922 548 933 585 ;
973 539 1130 593 quam
1157 535 1370 591 guttura
1395 520 1640 573 condidit
1668 520 1847 576 arbor:

364 594 578 649 Arbore
607 594 750 648 enim
776 594 1041 665 succoque
1066 593 1189 646 licet
1215 593 1540 663 coggnoscere
1568 611 1767 648 mores:

227 687 330 739 525
366 666 583 738 Quippe
610 681 792 721 nutam
817 667 1022 736 linguae
1049 667 1220 718 baccis
1244 663 1463 718 oleaster
1487 665 1671 717 amaris

367 739 616 803 Exhibet.
657 738 897 811 asperitas
926 738 1213 792 verborum
1237 735 1384 791 cessit
1413 736 1467 789 in
1492 737 1614 789 illas,

650 863 813 938 ΓΑΒ.
881 889 1020 935 XII.
1088 891 1679 938 ARGUMENTUM.

778 1016 937 1064 Naves
971 1018 1151 1064 Aeneae
1185 1020 1231 1065 in
1268 1020 1531 1084 NymphaS.

146 1161 311 1205 &Vernus
325 1189 338 1215 ‚
362 1153 565 1210 adversas
578 1152 762 1200 AEneam
780 1166 855 1215 pro
873 1150 1063 1200 Lavinia
1086 1150 1227 1212 sponsa
1251 1154 1479 1211 dimicans,
1516 1169 1607 1199 cam
1630 1154 1854 1199 immittere
1877 1154 2007 1214 ignem
2030 1152 2215 1211 claffibaf

77 1221 322 1279 effaretur,
359 1226 374 1244 ⁸
408 1219 561 1267 [Mater
591 1220 764 1276 Deam,
800 1221 898 1279 qaia
934 1235 983 1262 ex
1018 1219 1098 1262 Ma
1122 1227 1256 1260 monte
1282 1219 1680 1278 Phrygiaesacrato
1702 1218 2009 1278 effentfiefflee,
2047 1215 2064 1241 ¹³
2086 1221 2215 1276 impe-

80 1290 210 1334 tratis
225 1286 412 1345 precibas
437 1285 489 1329 ab
515 1284 655 1343 Jove,
689 1285 733 1328 in
758 1282 1058 1341 Nympharum
1071 1284 1249 1343 speciem
1271 1288 1286 1306 ‘³
1308 1284 1404 1328 illas
1426 1287 1664 1341 convertit,
1699 1279 1716 1307 ἀ
1740 1293 1862 1343 atque
1884 1284 2057 1328 dearum
2081 1284 2215 1327 mari-

81 1367 234 1398 narum
255 1365 469 1397 numeram
489 1363 636 1411 augere
652 1348 811 1408 poffem‘
836 1346 987 1408 effecit.

76 1601 235 1651 fontibus
251 1613 357 1641 antra
376 1605 412 1641 in
434 1602 572 1641 Culice.
584 1603 668 1641 &in
682 1602 773 1642 AEn.
785 1601 926 1650 Roftida
938 1601 1027 1639 rivis
1039 1608 1125 1638 Her-

86 1655 166 1691 nica
192 1653 296 1701 saxa.
331 1655 477 1702 Apulei.
516 1656 608 1691 Met.
642 1666 696 1690 1v.
739 1653 852 1689 Roridi
879 1662 1003 1700 specus.
1032 1653 1126 1689 levia

84 1715 207 1743 autem
223 1704 347 1752 stagna
363 1732 372 1747 ,
401 1713 440 1742 ut
460 1704 550 1740 leves
571 1704 657 1747 rivi,
678 1704 713 1741 in
728 1704 1125 1751 Culi:e.><'⁷s.147.pau-

82 1754 123 1792 lo
144 1763 228 1793 ante
242 1783 251 1798 ‚
280 1755 445 1805 relinquit
466 1767 531 1802 pro
551 1755 690 1804 reliquit
704 1766 787 1791 cum
802 1755 979 1802 plerisque
994 1755 1125 1792 melio·

80 1805 188 1843 ribus.
217 1806 361 1842 Hfims.
387 1805 525 1842 Isthanc
537 1817 670 1841 vocem
685 1805 803 1840 cannis
816 1805 851 1840 in
865 1805 1125 1852 septemdecim

84 1855 168 1892 Mff.
190 1855 298 1893 codd.
320 1857 466 1903 reperiri
486 1854 649 1892 adfirmat
671 1866 795 1892 recens
818 1855 1126 1892 Ovidiirestaura-

85 1913 168 1943 tor:
188 1906 248 1944 sed
270 1905 308 1943 id
336 1906 359 1942 fi
381 1917 507 1943 verum
529 1904 598 1942 effe
621 1917 826 1953 ponamus,
853 1914 941 1942 tunc
964 1918 1031 1953 pro
1049 1919 1126 1942 ma-

85 1955 213 1992 nantia
241 1956 439 2004 legendum
468 1957 626 1992 omnino
657 1957 767 1993 fuerit
790 1984 800 2000 ‚
850 1957 1016 1992 nutantia
1037 1972 1048 1992 .·
1080 1957 1126 1994 de

88 2014 188 2052 quo,
215 2005 240 2042 fi
261 2005 348 2054 quid
368 2006 503 2050 video,
531 2017 646 2042 nemo
668 2016 790 2043 tecum
814 2008 880 2043 tria
896 2007 1001 2043 verba
1021 2018 1133 2043 com--

89 2054 256 2091 mutabit.
303 2055 355 2092 At
386 2056 487 2104 quod
509 2056 577 2092 Vir
601 2056 656 2093 Cl.
674 2056 870 2104 legendum
891 2057 939 2093 ait
954 2084 964 2100 ,
993 2056 1127 2093 levibus

82 2103 213 2152 stagnis
234 2105 420 2140 manantia
437 2133 446 2149 ‚
466 2115 594 2143 metuo
618 2118 664 2143 ne
676 2107 847 2143 novitatis
859 2118 963 2143 amor
978 2107 1012 2144 id
1024 2108 1067 2143 ab
1079 2119 1127 2144 eo

89 2152 307 2201 exprefferit.
335 2155 428 2201 Quis
449 2157 546 2193 enim
567 2169 727 2205 unquam
752 2157 846 2193 levia
859 2156 984 2204 stagna
1004 2158 1128 2204 appel-

86 2202 204 2241 lavit?
229 2204 340 2241 Dicet
362 2204 489 2252 aliquis
511 2204 579 2242 effe
601 2208 695 2254 apud
717 2208 915 2244 Horatium
931 2207 1067 2243 mobiles
1077 2207 1125 2243 ri-

87 2266 163 2297 vos,
184 2254 322 2297 fateor,
350 2253 408 2291 sed
431 2254 525 2292 aliud
547 2255 773 2303 quaerimus'‚
802 2257 894 2294 levia
900 2257 1022 2305 stagna
1035 2257 1126 2295 scili-

86 2311 156 2340 cet.
201 2304 370 2347 Deinde,
408 2316 491 2341 cum
526 2305 660 2352 vulgati
689 2307 766 2344 libri
785 2308 962 2350 habeant,
991 2307 1126 2344 levibus

83 2354 195 2401 guttis
216 2355 402 2390 manantia
417 2383 426 2398 ,
455 2367 548 2403 quae
567 2355 676 2392 lectio
694 2358 736 2392 ὃζ
754 2358 897 2404 elegans
917 2358 965 2394 est
978 2385 988 2401 ,
1019 2361 1055 2394 ὃ(
1070 2370 1125 2395 re-

84 2415 166 2442 rum
187 2414 337 2442 naturae
360 2407 557 2448 convenit,
585 2417 659 2442 non
681 2406 749 2443 fuit
769 2418 830 2443 cur
852 2408 948 2444 aliud
969 2420 1121 2454 quaere-

85 2463 184 2492 retur
202 2467 213 2492 :
238 2466 327 2492 nam
356 2455 391 2492 id
407 2483 416 2498 ‚
440 2456 540 2503 quod
562 2457 610 2492 ait
620 2456 734 2492 Po'e'ta
749 2484 759 2499 ,
788 2458 957 2493 omnibus
971 2458 1045 2494 fere
1058 2470 1121 2494 an-

85 2505 169 2548 tris,
199 2505 403 2553 praesertim
434 2517 528 2554 quae
549 2505 652 2541 saxea
673 2506 774 2548 sunt,
803 2505 955 2549 accidit,
982 2515 1021 2543 ut
1043 2507 1122 2542 ube-

85 2554 180 2591 ribus
196 2556 304 2602 guttis
319 2553 445 2604 fleant.
475 2556 577 2600 Quin
602 2557 639 2591 ὃς
671 2556 751 2592 illae
773 2555 935 2603 guttulae
958 2557 995 2592 in
1016 2556 1124 2594 stirias

84 2605 271 2643 interdum
305 2607 461 2649 abeunt,
498 2607 537 2642 ὅτ
565 2605 791 2653 dependulae
820 2617 1001 2642 cameram
1032 2608 1124 2644 antri

83 2664 304 2703 praetexunt
324 2656 373 2692 ob
386 2657 462 2692 vim
476 2654 652 2692 saxificam
666 2655 802 2702 lapidis.
833 2656 958 2703 Itaque
971 2655 1127 2703 septem-

84 2705 205 2744 decim
227 2707 276 2744 illi
298 2706 585 2743 Misludibrium
600 2705 733 2743 debent
756 2706 1127 2754 &judiciumxconsu-

84 2754 159 2792 lere
185 2758 361 2803 oportuit.
390 2756 496 2793 TAN.
524 2756 668 2792 FABER.
699 2756 781 2793 Lib.
806 2768 848 2792 11.
870 2756 936 2803 Ep.
957 2757 1016 2803 69.
1047 2758 1127 2793 Nec

86 2806 180 2843 mihi
195 2807 316 2854 stagna
338 2807 395 2844 illa
408 2806 501 2843 levia
513 2807 715 2844 admodum
739 2806 895 2853 placent,
919 2817 1001 2843 cum
1015 2806 1051 2843 in
1064 2818 1127 2844 an-

84 2856 146 2893 tris
163 2867 278 2903 aquae
296 2857 445 2903 quidem
467 2859 620 2904 gutatim
642 2856 840 2894 defluentes
860 2856 927 2893 sint
940 2884 949 2899 ‚
972 2858 1009 2893 &
1023 2857 1070 2893 ita
1082 2858 1127 2894 ri-

85 2906 124 2943 vi
141 2904 282 2953 poffent
294 2906 362 2942 dici
375 2921 385 2948 ;
400 2907 458 2942 sed
468 2908 545 2943 illos
562 2907 682 2955 stagna
692 2918 824 2943 vocare
836 2907 1035 2953 Papiniano
1049 2919 1128 2944 ma-

83 2956 137 3005 gis
157 2957 319 2998 tumori,
348 2967 458 3003 quam
482 2957 687 2994 Ovidianae
708 2957 926 3004 fimplicitati
948 2959 1127 2995 conveni-

86 3014 152 3044 ret.
175 3017 296 3055 guttas
319 3017 407 3053 ergo
427 3017 503 3041 non
522 3007 625 3043 facile
647 3007 887 3054 repudiarem.
914 3009 961 3044 ita
980 3019 1016 3045 v.
1038 3008 1127 3045 Fast.

85 3056 169 3094 661.
199 3057 284 3093 Vivo
313 3056 471 3091 rorantia
495 3055 581 3102 saxo
607 3066 724 3091 antra.
753 3058 812 3094 ubi
848 3057 996 3095 &leves
1016 3071 1126 3109 aquae

85 3106 294 3155 sequuntur.
324 3104 528 3142 Columella
548 3105 607 3142 hb.
631 3117 665 3141 x.
691 3106 775 3146 267.

60 3186 63 3187 ⁷
138 3162 326 3205 Antraque
343 3155 500 3201 Castaliis
513 3155 645 3202 semper
663 3155 818 3191 rorantia
836 3159 955 3203 guttis.

90 3209 179 3245 rotis
210 3209 309 3243 enim
333 3206 448 3243 modo
469 3213 591 3252 guttae
612 3205 692 3242 illae
713 3204 887 3242 decidunt
906 3218 951 3243 ex
970 3208 1066 3246 saxo.
1089 3211 1125 3247 in

91 3269 168 3294 uno
191 3256 286 3293 ssafil.
306 3267 402 3299 erat,
425 3255 540 3305 juncis
553 3283 563 3298 ,
591 3256 626 3292 in
641 3255 712 3292 alio
726 3282 736 3297 ‚
765 3253 849 3299 tofis.
869 3256 971 3304 quod
986 3256 1128 3298 videtur

93 3318 138 3345 ex
157 3307 248 3344 libro
269 3318 328 3343 ιιι.
361 3308 442 3344 160.
468 3306 676 3354 repetitum.
704 3304 834 3358 BURM.

199 3362 292 3396 Iom.
320 3363 365 3394 Π.

2067 1457 2220 1514 Hinc

1233 1613 1314 1651 517.
1346 1609 1418 1640 Has
1438 1601 1502 1640 illa
1518 1600 1667 1652 pastam]
1702 1609 1771 1640 Has
1794 1599 1969 1650 Nymphas
1980 1597 2119 1637 Medic.
2138 1597 2223 1635 tert:

1182 1653 1218 1690 ὅ(
1243 1655 1406 1691 Vatican.
1436 1655 1532 1692 sorte
1547 1681 1557 1698 ,
1593 1653 1657 1690 hac
1681 1652 1862 1702 Nymphas
1887 1651 1998 1700 pastor
2019 1648 2146 1698 regione
2157 1650 2224 1693 fus

1178 1716 1294 1753 gatas.

1232 1767 1315 1803 5¹9·
1345 1754 1584 1804 Sequentem.]
1613 1760 1790 1804 sequacem
1813 1751 1914 1790 Bafil.

1234 1818 1315 1851 520.
1351 1805 1409 1840 Ad
1425 1818 1609 1842 numerum
1629 1802 1907 1852 motispedibus]
1939 1800 1989 1838 lta
1999 1800 2128 1847 scripti.
2144 1802 2225 1836 nie-3

1182 1863 1248 1892 tuo
1271 1864 1411 1899 tamen,
1433 1867 1479 1892 ne
1500 1856 1599 1892 motis
1618 1852 1809 1892 manibusa
1826 1853 1971 1890 Nasone
1983 1851 2225 1888 fueritexara-

1181 1915 1274 1943 tum.
1303 1907 1401 1943 Vide
1421 1906 1538 1943 Notas
1562 1908 1669 1943 Rem.
1693 1905 1780 1941 Am.
1801 1904 1856 1946 jhs.
1878 1906 1958 1952 334.
1987 1902 2133 1938 Hans.

1235 1969 1317 2004 521.
1350 1955 1519 2005 Improbat
1550 1957 1614 1993 has
1633 1954 1780 2004 pastor.]
1823 1954 1979 2002 Appulus
2018 1952 2081 1988 has
2111 1950 2225 1998 culpat

1181 2014 1251 2044 tres
1271 2007 1402 2055 scripti.
1433 2013 1587 2054 Increpat
1608 2018 1698 2043 unus
1721 2003 1820 2041 Bam.
1843 2016 1932 2040 mox
1955 2014 2021 2050 pro
2046 2001 2224 2045 Addidit,

1182 2057 1331 2094 Thuan.
1363 2056 1480 2093 Addit
1499 2068 1553 2095 (φ.
1585 2058 1623 2093 &
1646 2067 1710 2104 pro
1730 2055 1892 2102 imitatus
1910 2054 2009 2090 idem
2035 2051 2225 2088 cumduo-

1181 2106 1244 2143 bus
1268 2107 1408 2145 Moreti
1430 2109 1468 2144 ὃς
1489 2106 1547 2144 sex
1569 2107 1668 2151 aliis,
1696 2105 1873 2142 imitatur.
1901 2101 2136 2140 Scribendum
2148 2102 2226 2146 for-3

1182 2156 1269 2194 tassc

1226 2186 1406 2255 odorabas
1425 2207 1489 2243 has
1502 2206 1614 2254 pastor
1627 2205 1792 2255 saltuque
1813 2203 1978 2241 imitatur
1997 2201 2137 2250 agresti,

1234 2259 1352 2294 Addit
1370 2269 1412 2297 ω·
1430 2257 1592 2305 obscoenis
1614 2256 1769 2293 convicia
1792 2254 1916 2302 rustica
1936 2253 2046 2289 dinis.

1180 2320 1267 2346 nam
1286 2309 1373 2346 illud
1400 2308 1568 2357 Improbat
1580 2307 1639 2344 hic
1650 2306 1788 2355 prorsus
1802 2304 1972 2351 frigidum
1990 2303 2048 2340 est.
2078 2301 2227 2340 Hmns.

1234 2372 1316 2406 524.
1344 2359 1460 2394 Arbor
1480 2358 1570 2394 enim
1589 2357 1669 2406 effi]
1700 2357 1806 2393 Haec
1828 2355 1929 2391 nihili
1950 2354 2042 2390 sunt.
2080 2353 2224 2396 Scribe,

1177 2409 1311 2446 Arbore
1329 2409 1419 2444 enim
1433 2409 1596 2457 succoque
1619 2407 1695 2443 licet
1714 2418 1796 2443 cum
1821 2405 2035 2441 Florentino
2063 2402 2096 2439 S.
2123 2403 2226 2439 Mar-

1177 2461 1222 2496 ci.
1255 2462 1306 2494 To
1329 2459 1370 2504 est
1397 2460 1506 2495 etiam
1531 2466 1688 2506 quatuor
1715 2458 1773 2494 alii
1795 2456 1973 2492 omittunt
1993 2465 2087 2505 cum
2105 2453 2225 2501 Neap.

1178 2510 1216 2546 δε
1238 2510 1345 2557 prim.
1364 2509 1454 2556 Reg.
1475 2508 1532 2545 vel
1555 2519 1714 2554 repone,
1741 2504 1842 2556 quod
1864 2504 1985 2547 malo,

1232 2558 1454 2605 Arborejam
1474 2560 1634 2606 succoque
1653 2557 1730 2593 licet
1753 2556 1934 2603 cognoscere
1956 2567 2073 2590 mores.
2223 2603 2227 2605 μ

1183 2608 1264 2651 vel,
1291 2607 1394 2656 quod
1422 2608 1564 2655 longius
1587 2608 1682 2650 abit,
1713 2605 1846 2642 Arbore
1868 2603 1992 2640 adhuc.
2020 2610 2148 2640 metuo
2172 2609 2228 2640 ta-

1184 2669 1272 2694 men
1304 2670 1350 2694 ne
1375 2657 1463 2705 quid
1490 2657 1624 2694 altioris
1645 2657 1769 2693 mendi
1790 2655 1905 2692 subfit.
1932 2655 2076 2692 finnus.
2103 2653 2228 2702 Liquet

1184 2707 1346 2744 Florent.
1367 2709 1403 2743 ὅ(
1423 2708 1496 2743 duo
1519 2707 1590 2744 alii.
1871 2733 1877 2738 .

1234 2759 1315 2804 526.
1353 2756 1451 2803 Cessit
1488 2757 1525 2793 in
1559 2755 1676 2805 illas.]
1726 2755 1863 2807 Mansit
1900 2755 1938 2792 in
1973 2754 2042 2792 illis
2078 2754 2225 2803 plurimi

1182 2807 1310 2855 scripti.
1339 2807 1477 2844 Moreti
1497 2809 1535 2844 &
1558 2807 1693 2844 Medic.

1235 2866 1249 2884 ²
1280 2864 1398 2894 Mater
1427 2856 1581 2907 Deam]
1613 2863 1764 2895 Deorum
1786 2858 1906 2896 Parm.
1937 2855 2057 2904 Lugd.
2084 2852 2226 2901 Micyll.

1183 2909 1338 2946 Raener.

1234 2959 1251 2985 b
1281 2957 1473 3007 Imloetratis
1498 2957 1690 3008 precibus.]
1732 2960 1836 2995 Haec
1855 2956 1902 2992 est
1927 2954 2057 2991 Leffio
2079 2951 2154 2988 MS.
2184 2952 2224 2988 ὃς

1184 3010 1285 3047 Vett.
1312 3008 1403 3046 Edd.
1430 3008 1495 3045 nisi
1519 3009 1622 3058 quod
1652 3012 1692 3044 τὸ
1714 3008 1792 3043 illas
1812 3017 1880 3042 nec
1905 3005 1984 3041 MS.
2001 3014 2069 3039 nec
2089 3003 2227 3039 Vener.

1183 3059 1395 3108 agnoscunt.
1423 3059 1621 3095 Raenerius
1640 3057 1758 3098 dedit,
1787 3055 1989 3103 impetravit
2007 3051 2156 3101 precibus
2178 3049 2223 3085 ab
2268 3091 2272 3098 ι

1181 3112 1299 3156 Jove,
1340 3120 1401 3152 ut,
1433 3110 1470 3144 in
1500 3108 1743 3155 Nympharum
1766 3107 1898 3151 speciem
1916 3101 2114 3147 conversae,
2141 3101 2223 3136 dea-

1181 3175 1261 3198 rum
1282 3160 1503 3197 marinarum
1526 3168 1597 3195 (φα.
1626 3157 1845 3192 Momm.

1231 3218 1247 3236 c
1277 3209 1357 3245 Illas
1376 3207 1558 3242 convertit.
1576 3206 1589 3253 ]
1621 3206 1702 3242 Illas
1722 3206 1817 3242 deest
1838 3206 1952 3241 Parm.
1978 3201 2098 3249 Lugd-

1234 3257 1251 3284 d
1278 3256 1422 3307 thue]
1464 3256 1515 3292 Ita
1554 3257 1692 3303 Micyll.
1722 3255 1790 3292 Sed
1809 3256 1951 3290 Veneta
1973 3256 2008 3289 &
2038 3252 2118 3289 MS.
2144 3263 2222 3289 non

1183 3309 1318 3346 habent
1342 3309 1384 3345 τὸ
1415 3319 1488 3352 que.
1519 3307 1735 3343 Muncxfin.
1765 3302 2084 3342 Colonienfishoc
2105 3303 2143 3339 &
2173 3302 2227 3338 se—

1404 3355 1442 3393 H
1456 3355 1481 3392 h
1493 3356 1515 3392 h
1526 3356 1549 3393 h
1559 3358 1582 3393 h
1594 3357 1626 3393 n·
2119 3363 2233 3401 quens
