2483 3616
169 140 309 220 '1006
371 157 430 216 P.
469 156 706 217 ovmn
744 152 1062 216 NASONIS
1101 151 1888 220 METAMORPHOSEON
1924 160 2216 221 meiv,

470 274 630 330 Paret
656 295 668 330 :
710 275 764 328 δέ
790 275 845 327 in
874 285 1069 325 terram
1091 268 1260 342 pictos
1288 271 1492 344 delapsa
1517 291 1613 346 per
1636 295 1818 343 παυς,

472 348 756 404 Herfiliam
780 343 926 416 juffis
950 343 1237 415 compellat
1260 345 1482 400 vocibus
1505 345 1614 402 Iris.

332 421 438 493 840
476 423 562 477 Illa
589 418 900 475 verecundo
926 418 1019 472 vix
1046 418 1239 471 tollens
1264 417 1465 473 lumina
1490 420 1641 474 vultu
1659 458 1675 482 ,

475 497 528 550 O
554 495 700 554 Dea,
735 496 992 563 (namque
1018 490 1176 552 mihi,
1215 508 1316 545 nec
1345 509 1480 564 quae
1506 490 1567 544 fis
1592 493 1775 546 dicere
1801 510 2077 564 promtum
2103 495 2207 559 est;

472 568 544 622 Et
570 567 738 637 liquet
764 564 867 620 effe
894 563 1100 634 Deam)
1129 563 1235 617 duc
1255 606 1266 623 ‚
1307 564 1342 616 ὀ
1367 564 1504 628 duc,
1542 564 1718 638 inquit
1745 583 1755 618 :
1799 566 1853 619 δε
1878 568 2011 625 offer

473 638 733 712 Conjugis
759 657 850 693 ora
877 638 1022 692 mihi.
1070 654 1204 709 quae
1231 635 1269 690 fi
1294 637 1465 691 modo
1491 637 1637 710 poss'e
1662 637 1847 692 videre

471 712 603 768 Fata
626 713 789 767 semel
815 711 1099 771 dederint;
1142 711 1356 764 coelum
1385 710 1642 781 accepiffe
1668 711 1893 766 fatebor.

330 786 431 858 845
472 787 590 842 Nec
618 804 767 840 mora
785 826 798 847 ‚
843 785 1142 839 Romuleos
1167 800 1292 837 cum
1315 784 1524 856 virgine
1549 785 1928 840 Thaumantea

465 859 769 931 Ingreditur
793 859 971 912 colles,
1010 858 1085 912 ibi
1109 856 1246 911 fidus
1271 857 1334 929 ab
1361 858 1577 913 aethere
1606 859 1806 929 lapsum

474 933 697 988 Decidit
724 932 778 985 in
807 945 971 985 terras
997 949 1008 984 :
1052 932 1080 984 a
1108 929 1255 1000 cujus
1281 930 1482 984 lumine
1507 931 1733 1003 flagrans

476 1004 740 1060 Herfiliae
765 1005 926 1059 crinis
952 1021 1075 1058 cum
1103 1003 1270 1057 fidere
1296 1002 1446 1058 ceffit
1476 1004 1530 1058 in
1556 1023 1717 1060 auras,

473 1077 636 1132 Hanc
662 1078 902 1133 manibus
924 1078 1065 1132 notis
1090 1077 1370 1133 Romanae
1397 1078 1652 1132 conditor
1679 1077 1823 1133 urbis

329 1153 431 1222 850
469 1149 687 1223 Excipit
714 1170 725 1204 :
766 1152 819 1204 δι’
842 1150 1074 1223 priscum
1098 1150 1294 1223 pariter
1318 1169 1443 1205 cum
1468 1169 1700 1224 corpore
1726 1170 1929 1208 nomen

468 1224 682 1290 Mutat3
723 1224 1000 1298 Oramque
1023 1238 1212 1289 vocat3
1251 1242 1387 1297 quae
1415 1242 1557 1279 nunc
1577 1225 1695 1280 Dea
1717 1225 1897 1296 juncia
1912 1225 2146 1300 Quirino
2170 1227 2259 1282 est.

225 1364 311 1415 838,
340 1363 452 1402 Ρίἑῖος
478 1363 657 1412 delapfiz.]
699 1364 828 1402 Varios.
857 1363 1029 1403 Francof.
1052 1363 1122 1401 sec.
1153 1364 1226 1402 Pal.

181 1429 275 1455 unus
293 1415 437 1454 Medio
460 1417 498 1454 ὃ(
517 1415 594 1453 duo
616 1414 773 1453 Heinfii.
796 1424 900 1465 puros
918 1416 1027 1464 prim.
1048 1415 1167 1454 Gron.
1190 1416 1230 1453 ὃς

177 1467 262 1515 Jun.

230 1518 314 1562 840.
343 1518 410 1556 Vix
432 1516 591 1567 tollens.]
622 1517 802 1565 sustollens
822 1530 915 1557 unus
934 1516 1038 1555 Bafil.

227 1568 310 1615 841.
340 1569 461 1606 Dicere
484 1578 682 1619 promptum
712 1568 794 1620 efl.]
836 1569 895 1606 Sic
926 1569 1029 1617 supra
1055 1567 1116 1607 lib.
1135 1570 1228 1607 x11rss

179 1630 239 1659 10.
266 1626 338 1657 Nec
358 1620 446 1657 mihi
467 1620 574 1657 dicere
589 1629 799 1669 promptum.
827 1620 1000 1659 C10FAN.
1027 1620 1124 1658 Mox
1138 1648 1148 1666 ,
1164 1620 1229 1668 fid

176 1669 286 1721 liquet
306 1681 376 1709 tres
396 1672 484 1709 libri.
513 1682 545 1707 te
562 1670 670 1721 liquet
692 1683 798 1709 unus.

231 1721 313 1770 843.
343 1724 458 1769 §Quem
481 1720 515 1770 st
541 1722 639 1759 modo
663 1722 747 1771 poſje
769 1721 926 1772 videre.]
957 1720 1228 1771 §Quaesiprim-

176 1772 346 1810 Vatican.
365 1773 432 1810 sec.
452 1773 562 1810 Palat.
582 1781 664 1811 tert.
688 1773 828 1811 Medic.
849 1772 1175 1823 primflamburg.
1188 1775 1228 1812 ὃς

177 1822 311 1862 decem
330 1823 401 1860 alii.
429 1823 542 1860 videri
560 1836 653 1861 unus
674 1825 813 1862 Moret.
841 1825 987 1862 Hiems.

230 1874 313 1920 844.
340 1873 484 1910 coelam
496 1875 643 1924 accepisse
655 1874 829 1924 videbor]
852 1875 956 1913 Idem
967 1874 1057 1913 liber
1068 1875 1228 1925 Capran.

176 1923 217 1962 &
237 1937 329 1962 unus
350 1924 571 1962 Maffeianus
584 1953 595 1969 ,
624 1925 818 1975 Adspexiffe
830 1925 981 1971 fatebor.
1009 1927 1128 1976 Quod
1148 1939 1227 1966 non

175 1974 361 2023 displicet,
389 1975 427 2012 id
455 1975 526 2019 est,
554 1984 594 2013 ut
625 1985 739 2023 puto,
767 1978 870 2014 beata
900 1989 979 2015 ero:
1002 1978 1228 2027 coelumque

174 2025 293 2074 digito
315 2033 377 2063 aut
396 2026 514 2073 capite
532 2025 684 2074 attigiffe
707 2027 799 2064 mihi
817 2027 971 2066 videbor
984 2056 995 2072 ‚
1024 2029 1226 2077 &prover-

174 2075 225 2113 bii
255 2076 342 2114 loco
362 2075 505 2114 dietum
527 2077 682 2125 accipio.
710 2078 879 2115 Ciofan.
907 2078 1077 2127 Aspexiffie
1086 2079 1227 2125 fatebor

173 2126 214 2164 in
238 2127 361 2165 multis
380 2135 563 2164 veterum.
589 2128 762 2176 aspeblaffe
780 2128 1104 2173 codexPolitiani,
1133 2141 1226 2167 unus

175 2176 316 2216 Medic.
347 2179 385 2216 &
404 2190 497 2216 unus
521 2178 693 2215 Ambros.
712 2178 823 2216 reete.
845 2178 930 2216 vide
951 2179 1068 2216 Notas
1088 2179 1150 2217 lib.
1171 2192 1224 2218 1v.

174 2229 260 2276 679.
290 2230 433 2267 Heius.
462 2229 532 2267 Sed
561 2229 728 2279 adspicere
746 2228 873 2266 coelum
894 2241 973 2267 non
996 2241 1153 2278 magnae
1172 2232 1226 2268 fe-

175 2279 319 2317 licitatis
341 2289 427 2318 erat.
452 2280 513 2318 sed
534 2281 678 2330 accipere
701 2281 849 2318 coelum
874 2280 922 2318 est
944 2280 1052 2318 deam
1064 2279 1140 2318 fieri
1152 2296 1163 2324 ;
1187 2289 1227 2320 ut

126 2350 129 2352 ·
174 2329 280 2379 saepe
302 2332 350 2369 ita
373 2339 514 2369 veteres
529 2359 538 2376 ‚
567 2332 649 2369 deus
663 2334 769 2376 sum,
798 2331 939 2369 deorum
959 2331 1078 2369 vitam
1089 2332 1227 2380 nancis-

176 2393 231 2416 εον
246 2409 255 2424 ,
278 2383 315 2419 &
334 2381 462 2421 similia
483 2382 528 2420 de
552 2383 732 2420 felicitatis
756 2382 921 2420 cumulo.
939 2382 1046 2421 simili
1068 2383 1229 2421 formula

173 2430 240 2470 lib.
262 2444 296 2469 v.
324 2435 407 2482 356.
435 2433 621 2483 vitamque
640 2433 781 2480 fatebor
797 2432 958 2482 accepisse.
977 2433 1122 2483 accipere
1138 2446 1230 2472 vero

178 2481 218 2520 ὃς
246 2482 387 2533 aspicere
419 2485 645 2525 commutari
674 2484 779 2535 saepe
801 2485 965 2526 vidimus
982 2485 1028 2526 ad
1046 2484 1231 2537 Quinctil,

1285 1364 1394 1453 BDecl.
1425 1376 1488 1402 xv.
1517 1375 1595 1414 cap.
1623 1365 1688 1404 ult.
1706 1364 1910 1416 adscendisse
1933 1366 2044 1404 etiam
2065 1377 2159 1405 unus
2179 1365 2334 1406 Heinsii.

1319 1428 1417 1453 URM.

1339 1466 1423 1513 846.
1450 1466 1543 1516 Ibi.]
1573 1466 1636 1504 Ubi
1659 1467 1836 1517 plerique.

1338 1517 1422 1565 848.
1452 1517 1649 1569 Herfiliae.]
1681 1518 1833 1569 Herfilies
1852 1520 2074 1559 Oxon.cum
2088 1519 2337 1559 luminemus

1339 1569 1424 1618 851.
1453 1575 1630 1618 Oramque
1659 1569 1803 1619 vocat.]
1842 1571 1884 1608 In
1912 1570 2049 1608 eodem
2081 1571 2235 1608 caelest.
2262 1571 2335 1609 Ca-

1285 1632 1385 1670 pran.
1416 1629 1527 1670 atque
1559 1622 1673 1659 altero
1702 1621 1908 1659 Maffeiano
1929 1622 2084 1670 legitur,
2114 1628 2334 1672 Horamque,

1286 1684 1372 1710 cum
1396 1672 1652 1720 adspiratione:
1672 1672 1995 1722 quemadmodum
2018 1674 2108 1711 item
2132 1671 2180 1709 est
2202 1673 2239 1710 in
2258 1673 2334 1710 aliis

1285 1723 1503 1773 quibusdam
1530 1724 1592 1761 lib.
1621 1723 1769 1772 scriptis.
1795 1723 1963 1761 CIOFAN.
1996 1730 2196 1773 Horamque
2214 1723 2335 1771 scripti

1283 1775 1449 1824 plerique
1471 1774 1657 1814 meliores.
1684 1774 1882 1824 quomodo
1905 1774 2133 1813 scribendum
2156 1772 2225 1811 effe
2238 1773 2332 1811 ordo

1282 1826 1469 1864 literarum
1491 1826 1589 1873 apud
1607 1827 1775 1863 Nonium
1797 1825 1876 1864 satis
1887 1826 2037 1863 evincit.
2065 1832 2181 1869 Hora,
2201 1825 2337 1874 juven-3

1282 1876 1371 1914 tutis
1392 1882 1480 1914 Dea.
1511 1877 1651 1915 Ennius
1673 1876 1876 1914 Annalium
1898 1876 1990 1914 libro
2009 1877 2154 1925 primo:

1335 1939 1487 1987 Qirine
1502 1949 1600 1989 pater
1620 1952 1765 1976 veneror
1783 1945 1982 1987 Horamque
1998 1935 2156 1986 Qirim'.

1283 2009 1376 2050 puto
1396 2003 1440 2040 ab
1464 2003 1574 2040 Ennii
1599 2014 1712 2039 manu
1735 2001 1826 2039 effe:

1334 2071 1457 2116 Teque,
1472 2065 1623 2113 Qirine
1638 2064 2169 2115 Pater,venerabor,Horamque
2178 2062 2336 2112 ι(Ξζιιὶνιήἑ.

1282 2124 1324 2154 ut
1342 2117 1461 2154 versus
1478 2117 1693 2153 hexameter
1716 2115 1867 2164 pedibus
1879 2115 1948 2153 suis
1958 2115 2107 2153 constat.
2136 2121 2229 2151 Hora
2241 2114 2335 2161 §Qui-

1285 2166 1356 2203 rini
1376 2167 1506 2204 itidem
1527 2168 1563 2204 in
1586 2167 1737 2215 optimis
1757 2166 2024 2215 exemplaribus
2045 2166 2219 2204 Gellianis
2244 2165 2336 2213 legi-

1286 2228 1367 2255 mus
1398 2217 1513 2255 Noct.
1543 2217 1623 2255 Att.
1650 2229 1737 2254 xm.
1775 2229 1805 2254 c.
1835 2229 1894 2254 21.
1924 2217 1973 2255 est
2002 2218 2040 2254 &
2066 2216 2156 2255 illud
2187 2226 2332 2254 nomen

1284 2268 1485 2318 Nymphae
1505 2268 1696 2318 Scythicae
1714 2267 1812 2316 apud
1830 2268 1914 2306 Val.
1934 2267 2106 2307 Flaccum
2124 2267 2184 2307 lib.
2205 2279 2258 2307 vr.
2279 2264 2334 2311 ys.

1311 2330 1345 2367 7.

1286 2332 1303 2368 ς
1338 2382 1475 2431 Insuper
1495 2392 1637 2419 auratos
1657 2381 1832 2432 collegerat
1851 2381 1915 2432 ipse
1935 2382 2098 2431 dracones

1337 2435 1470 2470 Matris
1494 2441 1606 2471 Horae
1620 2434 1774 2482 speciem.

1283 2485 1337 2525 ita
1356 2484 1457 2525 malo
1484 2484 1601 2537 quam
1612 2485 1795 2535 specimen.
1822 2484 1971 2535 Hiems,

2075 3251 2137 3309 P.
2174 3250 2329 3311 OVI-
