2483 3616
339 157 1578 224 METAMORPHOSEON
1651 161 1793 221 Lm.
1856 167 1928 224 X.

2076 185 2169 236 713

331 283 443 356 Ipse
465 289 622 349 negat
648 272 884 330 nocuisse
912 274 1010 331 tibi
1032 274 1118 331 sua
1143 277 1245 332 tela
1269 276 1519 349 Cupid0,

325 353 549 427 Myrrha
565 393 578 412 ,
619 347 867 421 facesque
893 348 1007 404 suas
1032 350 1061 402 a
1086 350 1309 405 crimine
1331 350 1567 405 vindicat
1592 351 1706 408 isto,

329 426 517 497 Stipite
541 435 595 476 te
622 420 837 494 StygiO,
875 422 1202 496 tumidisque
1227 422 1446 479 adflavit
1473 423 1766 491 Echidnis,

326 498 377 554 E
400 497 566 552 tribus
593 511 697 549 una
711 496 890 551 Soror.
929 496 1095 550 scelus
1116 496 1191 550 est
1214 495 1380 550 odisse
1403 510 1708 568 parentem:

186 587 283 643 315
320 570 434 625 Hic
458 585 608 624 arnor
633 567 708 623 est
734 568 863 623 odio
887 569 1050 641 majus
1077 569 1257 624 scelus
1302 569 1542 644 undique
1574 569 1696 624 16ἃί

322 642 411 700 Te
436 643 659 716 cupiunt
682 659 960 715 procere83
1002 654 1230 716 totoque
1254 642 1481 698 Oriente
1501 642 1753 714 juventus

325 716 421 771 Ad
446 716 658 770 thalami
683 728 955 770 certamen
979 715 1138 770 adest.
1177 733 1246 771 ex
1267 715 1513 771 omnibus
1537 732 1707 771 unum

326 788 512 860 Elige,
549 787 802 861 Myrrha,
839 787 966 850 tibi;
1008 787 1140 842 dum
1164 806 1231 843 ne
1256 788 1317 842 fit
1342 789 1397 844 in
1423 789 1670 843 omnibus
1694 806 1846 845 unus,

326 861 416 915 Illa
439 861 663 934 quidem
688 860 876 922 sentit3
915 860 1193 933 foedoque
1219 875 1479 934 repugnat
1507 862 1706 916 amori:

182 951 288 1000 320
325 933 398 988 Et
422 933 631 998 secum,
669 933 799 1007 Quo
823 945 1004 988 mente
1032 932 1209 988 feror?
1250 935 1384 1008 quid
1411 935 1638 991 molior?
1678 934 1868 1008 inquit.

41 1166 126 1196 men
143 1152 178 1192 se
194 1152 359 1192 alienum
378 1152 521 1202 semper
539 1151 696 1191 ostendit
711 1151 840 1190 Poe'ta.
860 1151 1006 1190 vid.lib.
1024 1164 1072 1190 11.

41 1207 119 1246 Art.
132 1205 255 1243 Amat.
270 1204 355 1253 683.
382 1204 421 1240 in
441 1204 513 1252 seq.
531 1204 645 1242 etiam
665 1202 770 1241 versu
784 1231 795 1248 ,
818 1202 976 1251 gratulor
990 1203 1071 1240 huic

41 1256 111 1296 orbi
127 1267 219 1294 unus
247 1253 417 1293 Ambros.
435 1254 610 1300 venuste,
637 1253 663 1293 fi
691 1255 791 1302 prior
813 1253 933 1292 versus
954 1254 1075 1293 delea-

42 1315 109 1349 tur.
134 1306 266 1344 Burin.

91 1357 175 1408 308.
205 1355 563 1406 Costumquesuam.]
612 1355 654 1393 In
675 1355 817 1394 duobus
835 1355 958 1393 Vatic.
986 1356 1080 1394 meis

39 1408 78 1449 &
112 1408 248 1446 Briant.
282 1407 434 1445 Caelest.
471 1406 675 1456 Costumque
694 1407 814 1455 suum.
865 1407 1078 1456 Utrumque

41 1458 193 1500 rectum.
220 1459 331 1505 Janus
358 1457 580 1496 Parrahafius
596 1485 606 1502 ,
632 1458 688 1495 vir
712 1457 898 1506 infigniter
918 1457 1078 1496 eruditus

41 1509 80 1548 δε
99 1509 308 1557 multiplicis
329 1508 498 1546 ledrionis
513 1536 524 1552 ‚
543 1508 604 1546 lib.
624 1520 668 1545 11.
686 1508 724 1545 in
744 1508 990 1546 Claudianum
1019 1509 1078 1546 De

39 1560 160 1609 Raptu
178 1559 411 1607 Proserpinae
433 1558 592 1597 vers.81.
619 1559 731 1606 legit,
753 1566 793 1596 ut
819 1558 868 1596 est
889 1559 928 1596 in
946 1559 1080 1597 veteri-

39 1609 102 1650 Bus
117 1610 228 1654 libris,
248 1610 350 1659 cujus
371 1609 461 1647 haec
477 1609 558 1647 sunt
576 1609 666 1647 illud
685 1610 973 1658 interpretantis:

86 1660 275 1710 Qidquid
296 1658 451 1707 turiferis
464 1660 576 1710 spirat
599 1658 780 1696 Panchaia
795 1658 909 1708 filvis.

38 1710 239 1755 Panchaia,
264 1711 487 1749 Sabaeorum
519 1711 644 1759 regio,
682 1711 831 1748 turifera
853 1739 864 1756 ,
893 1710 968 1749 Soli
989 1722 1080 1749 con-

36 1760 189 1807 sectata,
215 1761 294 1811 quo
313 1761 497 1800 redivivus
516 1762 684 1800 Phoenix
702 1761 834 1800 nidum
857 1760 986 1800 defert.
1021 1762 1078 1799 O·

36 1812 111 1860 yid.
129 1825 164 1853 x.
182 1812 436 1861 Metamorph.

616 1862 668 1900 Sit
693 1863 792 1900 dives
812 1876 946 1901 amomo
959 1892 970 1909 ,

86 1913 334 1964 cinnamaque
347 1941 358 1959 ,
386 1912 577 1964 costumque
591 1914 698 1961 sicam
712 1942 722 1959 ,
743 1914 943 1963 sudataque
962 1914 1050 1965 ligno

88 1964 207 2002 Thura
220 1966 321 2012 serat
335 1993 345 2009 ,
364 1963 532 2015 floresque
547 1964 631 2001 alios
650 1964 831 2002 Panchaia
850 1965 965 2005 tellus.

36 2013 324 2063 Flagrantiffimo
348 2015 438 2053 Solis
467 2015 573 2053 sideri
592 2014 705 2053 subest
721 2015 855 2054 Arabia
874 2045 884 2061 ‚
912 2025 1080 2066 propter-

35 2076 79 2102 ea
97 2065 213 2113 gignit
230 2064 491 2106 odoramenta.
519 2078 614 2115 quae
631 2066 713 2104 sunt
724 2067 937 2115 praestantia
953 2095 962 2112 ‚
984 2069 1080 2106 mul—

36 2121 149 2164 taque
171 2116 418 2163 proveniunt,
463 2115 549 2153 cum
580 2116 671 2155 Solis
700 2117 886 2156 ardoribus
905 2120 943 2156 in
963 2127 1080 2157 terrae

36 2165 142 2203 venis
172 2167 310 2203 humor
337 2167 565 2214 excoquitur.
620 2167 765 2205 Auctor
793 2168 1082 2218 Theophrastus.

36 2216 172 2264 repetit
195 2217 233 2252 δε
254 2215 465 2252 Plutarchus
486 2217 523 2254 in
544 2217 785 2266 Symposiacis
806 2220 843 2257 δί
866 2221 902 2257 in
915 2220 1081 2258 Alexan-

39 2264 118 2303 dro.
147 2265 317 2304 C1OFAN.
354 2271 461 2302 Suam
482 2266 610 2304 Urbin.
627 2269 735 2317 prim.
757 2269 928 2308 Vatican.
948 2271 1080 2309 Oxon.

40 2315 155 2354 &sex
176 2316 237 2354 alii
270 2328 355 2353 cum
386 2317 572 2354 nonnullis
600 2318 834 2358 editionibus.
871 2321 919 2359 fic
940 2325 1080 2372 anque

40 2365 140 2412 costus
163 2367 319 2404 Lucano
343 2378 395 2404 xx.
412 2379 498 2415 919.
519 2365 608 2415 sicca
630 2368 731 2415 costus
742 2370 946 2409 Claudiano
960 2383 1006 2409 ex
1017 2383 1082 2410 an—

40 2416 147 2466 tiquis
164 2416 260 2454 libris
281 2417 430 2465 Nuptiis
450 2418 615 2455 Honorii
633 2431 693 2466 95.
719 2418 766 2455 fic
788 2420 906 2467 infusa
937 2422 1082 2459 Nardus

39 2464 209 2506 Prudent.
230 2467 424 2517 Psychom.
444 2468 493 2505 vs.
515 2479 598 2517 359.
627 2468 879 2516 &Apotheos
900 2482 945 2507 ex
966 2473 1083 2510 veteri

43 2517 170 2605 ffdice
191 2519 380 2557 Puteaneo
393 2519 497 2567 senta
519 2516 861 2558 rubus.HE1Nsms,
887 2519 976 2559 Vid.
1002 2533 1082 2560 111.

50 2608 58 2613 ,
79 2575 121 2607 rt.
134 2580 180 2616 44
209 2597 217 2605 .

52 2635 71 2660 ,·
93 2579 381 2668 309.3Fl0resque
401 2618 525 2669 alios.]
554 2619 609 2657 Ita
633 2626 793 2665 veteres,
807 2620 845 2658 δε
868 2620 980 2659 reste.
996 2615 1084 2660 *Alii

46 2678 256 2717 perperam,
295 2670 474 2720 floresque
496 2672 588 2719 suos.
617 2671 785 2708 Ciorm.
836 2671 947 2708 Flores
967 2672 1085 2709 varios

48 2717 145 2758 Bafil.
168 2721 206 2759 &
225 2729 296 2758 tres
319 2720 394 2758 alii.

97 2781 180 2820 309.
207 2770 406 2808 Pancha'ica
430 2769 570 2821 tellus.]
607 2771 790 2809 Panchaia
812 2772 994 2811 meliores.
1021 2772 1085 2811 be·

50 2828 107 2858 ne.
131 2820 180 2859 fic
197 2821 305 2870 Virg.
325 2833 369 2859 11.
397 2821 511 2858 Geor.
537 2832 618 2871 139.

97 2871 263 2917 Turiferis
283 2870 463 2909 Panchaia
475 2872 612 2921 pinguis
634 2871 760 2909 arenis.

49 2916 92 2957 In
110 2921 236 2959 Culice
266 2922 471 2970 Virgiliano
494 2922 552 2960 86.
592 2923 771 2960 Panchaia
798 2933 880 2960 tura
911 2936 956 2962 ex
990 2926 1082 2963 anti-

52 2970 128 3018 quis
144 2971 378 3010 membraniS·
404 2973 617 3010 Hem-snus.
672 2974 772 3011 Male
784 2974 875 3012 haec
902 2976 1079 3024 conjungi

0 3043 1 3054 l
49 3027 148 3066 putat
166 3022 312 3060 Samuel
333 3022 470 3059 Petitus
491 3023 694 3061 commin
717 3024 836 3073 Leges
855 3026 992 3063 Atticas
1003 3038 1082 3075 pag.

0 3068 3 3201 l

52 3069 132 3116 248.
158 3074 240 3122 quia
264 3073 455 3122 Myrrham
479 3073 642 3111 adscribit
653 3074 878 3120 Panchaiae,
906 3086 1082 3125 quamta-

53 3128 138 3159 men
153 3122 236 3162 infr.
257 3123 306 3161 vs.
316 3122 403 3173 978.
422 3122 600 3171 reliquiffe
611 3124 709 3161 Naso
722 3124 809 3161 dicit
822 3126 929 3174 :legit
948 3139 1034 3176 ergo
1049 3156 1059 3173 ‚

679 3174 877 3224 sudataque
895 3176 984 3224 ligno

103 3219 219 3260 Thura
231 3224 330 3270 ferat
357 3223 543 3274 (floresque
559 3222 669 3268 alios)
696 3222 894 3260 Panchaica
909 3253 919 3268 ‚
945 3226 1046 3263 tellus
1058 3255 1069 3271 ,

100 3270 198 3312 Dum
206 3275 357 3322 ferat&
368 3276 574 3325 Myrrham,
586 3272 679 3312 tami
699 3286 790 3310 nova
805 3275 959 3321 nonfuit
978 3276 1090 3315 arbor.

2071 1005 2172 1071 Di,

1128 1152 1183 1190 Ut
1204 1153 1322 1191 Thura
1334 1153 1530 1193 Pancha'ica
1549 1156 1831 1206 conjungantur.
1848 1153 1909 1193 sed
1929 1154 2173 1193 incommode

1128 1203 1211 1243 sane
1232 1206 1328 1243 inter
1356 1206 1474 1243 Thura
1505 1207 1543 1244 ὃς
1572 1206 1769 1244 Panchaica
1796 1206 2081 1255 interficeretur,
2111 1204 2174 1253 flo-

1133 1269 1249 1307 resque
1270 1257 1355 1293 alios
1372 1273 1383 1294 .·
1406 1257 1587 1295 Panchaia
1608 1270 1698 1295 vero
1720 1268 1797 1306 pars
1827 1257 2046 1294 Sabaeorum
2080 1257 2150 1294 fuit
2164 1284 2176 1301 ,

1134 1308 1233 1345 unde
1247 1319 1324 1345 non
1347 1307 1458 1357 longe
1479 1306 1606 1356 fugisse
1619 1310 1811 1356 Myrrham
1825 1307 2047 1345 credendum
2061 1321 2072 1349 ;
2086 1318 2174 1344 nam

1136 1359 1173 1395 δε
1195 1358 1338 1396 Servius
1362 1358 1407 1396 ad
1429 1359 1506 1396 Ecl.
1524 1372 1559 1396 x.
1582 1359 1620 1396 in
1642 1358 1776 1409 filvam
1804 1356 1929 1407 fugisse
1949 1358 2009 1395 ait.
2064 1358 2175 1395 Licet

1136 1409 1270 1446 Noster
1292 1409 1374 1446 infr.
1402 1408 1492 1447 vers.
1512 1408 1596 1456 478ss
1630 1422 1770 1448 novem
1795 1409 1934 1446 menses
1954 1407 2077 1446 errasse
2091 1436 2099 1450 ‚
2117 1420 2176 1445 re-

1132 1459 1220 1498 lidia
1244 1459 1377 1497 Arabia
1406 1460 1444 1497 δέ
1472 1461 1676 1505 Panchaia,
1713 1471 1881 1503 narrans,
1909 1459 2074 1496 videatur
2092 1459 2177 1496 lon·-

1133 1511 1278 1559 giorem
1298 1511 1423 1558 fugam
1446 1509 1843 1555 indicaffe‚&Sabaeos
1866 1509 1886 1547 a
1906 1510 2101 1547 Panchaeis
2121 1511 2177 1549 di-

1135 1561 1258 1598 versos
1280 1560 1413 1598 fecisse.
1434 1561 1494 1599 sed
1504 1561 1602 1599 rcere
1622 1562 1821 1599 Glareanus
1835 1568 1962 1605 notat,
1990 1560 2113 1597 frustra
2137 1563 2179 1598 in

1135 1611 1263 1650 fabulis
1279 1619 1357 1656 ,tot
1377 1611 1523 1649 diversis
1544 1612 1665 1650 modis
1676 1612 1840 1661 proditis,
1853 1610 2018 1649 exustam
2031 1619 2179 1659 tempo-

1134 1664 1180 1700 ris
1204 1663 1241 1699 &
1259 1662 1430 1700 locorum
1452 1663 1633 1700 rationem
1655 1664 1793 1713 quaeri.
1821 1661 1881 1700 sed
1896 1661 1985 1711 quid
2008 1661 2052 1700 de
2074 1662 2178 1700 fabu-

1134 1713 1176 1751 lis
1196 1712 1303 1758 dico,
1332 1724 1419 1750 cum
1441 1725 1540 1751 nunc
1563 1715 1601 1751 in
1621 1722 1720 1751 tanta
1736 1715 1923 1751 literarum
1951 1712 2033 1750 luce
2047 1712 2180 1761 Crispi-

1133 1775 1200 1802 nus
1218 1763 1338 1801 noster
1358 1763 1495 1801 Arabas
1510 1792 1519 1808 ,
1546 1764 1702 1813 populos
1722 1762 1791 1801 esse
1814 1764 1941 1813 Cypro
1958 1762 2092 1800 insulae
2111 1775 2181 1812 op-

1133 1814 1272 1862 positos
1282 1814 1378 1852 dicat
1391 1827 1400 1851 :
1412 1814 1546 1852 eodem
1557 1816 1640 1864 jure
1651 1826 1691 1852 ac
1705 1814 1728 1852 si
1740 1815 1819 1864 quis
1836 1813 1961 1851 scribat
1971 1813 2179 1852 Britanniae

1132 1877 1210 1902 non
1232 1864 1438 1915 oppositam
1456 1863 1526 1903 effe
1539 1866 1694 1904 Galliam
1709 1875 1770 1903 aut
1791 1865 2004 1902 inferiorem
2026 1865 2182 1903 Germa-

1131 1916 1231 1954 niam
1245 1945 1254 1961 ,
1274 1916 1335 1954 sed
1349 1916 1628 1965 Lotharingiam
1642 1945 1652 1962 ,
1681 1917 1740 1954 vel
1764 1914 2023 1964 Burgundiam.
2050 1915 2181 1956 Burin.

1184 1978 1268 2016 312.
1293 1971 1332 2004 A
1353 1967 1548 2018 Crimine.]
1578 1967 1639 2004 Ab
1662 1966 1804 2004 crimine
1826 1977 1918 2004 unus
1941 1965 2042 2004 Balil.

1187 2029 1270 2068 313.
1297 2024 1341 2055 Te
1358 2017 1507 2067 Stygia]
1538 2024 1592 2055 De
1611 2019 1696 2065 Jun.
1719 2019 1757 2055 &
1779 2017 1861 2054 MS.
1876 2015 2010 2054 Bersrn.
2033 2016 2181 2054 tumidis

1135 2068 1275 2118 afflavit
1297 2070 1432 2118 Regius
1461 2070 1499 2107 &
1517 2070 1661 2116 Junian.
1690 2075 1730 2105 ut
1750 2065 1858 2110 esset,
1884 2066 2034 2104 tumidis
2056 2067 2101 2104 de
2122 2068 2182 2105 sti-

1135 2121 1210 2168 pite
1231 2120 1359 2170 Stygio
1381 2119 1566 2158 Echidnis.
1595 2118 1752 2156 tumidae
1774 2117 1874 2156 enirn
1903 2115 1924 2153 a
1946 2128 2092 2155 veneno
2123 2117 2177 2156 di-

1136 2178 1279 2209 cuntur.
1300 2169 1374 2209 vid.
1393 2170 1452 2208 lib.
1475 2183 1506 2208 1.
1525 2170 1608 2217 460.
1637 2169 1767 2208 Euam.

1189 2222 1272 2270 316.
1300 2226 1446 2272 Totoque
1465 2221 1603 2258 Oriente
1621 2217 1820 2268 juventus]
1841 2217 2009 2254 Humani
2034 2217 2094 2255 hic
2114 2218 2180 2256 ali-

1135 2272 1225 2321 quid
1245 2270 1359 2321 paffus
1392 2272 1441 2310 est
1469 2273 1546 2317 vir,
1576 2279 1696 2310 cetera
1725 2267 1976 2312 dommum,
2005 2267 2179 2316 Casparus

1135 2323 1376 2361 Hofmannus
1397 2351 1409 2369 ,
1443 2324 1508 2372 qui
1536 2323 1629 2361 libro
1659 2333 1719 2359 111.
1741 2320 1827 2375 Var.
1857 2317 2015 2373 Lfflst24-
2036 2327 2105 2355 toto
2133 2325 2181 2355 0-

1137 2373 1246 2410 riente
1264 2374 1373 2411 nimis
1400 2374 1598 2411 Poeticum
1631 2369 1701 2409 effe
1730 2373 1872 2413 cemet,
1901 2369 1938 2406 ὃς
1960 2367 2046 2406 1deo
2068 2370 2182 2408 corri-

1137 2424 1214 2471 git,
1243 2433 1376 2473 totoque
1394 2429 1542 2466 Oronte,
1570 2431 1611 2460 ut
1632 2423 1795 2461 Orontes
1826 2419 1866 2457 sit
1884 2431 1951 2467 pro
1974 2419 2098 2469 Syriae
2120 2420 2180 2458 illa

1138 2482 1263 2521 parte,
1290 2485 1400 2522 quam
1414 2474 1577 2510 Orontes
1594 2473 1726 2520 irrigat.
1754 2472 1791 2508 &
1812 2469 1935 2508 frustra
1954 2469 2026 2518 legi
2046 2469 2181 2509 Pediae

1142 2530 1296 2560 conatur
1331 2522 1546 2560 satisfacere.
1578 2522 1758 2560 donamus
1779 2521 1862 2558 talia
1882 2519 2079 2568 sphalmata
2100 2522 2180 2559 viro

1140 2574 1313 2622 egregio,
1342 2574 1405 2618 qui
1436 2571 1456 2610 a
1482 2574 1632 2611 Poetica
1658 2584 1736 2610 non
1759 2571 1837 2610 satis
1866 2570 2055 2609 instrusius
2083 2579 2182 2617 erat,

1139 2623 1198 2660 sed
1230 2623 1342 2672 pudet
1369 2632 1520 2668 tamen,
1543 2624 1581 2661 ὃς
1612 2623 1761 2661 mallem
1793 2621 1880 2659 tales
1903 2621 2183 2661 emendationes

1140 2673 1294 2711 Gor-allo
1317 2674 1476 2717 relidas,
1504 2675 1568 2724 qui
1588 2686 1634 2712 eo
1655 2674 1816 2722 turpior,
1829 2672 1931 2722 quod
1948 2672 2054 2721 plane
2073 2673 2185 2719 ἄμου-

1138 2735 1194 2766 σος
1213 2724 1315 2762 ausus
1335 2724 1383 2762 est
1400 2725 1568 2773 profanas
1587 2736 1717 2762 manus
1734 2724 1880 2766 Poetis,
1908 2735 2003 2772 quos
2022 2735 2099 2761 non
2127 2725 2184 2762 in-

1137 2775 1289 2824 telligit,
1317 2775 1526 2825 castigandis
1555 2775 1771 2813 admovere.
1831 2774 1934 2823 Quid
1962 2786 2052 2812 vero
2073 2776 2182 2812 nimis

1139 2825 1284 2863 Poetici
1305 2853 1316 2870 ‚
1353 2825 1379 2863 fi
1406 2826 1567 2863 ditifiimi
1601 2827 1640 2864 ὃς
1668 2825 1909 2874 potentissimi
1941 2824 2136 2872 Regisfilia
2162 2836 2182 2861 a

1136 2878 1257 2924 procis
1291 2877 1404 2914 totius
1425 2877 1590 2914 Orientis
1619 2885 1840 2925 expetatur:
1881 2887 1952 2913 nec
1978 2875 2182 2912 Historicus

1135 2934 1322 2964 vereretur
1351 2927 1426 2973 hoc
1455 2935 1550 2964 certa
1577 2926 1649 2964 fide
1681 2938 1846 2972 narrare,
1880 2925 2017 2962 nedum
2042 2924 2180 2966 Poe'ta,

1137 2980 1195 3014 cui
1218 2977 1410 3015 certelicet
1432 2978 1569 3015 famam
1589 2978 1853 3026 pulcherrimae
1872 2974 2010 3023 puellae
2030 2972 2181 3027 fingere,

1140 3028 1249 3065 etiam
1274 3028 1320 3065 ad
1339 3027 1449 3076 longe
1477 3038 1636 3066 remotas
1652 3036 1778 3076 gentes
1798 3025 1962 3063 diffusam
1977 3020 2089 3059 fuiffe.
2122 3021 2181 3059 Sic

1137 3077 1183 3115 de
1204 3078 1344 3116 Thisbe
1370 3078 1432 3116 lib.
1455 3091 1508 3117 iv.
1541 3080 1598 3127 56.
1636 3090 1722 3127 qaas
1744 3076 1863 3113 Oriens
1882 3073 2003 3109 habuit
2020 3071 2181 3120 praelata

1135 3128 1271 3178 puellis.
1300 3129 1431 3166 Bmzm.
1998 3171 2003 3176 ,
2034 3171 2040 3177 ‚

1196 3179 1280 3227 318.
1309 3179 1402 3225 Elige
1426 3178 1577 3226 Myrrha
1598 3176 1760 3226 virum]
1805 3171 1955 3221 Myrrha
1975 3170 2039 3208 tzbz
2061 3173 2181 3221 Neap.

1145 3229 1183 3266 ἃ
1206 3229 1271 3264 sec.
1293 3228 1397 3263 Med.
1427 3228 1570 3264 Herus.

1197 3276 1283 3324 318.
1311 3281 1408 3313 Dum
1432 3276 1561 3326 nonsit
1584 3289 1625 3313 ex
1652 3272 1809 3311 omnibus
1824 3285 1924 3310 unus.
1944 3269 1970 3322 ]
1998 3273 2087 3313 Hoc
2112 3273 2184 3318 est,

1664 3325 1697 3361 X
1713 3335 1802 3361 xxx
1832 3335 1851 3361 2.
2111 3336 2187 3363 uno
