2483 3616
266 133 372 200 „333

704 132 798 188 -Ρ,
870 131 1281 192 OVIDII
1353 131 1891 191 NASONIS

559 239 809 317 Juppiter
834 244 1067 317 implerit
1093 240 1311 314 gemino
1335 238 1603 315 NySle'i‘da
1629 240 1816 297 foetu:

572 315 940 390 Amphitryon
964 316 1151 379 fuerit,
1188 330 1312 368 cum
1339 325 1394 367 te
1418 311 1707 384 Tirynthia
1742 314 1918 385 cepit;

573 390 786 443 Aureus
801 403 859 443 ut
885 389 1138 452 Danaen,
1177 384 1414 457 Asopida
1438 384 1617 438 luserit
1647 385 1865 456 igneus;

570 459 969 535 Mnemosynen
994 462 1193 534 pastor:
1233 457 1407 515 varius
1433 455 1653 511 Deoida
1674 457 1900 532 serpens,

278 661 508 707 tristioribus,
538 662 717 700 recludere.
753 670 789 701 at
819 663 958 711 primus
987 663 1110 701 Vatic.
1129 660 1325 701 Mediceus

281 726 375 751 unus
399 726 443 751 ex
463 715 684 762 optimis‚&
705 714 835 751 decem
857 714 941 757 alii,
970 714 1134 751 reducere.
1160 725 1326 762 quomo-

281 763 333 802 do
360 765 475 812 Neap.
512 764 641 802 Urbin.
676 763 855 801 Arondel.
884 775 952 812 pro
986 764 1124 802 diversa
1151 764 1328 802 lectione.

281 813 386 862 quod
409 826 537 852 verum
559 814 619 852 est.
646 815 801 851 reducere
821 842 832 858 ‚
856 814 1059 853 identidem
1091 814 1271 854 adducere
1287 816 1327 853 ὃ(

280 865 474 902 retrahere.
494 863 682 913 subducere
711 865 803 903 dixit
826 865 958 904 Noster
975 865 1000 904 1.
1025 879 1059 904 v.
1078 866 1214 905 Fastor.
1242 869 1329 906 611.

280 915 319 952 in
339 915 407 952 hac
425 915 553 953 eadem
574 916 708 954 Fabula
721 944 731 957 .

332 971 432 1015 Saepe
446 966 613 1015 puellares
622 966 785 1016 subducit
803 966 847 1003 ab
866 980 1008 1019 aequore
1025 967 1189 1018 plantas,

432 1021 479 1053 Et
496 1018 621 1054 metuit
642 1020 755 1055 taetus
769 1016 946 1066 affilientis
964 1031 1088 1069 aquae.

275 1066 388 1106 ‘Idem
407 1068 488 1106 usus
507 1069 608 1107 verbi
629 1069 783 1106 reducere
801 1070 895 1108 Met.
919 1083 990 1108 x11.
1024 1082 1106 1120 132.

538 1119 710 1170 clypeoque
733 1120 882 1170 adversa
899 1121 1049 1166 reducto,

333 1175 398 1207 Ter
418 1180 542 1221 quater
559 1184 619 1207 ora
634 1171 732 1215 viri,
761 1171 876 1221 capulo
896 1185 986 1209 cava
1007 1180 1156 1221 tempora
1171 1174 1301 1225 pulsat.

281 1224 492 1262 Marcianus
516 1222 664 1270 Capella
682 1222 844 1262 lib.vm.
870 1221 915 1259 ab
936 1225 1061 1260 octava
1073 1233 1171 1274 parte
1193 1226 1327 1263 Arietis

276 1282 336 1323 per
358 1283 470 1310 totum
496 1281 609 1322 corpus
634 1272 782 1322 ejusdem
808 1274 855 1310 ad
882 1273 1062 1312 reductum
1083 1276 1179 1313 tauri
1195 1277 1327 1327 pedem.

280 1325 437 1362 reducere
455 1336 515 1360 ora
537 1324 653 1361 Statio
676 1325 800 1362 Theb.
820 1337 880 1362 XL.

331 1381 405 1412 Ora
422 1375 639 1412 reducentem
651 1375 776 1422 premit
795 1375 1062 1424 adstridentibus
1081 1378 1224 1426 Hydris.

279 1426 330 1465 Et
350 1427 415 1464 inf.
434 1426 495 1464 lib.
514 1439 587 1464 vn.
618 1425 698 1464 182.
726 1427 878 1476 quidam
900 1427 1045 1466 codices
1060 1457 1071 1474 ,
1097 1428 1203 1476 vestes
1224 1430 1327 1467 redu-

279 1480 368 1515 ἐῖαε.
405 1476 599 1516 Claudian.
632 1489 663 1515 1.
692 1479 732 1515 in
757 1478 912 1527 Eutrop.
940 1479 1147 1531 Leviterque
1178 1480 1326 1519 reductis

277 1527 440 1577 Vestibus.
468 1529 682 1566 Hfixnsms.

338 1580 420 1618 108.
448 1578 646 1629 Asterien]

279 1630 344 1668 ubi
374 1630 460 1668 vide
491 1630 689 1668 Munckeri
716 1639 834 1669 notas.
870 1630 969 1669 illam
990 1631 1071 1670 Poli
1096 1634 1136 1670 &
1164 1634 1325 1673 Phaebes

276 1680 392 1719 filiam
413 1682 498 1719 facit
516 1681 617 1719 idem
637 1682 675 1719 in
706 1683 957 1730 praefatione,
984 1682 1046 1721 ubi
1076 1683 1162 1720 Caet'
1183 1696 1326 1724 nomen

278 1732 431 1770 restituit
445 1732 682 1770 Munckerus.
705 1733 937 1771 Architeetus
950 1745 1040 1771 vero
1054 1734 1185 1772 Lexici
1197 1736 1324 1775 Histo-

276 1783 523 1821 rico-Poe'tici
549 1782 611 1820 sub
637 1783 794 1820 nomine
816 1783 955 1832 Loydii
969 1812 979 1829 ,
998 1796 1044 1821 ex
1064 1784 1204 1823 Asteria
1224 1787 1322 1825 Her-

275 1834 401 1872 culem
429 1842 582 1877 natum,
626 1832 714 1870 teste
734 1833 928 1881 Fulgentio
943 1863 953 1880 ‚
987 1834 1153 1873 adfirmat
1172 1865 1182 1880 ‚
1218 1838 1322 1887 quod

277 1896 352 1933 ego
379 1885 546 1922 invenire
565 1883 661 1932 apud
688 1895 773 1921 eum
793 1896 870 1922 non
893 1887 1010 1933 potui.
1042 1886 1102 1924 sed
1125 1887 1321 1927 Cicer.11r.

276 1935 324 1973 de
348 1936 434 1973 Nat.
453 1935 566 1972 Deor.
591 1934 648 1973 16.
674 1936 794 1972 varios
826 1936 920 1973 inter
954 1937 1152 1981 Hercules,
1180 1950 1320 1985 unum,

278 1997 394 2034 quem
415 1985 526 2035 Tyrii
545 1985 693 2029 colunt,
721 1986 823 2032 Jovis
845 1987 882 2023 &
903 1986 1064 2025 Asteriae
1082 1987 1200 2025 filium
1222 1991 1321 2029 facit.

276 2036 491 2074 Scholiastes
503 2036 682 2085 Apollon.
697 2037 766 2074 Rh.
784 2037 845 2074 lib.
863 2048 929 2074 111.
953 2050 1056 2087 1034.
1067 2038 1168 2082 dicit,
1182 2039 1319 2086 Jovem

273 2085 386 2125 coiffe
408 2099 495 2125 cum
515 2086 656 2125 Asterie
679 2089 716 2125 ὅ(
731 2088 894 2125 vitiatam
907 2087 1041 2126 dedifl'e
1058 2089 1187 2127 Perseo
1201 2093 1320 2135 ,unde

274 2146 361 2176 nata
390 2139 460 2176 fuit
488 2138 657 2183 Hecate,
693 2150 738 2175 ex
765 2138 920 2176 Musaeo
960 2140 1118 2177 referens
1146 2141 1319 2183 fabulam.

274 2200 390 2238 quam
415 2190 454 2226 ὃς
474 2189 607 2226 Cicero
628 2190 743 2238 tangit
761 2189 820 2227 lib.
842 2202 905 2227 111.
924 2188 970 2227 de
983 2190 1318 2242 Divin.18.quarn-

274 2242 332 2278 vis
361 2239 579 2277 Callimach.
601 2240 719 2290 Hym.
751 2241 789 2277 in
810 2240 895 2278 Del.
916 2252 1000 2289 293.
1024 2240 1109 2278 ideo
1127 2242 1317 2288 Junonem

270 2302 351 2329 non
381 2291 543 2328 Asteriae
569 2291 735 2340 iniquam
759 2290 855 2328 dicat
877 2319 887 2335 ,
920 2291 1024 2341 quod
1061 2292 1194 2340 fugerit
1214 2294 1318 2341 Jovis

272 2342 476 2390 amplexus.
503 2343 662 2379 Nonnus
692 2342 803 2379 etiam
824 2341 886 2379 lib.
910 2354 955 2380 11.
982 2342 1138 2391 Dionys.
1157 2355 1237 2394 pag.
1254 2359 1314 2395 49.

273 2392 364 2430 dicit
394 2393 614 2441 Neptunum
650 2392 776 2430 insano
801 2404 929 2430 amore
951 2393 1179 2442 persecutum
1207 2397 1314 2434 Aste-

271 2444 351 2479 rien
367 2471 377 2486 ,
405 2455 501 2493 quae
517 2455 562 2480 an
586 2442 715 2480 eadem
737 2442 777 2480 fit
809 2443 953 2481 nescio:
981 2444 1099 2492 plures
1124 2446 1223 2483 enirn
1237 2447 1312 2485 hoc

272 2495 429 2531 nomine
458 2495 616 2531 fuerunt.
653 2493 700 2532 sic
731 2493 869 2532 Asteria
901 2495 966 2536 τῆς
992 2496 1140 2539 Κορῶνου
1161 2496 1223 2532 καὶ
1246 2495 1312 2535 A'-

273 2544 466 2587 πόλλωνοις
497 2544 593 2589 filia,
622 2556 666 2581 ex
694 2556 765 2594 qua
795 2545 931 2582 Idmon
953 2546 1167 2594 Argonauta
1191 2548 1314 2588 Schol.

271 2593 453 2642 Apollon.
476 2608 506 2633 1.
532 2607 612 2644 134.
639 2595 705 2633 nifi
735 2595 783 2632 ibi
803 2608 946 2633 nornen
967 2606 1181 2645 corruptum
1196 2597 1259 2641 fit,
1275 2602 1314 2638 δε

264 2643 484 2694 legendum,
498 2647 662 2691 Κυρήνης.
689 2646 853 2694 Cyrenes
868 2659 954 2684 eum
984 2646 1100 2684 filium
1122 2649 1209 2685 facit
1229 2650 1314 2699 Hy-

268 2697 375 2743 ginus
398 2696 555 2734 ldmona
576 2724 586 2742 ,
614 2705 654 2734 ut
682 2705 799 2734 mater
818 2698 855 2734 δε
877 2697 949 2735 filia
970 2698 1106 2735 fuerint
1124 2700 1310 2745 confusae,

268 2746 330 2783 vel
357 2746 554 2794 legendum
581 2747 622 2785 sit
640 2747 841 2791 Coronidis,
869 2759 915 2785 ex
935 2760 1006 2797 qua
1033 2749 1173 2796 Apollo
1193 2752 1305 2790 etiam

268 2796 530 2846 Aesculapium
558 2798 717 2846 suscepit.
764 2798 904 2836 Asterie
932 2811 1022 2836 vero
1044 2811 1106 2837 cur
1123 2799 1217 2838 dicta
1239 2802 1304 2848 fit,

267 2847 356 2885 vide
382 2848 479 2896 apud
510 2849 724 2886 Callimach.
756 2849 876 2898 Hyin.
901 2850 939 2886 in
953 2850 1036 2887 Del.
1056 2850 1114 2898 89.
1141 2853 1226 2900 quia
1247 2854 1304 2891 fu-

268 2899 372 2947 giens
398 2899 535 2946 Jovem
561 2901 598 2937 in
621 2912 720 2937 mare
740 2900 875 2937 insiluit
894 2897 1012 2945 Α’ςέρι
1029 2900 1097 2940 ἴση.
1150 2903 1302 2942 Vitiasse

268 2960 360 2987 vero
391 2950 528 2997 Jovem
557 2950 722 2988 Asterien
754 2950 956 2988 ministerio
982 2953 1127 3000 aquilae
1158 2953 1304 2993 videtur

267 3000 400 3037 Noller
413 3001 576 3039 innuere.
603 3001 662 3039 sed
679 3002 737 3039 illa
752 3002 859 3038 verba
871 3001 992 3052 aquila
1011 3003 1165 3038 lustrante
1175 3004 1304 3044 obscu-

267 3063 304 3088 ra
321 3052 412 3090 mihi
425 3052 614 3090 videntur:
642 3064 688 3090 an
702 3080 712 3096 ‚
732 3052 820 3090 dum
848 3064 932 3090 cum
953 3054 1072 3103 aquila
1083 3053 1237 3093 luctatur
1251 3058 1303 3093 A·

266 3101 370 3140 ilerie
392 3131 402 3147 ,
440 3104 477 3141 &
501 3104 538 3140 in
579 3104 663 3153 fuga
690 3115 710 3141 a
737 3102 879 3140 volucri
909 3113 1070 3148 retenta,
1100 3106 1301 3155 compressa

266 3153 397 3197 fuerit,
425 3165 471 3192 an
490 3154 588 3192 aliud
601 3155 688 3203 quid
710 3154 911 3197 indicetur,
939 3156 1078 3199 nescio,
1092 3167 1135 3192 an
1149 3158 1242 3201 Jove
1262 3159 1298 3196 in

266 3204 423 3249 aquilam
444 3203 636 3250 converso,
657 3213 696 3243 ut
714 3205 924 3243 Lactantius
944 3209 978 3242 in
999 3215 1240 3257 argumento,
1254 3221 1298 3248 an

268 3252 363 3292 aliud
384 3255 475 3304 quid
500 3254 729 3305 significetur.
756 3256 1021 3296 Burmannus.

701 1579 880 1618 Fabulam
910 1579 1020 1619 habet
1046 1581 1220 1630 Hyginus
1240 1595 1329 1623 tm.

2341 533 2425 595 Te

1436 670 1519 709 109.
1546 661 1689 699 Ledam.
1713 660 1730 713 ]
1787 658 1908 696 Ledan
1951 657 2123 699 Cantabr.
2150 659 2225 699 vid.
2250 660 2317 700 inf.
2342 673 2422 714 707,

1382 710 1592 750 Heinsius.

1438 774 1519 800 110.
1548 763 1705 800 Addidit
1726 773 1767 800 ut
1786 760 1941 810 Satyri]

1383 815 1543 852 modum
1562 815 1720 864 vulgata.
1747 812 1934 860 Antiopae
1953 812 2025 850 fata
2047 813 2199 861 quidem
2217 814 2260 852 ab
2272 814 2422 864 Hygino

1997 760 2132 800 Fabula
2154 763 2247 800 haec
2265 774 2342 802 non
2363 766 2424 806 ad·
2466 810 2467 813 Ἴ

1383 864 1456 902 fab.
1477 876 1567 902 vm.
1594 873 1781 903 narrantur
1795 892 1805 908 ‚
1845 862 2027 901 &iisdem
2048 865 2124 901 fere
2146 864 2264 902 verbis
2285 876 2305 902 a
2322 866 2423 908 Pseu·
2466 866 2467 870 ’

1384 915 1629 954 do-Cornuto
1650 915 1696 954 ad
1716 915 1831 953 Persei
1851 914 1921 951 Sat.
1948 926 1978 952 1.
1996 913 2054 957 fis.
2073 914 2210 963 91.nis1
2233 916 2420 965 quodper-

1378 978 1505 1015 peram
1534 967 1727 1016 Antiopen
1756 965 1882 1003 Fimeri
1907 965 2015 1002 Merei
2042 966 2127 1015 regis
2154 965 2293 1011 filiam,
2330 967 2422 1010 dicat

1380 1029 1447 1066 pro
1468 1018 1589 1066 Nyctei
1601 1033 1612 1062 ;
1634 1019 1710 1067 ejus
1747 1018 1848 1056 enim
1867 1015 1978 1054 filiam
1999 1017 2037 1054 ὅ(
2061 1017 2193 1054 Noster
2221 1017 2318 1055 facit.
2343 1020 2423 1060 vide

1381 1066 1507 1106 Paffer.
1528 1068 1573 1107 ad
1589 1070 1752 1118 Propert.
1773 1068 1850 1106 libr.
1865 1067 1991 1116 1.e1eg.
2020 1079 2054 1113 4.
2083 1068 2121 1105 δε
2142 1079 2236 1117 quos
2264 1067 2312 1106 ibi
2335 1070 2425 1113 citat.

1383 1119 1471 1157 licet
1493 1119 1669 1169 quosdam
1689 1118 1918 1158 confundere
1935 1119 2031 1156 hanc
2051 1129 2137 1155 cum
2161 1119 2326 1168 Antiopa
2340 1121 2425 1161 Aso-
2464 1126 2467 1129 “

1380 1171 1417 1218 pi
1437 1169 1508 1208 filia
1530 1171 1812 1221 notaveritJam
1842 1170 2069 1208 Munckerus
2090 1168 2136 1207 ad
2158 1170 2368 1219 Hyginum.
2387 1173 2424 1213 ὃς

1380 1221 1468 1258 hinc
1493 1222 1633 1270 Nycteis
1662 1234 1683 1259 a
1712 1222 1828 1260 Statio
1859 1221 1920 1259 lib.
1940 1232 2012 1258 vn.
2033 1220 2161 1259 Theb.
2190 1231 2272 1268 190.
2298 1221 2423 1263 dicitur

1381 1271 1604 1320 simpliciter.
1642 1273 1687 1310 ad
1716 1273 1811 1311 hanc
1841 1272 1945 1320 Jovis
1965 1272 2078 1310 etiam
2101 1272 2420 1322 Metainorphofin

1383 1322 1511 1361 alludit
1529 1323 1630 1362 idem
1650 1324 1767 1361 Poeta
1787 1323 1847 1362 lib.
1870 1336 1923 1360 xx.
1942 1334 2027 1372 423.

1571 1373 1675 1423 Falsa
1693 1387 1785 1412 nunc
1804 1373 1957 1424 improba
1970 1375 2088 1422 fronte

1430 1429 1584 1462 Cornua.

1380 1473 1441 1513 ubi
1464 1476 1654 1521 Lutatius,
1676 1476 1749 1514 ideo
1763 1488 1911 1520 cernua,
1939 1476 2023 1527 quia
2043 1476 2177 1514 cornuti
2190 1476 2278 1526 sunt
2289 1478 2426 1528 Satyri,'
2457 1511 2461 1517 .

1382 1540 1529 1574 quorum
1548 1527 1734 1577 imaginem
1767 1525 1964 1577 sumpserat
1991 1527 2146 1576 Jupiter.
2185 1528 2350 1567 Barthius
2373 1542 2424 1570 ra-
2458 1555 2464 1561 ·

1382 1578 1520 1615 riorem
1542 1579 1650 1627 hujus
1671 1578 1812 1617 fabulae
1836 1579 2071 1616 mentionem
2091 1577 2162 1617 effe
2174 1587 2322 1628 propter
2334 1580 2425 1620 Tta-
2459 1576 2464 1614 .'

1381 1627 1532 1676 goedias
1569 1627 1710 1667 amiffas
1736 1658 1746 1673 ,
1775 1641 1870 1679 quae
1897 1629 2068 1679 Antiopae
2100 1630 2209 1668 titulo
2238 1630 2422 1680 inscriptae
2457 1638 2483 1653 '¹

1380 1679 1483 1716 fuere
1496 1688 1629 1736 [putat.
1658 1688 1699 1719 ut
1727 1679 1907 1729 Euripidis
1938 1681 2032 1726 fuit,
2059 1692 2104 1718 ex
2123 1693 2200 1730 quo
2221 1681 2361 1720 Ennius
2386 1683 2423 1721 &

1379 1728 1558 1768 Pacuvius
1593 1743 1746 1781 quoque
1771 1731 2037 1769 transtulerunt.
2064 1731 2150 1769 vide
2182 1732 2362 1770 Column.
2379 1732 2422 1773 ad
2455 1742 2483 1771 l:

1376 1780 1702 1831 Enniifragmenta
1722 1794 1759 1831 p.
1778 1794 1863 1831 291.
1891 1782 1966 1819 falli
2002 1794 2092 1819 vero
2115 1783 2308 1821 Lutatium
2331 1793 2419 1832 puto
2454 1807 2459 1822 ι.
2480 1812 2481 1816 ,

1377 1830 1423 1868 ad
1446 1832 1531 1869 Stat.
1560 1833 1695 1871 Achill.
1726 1846 1757 1872 1.
1786 1845 1822 1882 p.
1839 1832 1925 1881 263.
1952 1831 2013 1869 ubi
2032 1832 2171 1879 Jovem
2201 1835 2240 1871 in
2261 1834 2419 1874 Dianam

1378 1882 1596 1921 conversum
1618 1885 1809 1933 Antiopen
1826 1881 1993 1931 stuprasse
2021 1891 2163 1928 narrat,
2192 1885 2420 1925 confundens
2453 1895 2481 1934 l:

2458 1663 2464 1687 ι
2480 1664 2483 1667 .

2456 1692 2459 1701 1

1376 1932 1534 1971 fabulam
1557 1934 1721 1972 Callistus
1743 1964 1754 1980 ,
1797 1945 1910 1983 quam
1931 1932 2064 1971 Noster
2085 1934 2145 1971 lib.
2167 1946 2222 1971 11.
2249 1937 2416 1975 narravit.
2456 1947 2457 1951 ¹

1377 1982 1548 2022 Sidonius
1587 1997 1739 2034 quoque
1770 1984 1992 2033 Apollinaris
2034 1984 2097 2021 has
2133 1984 2286 2023 diversas
2313 1986 2414 2033 Jovis
2482 2015 2483 2018 η

1374 2033 1516 2072 fraudes
1539 2035 1697 2074 breviter
1714 2035 1852 2084 colligit
1871 2036 1995 2072 Carni.
2014 2046 2074 2072 XV.
2101 2046 2180 2081 174.

1426 2085 1586 2136 Jamque
1605 2087 1738 2132 Jovem
1755 2086 1792 2122 in
1802 2087 1939 2132 formas
1960 2094 2093 2130 mutat,
2106 2084 2297 2138 quibusille
2306 2096 2413 2126 tenere
2471 2102 2483 2116 ν’

2454 2163 2456 2171 ν
2473 2155 2483 2179 a

1427 2135 1620 2235 Mnemsofin
1640 2165 1651 2181 ‚
1678 2142 1850 2186 Europam
1869 2165 1880 2182 ‚
1899 2136 2070 2181 Semelen,
2098 2136 2274 2184 Laedam,
2302 2144 2412 2188 Cyno-

1563 2201 1664 2224 uram
1678 2216 1689 2233 ,

1424 2242 1578 2287 Serpens,
1606 2238 1683 2283 bos,
1702 2237 1867 2286 fulmen,
1894 2243 2057 2288 Cygnus,
2077 2236 2258 2288 Dictynna
2269 2239 2410 2288 solebat.
2451 2265 2454 2284 2
2476 2254 2479 2261 ¹

1420 2289 1580 2339 Jamque
1595 2298 1673 2338 opus
1699 2290 1737 2327 in
1755 2299 1888 2326 turrem
1911 2291 2062 2334 Danae,
2083 2289 2316 2340 pluviamque
2340 2304 2408 2339 mef
2452 2338 2453 2342 Ἰ
2480 2311 2483 2322 1

1420 2389 1520 2435 Ibat,
1545 2340 1665 2431 lelzm
1686 2391 1754 2428 alio
1765 2390 1926 2440 stillabat
1946 2391 2092 2441 Jupiter
2109 2404 2206 2430 auro.

1367 2450 1414 2488 Et
1426 2451 1557 2501 Apulej
1565 2464 1603 2490 us
1618 2453 1681 2490 lib.
1694 2455 1787 2491 Met.
1798 2467 1853 2491 vx.
1865 2454 1929 2491 ubi
1943 2454 2084 2502 Jupiter
2102 2453 2148 2492 ad
2160 2453 2403 2502 Cupidinem:
2446 2427 2451 2474 t

1368 2501 1669 2547 Existimationem
1683 2505 1894 2555 famamque
1907 2518 2020 2542 meam
2044 2505 2150 2542 laedis
2168 2504 2207 2541 in
2219 2505 2403 2554 serpentes,

1369 2551 1407 2588 in
1426 2552 1538 2601 ignes,
1566 2554 1604 2590 in
1616 2557 1735 2602 seras,
1763 2557 1801 2592 in
1819 2570 1903 2592 aves
1925 2567 1968 2595 (γ’
1983 2555 2134 2604 gregalia
2149 2564 2254 2604 pecua
2278 2559 2406 2602 serenos
2446 2556 2449 2594 l

1371 2615 1459 2639 meos
1481 2604 1604 2642 vultus
1620 2606 1849 2652 reformando.
1879 2607 1926 2644 Et
1945 2606 2042 2655 apud
2062 2607 2268 2644 Lucian.in
2289 2607 2404 2644 Deor.
2446 2608 2449 2656 ξ

1368 2653 1467 2690 Dial.
1492 2655 1595 2701 Jovis
1635 2658 1673 2692 δε
1697 2657 1912 2705 Cupidinis:
1953 2656 2060 2694 Nihil
2091 2656 2134 2705 est
2160 2656 2250 2705 quod
2267 2670 2320 2693 me
2339 2667 2403 2693 non
2446 2658 2447 2700 ξ

1368 2703 1510 2751 effeceris
1523 2733 1533 2749 ,
1561 2711 1724 2754 Satyrum
1738 2736 1748 2751 ,
1777 2713 1933 2745 Taurum
1944 2736 1954 2752 ‚
1981 2720 2125 2751 aurum,
2148 2713 2307 2756 Cygnum
2323 2735 2332 2751 ,
2349 2709 2402 2744 Aa

1360 2753 1508 2802 quilam.
1538 2756 1634 2794 Vide
1656 2758 1694 2794 ὅ(
1724 2759 1887 2807 ejusdem
1913 2760 2048 2806 Jovem
2070 2758 2314 2807 Tragoedum
2335 2757 2400 2796 ini·
2444 2746 2446 2788 1

1359 2805 1425 2841 tio.
1454 2805 1551 2844 Vide
1570 2807 1665 2845 &ad
1685 2808 1836 2847 Petron.
1863 2822 1942 2856 127.
1970 2809 2230 2847 Bunmannus.

1413 2867 1492 2894 110.
1520 2857 1714 2909 Pulchra]
1745 2861 1873 2909 Lego,
1897 2860 2094 2909 pulchram.
2120 2859 2180 2897 sed
2199 2859 2396 2904 sciendum,
2442 2874 2445 2894 ι

1358 2914 1399 2943 ut
1417 2908 1466 2944 ait
1487 2908 1686 2956 Stephanus
1700 2939 1710 2955 ,
1741 2911 1945 2959 Antiopam
1968 2910 2166 2948 secundum
2192 2909 2395 2947 Hesiodum

1358 2956 1396 2993 in
1417 2957 1559 3006 Hyria,
1587 2971 1681 3008 quae
1700 2962 1801 3009 regio
1825 2963 1894 2998 fuit
1915 2973 2030 3010 prope
2042 2961 2244 3009 Euripum;
2274 2960 2396 2998 seeun-
2442 2983 2443 2987 =

1359 3007 1449 3044 dum
1482 3009 1694 3058 Euripidem
1723 3013 1760 3049 in
1792 3011 1931 3061 Hyfia,
1960 3024 2054 3061 quae
2090 3011 2215 3049 civitas
2248 3011 2316 3048 fuit
2336 3009 2393 3048 sub
2441 3003 2443 3031 l

1359 3057 1575 3107 Cytlierone
1595 3060 1776 3105 locata,in
1793 3061 1914 3099 lucem
1935 3060 2037 3100 fuiffe
2057 3062 2206 3100 editam.
2234 3060 2395 3110 Nycteus
2440 3078 2442 3101 τ

1356 3117 1480 3147 autem
1502 3110 1689 3158 Antiopae
1721 3119 1820 3160 pater
1859 3113 2024 3161 Neptuni
2059 3114 2098 3150 ὅ(
2127 3112 2287 3150 Celerius
2305 3110 2392 3149 filius
2440 3120 2441 3149 ἕ

1355 3160 1445 3197 fuit:
1475 3169 1515 3198 ut
1535 3161 1664 3200 auctor
1689 3163 1739 3200 est
1768 3162 1890 3212 Iginus
1912 3164 1949 3200 in
1969 3163 2113 3201 Tauro.
2167 3164 2390 3201 Consum.
2440 3174 2441 3187 ³

1354 3209 1564 3249 Faunum.

1410 3273 1492 3313 113.
1520 3262 1651 3315 ignis]
1683 3263 1844 3304 Venuste
1863 3262 2389 3315 inNeapol.&secundoMe-
2438 3263 2439 3266 ’

2286 3312 2389 3350 diceo
