2483 3616
260 172 361 238 am
755 162 1296 226 P.0V1DH

1369 121 1904 223 NASONIS

552 283 680 340 Rex
698 285 847 356 jubet
869 279 1069 351 incepti
1097 294 1283 332 curam
1307 277 1581 334 dimittere
1606 281 1744 337 belli.

551 357 640 411 Ille
666 356 837 429 potest
861 352 1075 407 auclore
1099 351 1244 404 suam
1267 348 1563 405 defendere
1591 353 1829 409 caussam.

553 429 679 484 Non
703 429 829 482 sinat
856 426 961 479 hoc
990 424 1129 495 Ajax
1153 442 1163 476 :
1206 421 1543 493 delendaque
1568 422 1824 494 Pergama
1849 427 2054 499 poscat:

408 519 516 555 220
553 501 831 572 Quodque
856 496 1059 570 potest,
1097 507 1316 567 pugnet.
1340 512 1436 548 cur
1460 511 1570 548 non
1595 510 1893 552 remoratur
1915 500 2119 555 ituros?

556 574 669 627 Cur
695 589 808 626 non
833 589 975 624 arma
1000 570 1139 639 capit
1167 569 1184 619 ?
1221 567 1341 629 dat,

1380 567 1530 638 quod
1559 582 1689 636 vaga
1714 567 1867 620 turba
1889 571 2132 643 sequatur
2153 573 2173 625 ?

555 646 684 700 Non
706 657 818 699 erat
845 644 949 696 hoc
977 642 1228 703 nimium,
1267 655 1560 711 numquam
1586 638 1679 692 nifi
1704 656 1894 710 magna
1920 642 2176 714 loquenti,

552 717 703 790 Quid
730 719 747 769 ?
785 716 934 789 quod
962 715 1016 767 &
1039 713 1145 785 ipse
1170 711 1308 782 fugis
1334 712 1350 763 ?
1390 711 1529 774 vidi,
1569 711 1870 784 puduitque
1898 713 2109 779 videre,

551 791 696 845 Cum
721 803 779 843 tu
805 804 952 858 terga
979 786 1157 848 ἀει-63,
1194 783 1576 857 inhonestaque
1601 785 1715 837 vela
1742 802 1968 855 parares,

413 881 512 933 225
554 864 670 918 Nec
700 850 876 924 mora,
914 859 1064 930 Quid
1089 858 1291 912 facitis?
1321 875 1457 930 quae
1482 875 1576 911 vos
1605 857 1901 919 dementia,
1941 856 2082 921 dixi,

555 935 838 995 Concitat,
878 934 911 985 ὢ
940 931 1097 993 socii,
1136 944 1344 1003 captam
1369 930 1642 984 dimittere
1668 928 1925 1000 Trojam?

554 1008 773 1078 Quidve
800 1005 1026 1059 domum
1052 1002 1202 1058 fertis
1229 1003 1474 1065 decim0,
1509 1002 1602 1056 nisi
1631 1002 1895 1065 dedecuS‚
1934 1005 2105 1057 anno?

552 1080 775 1134 Talibus
804 1093 963 1150 atque
989 1076 1127 1139 aliis,
1161 1076 1218 1129 in
1244 1093 1380 1149 quae
1408 1075 1564 1129 dolor
1588 1076 1696 1147 ipse
1722 1074 1979 1129 disertum

556 1152 810 1214 Fecerat,
855 1149 1060 1204 aversos
1084 1148 1312 1221 profuga
1337 1148 1407 1202 de
1435 1146 1584 1201 claffe
1610 1148 1816 1201 reduxi.

410 1244 514 1292 230
552 1225 838 1279 Convocat
865 1222 1083 1276 Atrides
1111 1221 1282 1275 socios
1310 1232 1516 1274 terrore
1541 1232 1819 1291 paventes:

556 1298 675 1353 Nec
698 1294 1119 1351 Telamoniades
1145 1294 1307 1348 etiam
1333 1310 1475 1346 nunc
1501 1292 1704 1346 hiscere
1739 1293 2036 1366 quidquam

558 1369 727 1425 Ausit.
753 1383 805 1423 at
831 1368 977 1424 ausus
1004 1380 1115 1422 erat
1141 1384 1295 1440 reges
1321 1364 1574 1421 incessere
1598 1364 1750 1420 dietis

264 1584 440 1623 ablativus
467 1594 639 1635 tempus,
674 1585 763 1623 alius
795 1582 976 1627 modum,
1015 1581 1075 1619 vel
1104 1579 1202 1619 aliud
1224 1579 1316 1630 quid

264 1645 370 1673 notat
386 1664 395 1680 ‚
423 1636 623 1687 aliquando
635 1636 778 1681 locum,
799 1635 859 1673 vel
871 1632 1052 1673 diversum
1065 1632 1166 1682 quid.
1179 1631 1317 1688 ficNe-

265 1698 332 1733 pos
360 1688 489 1736 Regib.
523 1700 552 1725 1.
581 1687 755 1724 Maximis
774 1684 977 1724 exercitibus
989 1693 1316 1733 terraquemarzque

264 1736 392 1773 bellum
411 1737 548 1776 intulit.
576 1739 613 1775 δε
633 1737 775 1781 similia,
794 1748 888 1786 quae
909 1735 982 1772 vid.
999 1736 1035 1772 in
1057 1735 1154 1772 notis
1179 1734 1235 1771 Cl.
1250 1735 1316 1771 Pe-

264 1787 382 1824 rizon.
402 1788 447 1826 ad
467 1789 749 1826 SanffiiMiner.
770 1800 821 1825 iv.
844 1800 897 1824 vx.
919 1785 973 1823 18.
998 1784 1313 1833 ubipraepofitio-

264 1848 354 1874 nem
376 1838 592 1887 subintelligi
610 1838 657 1875 est
670 1838 915 1875 manifestum.
944 1837 996 1873 lta
1005 1836 1066 1873 hic
1078 1847 1165 1884 ergo
1181 1834 1318 1872 monitu

266 1887 371 1933 Jovis
391 1888 439 1926 est
467 1903 508 1925 ex
537 1889 672 1926 monitu
695 1916 706 1933 ,
751 1896 791 1925 ut
813 1888 915 1936 saepe
938 1887 976 1923 in
994 1886 1195 1934 lapidibus,
1224 1898 1319 1936 quos

266 1939 441 1976 Heinsius
472 1939 630 1978 adducit.
668 1940 706 1976 in
737 1938 868 1988 quibus
898 1936 1103 1986 promiscue
1123 1937 1259 1974 monitu
1279 1938 1319 1975 &

265 2002 307 2024 ex
341 1990 485 2027 monitu.
524 1998 688 2028 ceterum
711 2001 798 2026 vera
821 1990 858 2026 &
883 1987 992 2026 docta
1012 1987 1091 2025 sunt
1106 2016 1116 2031 ‚
1153 2000 1249 2037 quae
1272 1988 1318 2025 de

265 2038 382 2076 verbo
400 2053 535 2077 monere
553 2049 672 2078 notat.
695 2040 770 2078 vid.
793 2040 831 2077 &
850 2038 1038 2077 Brouckh.
1057 2038 1103 2076 ad
1116 2038 1319 2077 Tibul.111.

266 2101 321 2126 xv.
342 2101 388 2126 11.
417 2090 549 2128 BuaM.

316 2141 400 2177 218.
429 2146 536 2178 Suam
566 2141 743 2189 defendere
769 2140 926 2190 vocem]
964 2145 1071 2176 Suam
1092 2139 1232 2188 causam
1261 2151 1318 2177 re-

267 2190 358 2227 &ius
380 2191 598 2240 Bernegger.
628 2194 734 2240 prim.
765 2193 906 2229 Moreti
934 2190 1069 2239 aliique
1100 2190 1321 2239 complures.

267 2242 472 2286 Nonnulli,
502 2243 659 2292 culpam,
687 2243 809 2280 minus
828 2243 936 2279 bene.
964 2242 1108 2279 Hfirus.

318 2303 401 2329 220.
430 2298 638 2330 Remoratur
658 2292 805 2343 ituros.]
835 2292 973 2329 Solatur
989 2292 1099 2329 ituros
1115 2291 1192 2331 duo
1213 2292 1320 2341 scrip·

273 2343 312 2379 ti.
339 2354 528 2381 remoretur
547 2344 686 2381 Medic.
707 2351 790 2381 tert.

319 2404 403 2430 221.
431 2399 501 2430 Det
531 2395 621 2444 quod
653 2407 747 2442 vaga
768 2393 872 2431 turba
886 2393 1096 2443 sequatur]
1136 2399 1213 2429 Dat
1232 2405 1318 2431 cum

268 2442 378 2480 tribus
433 2444 569 2494 scriptis
593 2473 604 2490 ,
658 2444 762 2495 quod
815 2444 1071 2494 praecedentia
1114 2445 1317 2493 requirunt.

271 2492 416 2531 Herus.

321 2555 406 2591 223.
435 2545 558 2593 Qid?
577 2546 668 2594 quod
684 2557 728 2586 <9⁴
752 2545 964 2596 ipsejfugit.]
995 2546 1095 2594 fugis
1107 2545 1207 2583 malo
1231 2556 1318 2583 cum

272 2603 350 2629 uno
371 2595 535 2633 Palatino
550 2624 560 2640 ‚
589 2597 731 2635 Zulich.
753 2600 791 2637 ὃ(
811 2597 922 2635 tribus
944 2597 1033 2634 aliis.
1059 2596 1179 2634 IDEM.

319 2654 403 2689 224.
431 2645 524 2681 Bella
547 2647 728 2696 parares.]
778 2647 857 2684 Vela
889 2647 1089 2696 legendum
1121 2648 1169 2685 est
1190 2675 1201 2692 ,
1239 2659 1318 2685 non

270 2691 380 2738 bella,
409 2704 449 2731 ut
468 2696 543 2732 fere
565 2698 603 2733 in
624 2697 890 2746 exemplaribus
900 2699 948 2735 est
961 2698 1214 2747 depravatum.
1244 2699 1320 2736 RE·

276 2754 387 2780 cius.

324 2795 409 2832 228.
439 2801 481 2830 In
508 2807 596 2844 quae
615 2797 709 2834 dolor
728 2797 831 2846 ipse.]
871 2804 912 2834 In
929 2811 1016 2845 quae
1035 2798 1129 2835 dolor
1148 2799 1197 2836 ire
1214 2798 1320 2846 diser-

270 2854 347 2881 tum
370 2844 514 2883 Arund.
534 2854 572 2883 ut
594 2847 690 2895 apud
709 2848 905 2895 Virgil.1v.
922 2848 1082 2886 Aeneid.
1095 2861 1182 2898 413.
1210 2855 1261 2886 Ire
1280 2849 1319 2886 in

272 2895 447 2933 lacrimas.
475 2895 622 2934 Hms.

321 2959 406 2997 229.
434 2947 611 2995 Adversos
624 2947 770 2995 profugii
791 2948 832 2985 de
853 2948 946 2996 classe
973 2947 1136 2996 reduxi]
1167 2951 1318 2996 Aversos

271 3007 358 3034 curn
378 2997 589 3034 melioribus
607 2997 744 3045 scriptis
763 2998 1033 3046 reponendum.
1063 2998 1181 3035 IDEM.

321 3059 406 3095 229.
431 3047 607 3097 Reduxi]
635 3048 777 3085 Retraxi
799 3050 955 3098 Langcr.
976 3050 1013 3085 &
1034 3048 1187 3096 Argent.
1217 3048 1320 3096 quod

270 3098 423 3146 quidem
444 3099 598 3137 verbum
620 3100 766 3147 proprie
785 3099 830 3137 de
852 3101 915 3143 iis,
945 3100 1008 3147 qui
1028 3110 1075 3136 ex
1097 3099 1183 3147 fuga
1205 3107 1316 3136 retra-

270 3149 406 3187 huntur
420 3177 430 3193 ,
459 3157 500 3188 ut
517 3149 612 3197 apud
627 3149 850 3187 Terentium
867 3178 876 3194 ‚
904 3150 1086 3196 Justinum
1100 3151 1136 3186 &
1149 3150 1239 3186 alios
1251 3161 1315 3186 oc-

269 3200 389 3236 currit.
419 3201 456 3238 &
485 3199 510 3237 fi
536 3199 581 3238 de
600 3200 716 3248 Ajace
743 3210 910 3248 ageretur
927 3200 1131 3248 probarem.
1159 3208 1199 3237 ut
1221 3212 1312 3237 mox

269 3248 315 3284 de
338 3261 384 3285 eo
408 3252 529 3287 utitur.
547 3251 601 3292 ybs.
627 3261 711 3299 237.
739 3251 800 3289 ubi
820 3253 931 3289 etiarn
952 3252 988 3288 in
1009 3250 1227 3299 quibusdam
1249 3262 1312 3288 co-

269 3297 427 3346 ditibus,
458 3301 590 3340 reduxi.
616 3301 677 3341 sed
707 3303 793 3352 quia
814 3301 858 3342 de
881 3301 1026 3351 reliquis
1046 3302 1234 3352 loquitur,
1263 3315 1317 3352 reg

2244 1400 2426 1500 Ther·-

1372 1579 1462 1619 duxi
1489 1581 1659 1626 retinen,
1684 1580 1785 1630 quafi
1815 1580 1865 1620 illi
1892 1580 1987 1618 moti
2018 1579 2188 1619 facundia
2209 1581 2354 1627 Ulixis,
2386 1584 2426 1622 &

1372 1634 1409 1671 in
1431 1631 1613 1681 pudorem
1644 1631 1718 1669 dati
1747 1633 1852 1670 facile
1867 1659 1877 1676 ,
1916 1633 1954 1669 &
1973 1631 2073 1680 quafi
2095 1631 2154 1669 sua
2175 1632 2304 1681 sponte
2328 1633 2424 1671 redi-

1373 1684 1479 1721 erint.
1512 1683 1586 1721 vid.
1616 1683 1653 1721 ὃ(
1685 1683 1770 1720 infr.
1799 1683 1855 1726 fils.
1880 1693 1965 1732 333.
1986 1684 2023 1720 δε
2046 1681 2095 1720 fic
2124 1682 2185 1721 lib.
2205 1696 2267 1721 111.
2301 1683 2427 1732 Amor

1371 1746 1425 1772 XI.
1480 1745 1513 1772 7.

1425 1745 1634 1835 N3equitiam
1647 1784 1746 1832 fugio
1760 1812 1770 1828 ‚
1791 1783 1985 1833 fugientem
1998 1784 2119 1831 forma
2130 1785 2274 1823 reducit.
2295 1785 2428 1825 BURMi

1425 1847 1512 1885 230.
1539 1835 1757 1885 Convocat.]
1788 1835 1951 1872 Concitat
1972 1837 2170 1884 Langerm.
2423 1833 2426 1837 ⁴

1383 1928 1388 1932 ,
1426 1899 1511 1936 231.
1539 1892 1610 1922 Nec
1632 1885 1891 1923 Telamoniades
1902 1885 2009 1923 etiam
2022 1898 2114 1923 nunc
2131 1886 2291 1938 hiscere]
2321 1887 2429 1927 Vide*

1373 1950 1465 1976 num
1493 1936 1654 1986 posuerit
1684 1949 1777 1974 nunc
1800 1948 1867 1984 pro
1897 1946 2003 1980 tunc,
2040 1944 2080 1973 ut
2111 1936 2215 1985 saepe
2241 1937 2292 1976 fit.
2322 1946 2423 1976 cete-

1375 2001 1457 2028 rum
1489 1988 1535 2026 de
1563 1987 1687 2035 Ajacis
1719 1988 1756 2023 in
1784 1987 1964 2034 principes
1982 1986 2182 2025 rebellione
2202 2000 2249 2025 eo
2270 1989 2307 2026 in
2328 1989 2424 2027 libro

1373 2039 1471 2077 haud
1499 2039 1575 2076 scio
1604 2049 1650 2075 an
1671 2037 1881 2074 meminerit
1905 2037 2096 2074 Homerus
2111 2065 2120 2082 ,
2149 2037 2209 2075 sed
2229 2038 2274 2076 de
2294 2041 2424 2088 priori-

1374 2090 1439 2127 bus
1458 2090 1562 2127 annis
1582 2089 1656 2126 hoc
1677 2090 1775 2123 κατὰ
1796 2088 1926 2128 σιωπῆν
1944 2087 2098 2136 intelligi
2117 2088 2259 2136 potest,
2277 2090 2426 2138 opinor.

1376 2141 1585 2178 GLAREAN.

1428 2203 1513 2240 232.
1541 2189 1663 2228 Audet
1678 2201 1722 2230 ω’
1737 2190 1840 2236 ausus
1861 2187 1974 2237 erat.]
2017 2187 2162 2225 Audeat
2181 2189 2288 2237 prim.
2309 2190 2426 2231 Palat.¹

1376 2244 1484 2291 prim.
1503 2243 1626 2279 Vatic.
1648 2241 1816 2278 Cantabr.
1840 2240 1936 2278 Flor.
1958 2239 2121 2277 S.Marci
2136 2267 2146 2283 ,
2174 2239 2426 2289 Urbin.prim.

1377 2295 1516 2332 Erfurt.
1537 2294 1575 2330 &
1594 2292 1653 2329 sex
1674 2292 1746 2329 alii.
1774 2290 1896 2328 Audet
1909 2301 1948 2327 ut
1967 2289 2426 2339 Bernegger.Thuan.seC.

1373 2345 1484 2382 Pal-at.
1515 2344 1627 2390 Juret.
1656 2343 1694 2380 &
1724 2341 1939 2391 quindecim
1969 2340 2039 2378 alii.
2081 2340 2221 2387 Audet,
2263 2352 2303 2379 at
2321 2343 2426 2391 austes

1375 2394 1557 2434 Arondel.
1577 2393 1664 2431 alter
1685 2392 1890 2441 Hamburg.
1916 2393 1955 2430 8(
1986 2391 2044 2429 alii
2064 2391 2208 2430 decem.
2244 2396 2363 2441 Ausus
2383 2401 2424 2430 at
2482 2436 2483 2439 Ἴ

1373 2445 1476 2493 ausus
1505 2456 1598 2483 unus
1627 2443 1799 2481 Ambros.
1838 2443 1955 2480 Audit
1983 2453 2026 2481 <y
2054 2443 2158 2490 ausus
2181 2454 2274 2481 unus
2307 2455 2424 2483 meus.

1377 2497 1465 2535 alius
1480 2524 1490 2541 ‚
1518 2495 1638 2542 Ausus
1657 2505 1700 2534 ey
1720 2495 1834 2537 ausus.
1863 2494 1991 2531 Oxon.
2014 2492 2123 2538 Ausit
2140 2493 2309 2542 &ausum
2349 2495 2426 2538 Le-‚

1372 2559 1419 2596 ge
1434 2575 1445 2592 ,
1471 2545 1588 2594 Aufit.
1609 2555 1649 2581 at
1669 2546 1771 2594 ausus
1783 2554 1868 2582 erat.
1887 2556 1953 2594 pro
1966 2553 2151 2593 protervus
2166 2556 2305 2593 repone
2317 2550 2426 2591 mox,'

1374 2598 1553 2646 protervis.
1581 2596 1683 2634 dictis
1716 2595 1898 2634 videlicet.
1925 2596 1974 2633 ita
2004 2595 2103 2643 prior
2134 2595 2269 2632 Erfurr.
2295 2597 2423 2634 tertius

1371 2648 1565 2686 Mediceus
1593 2648 1630 2685 ὃς
1660 2647 1718 2684 alii
1750 2647 1892 2683 circiter
1913 2646 2055 2694 viginti.
2074 2657 2141 2694 pro
2165 2644 2423 2694 Telamoniades

1372 2701 1620 2749 fragmentum
1644 2697 1796 2734 Caesen.
1819 2696 2065 2733 Telamonides.
2095 2696 2240 2732 Hiems.

1424 2762 1509 2799 234.
1537 2753 1583 2785 Et
1610 2747 1753 2796 trepidos
1772 2746 1902 2796 cives.]
1942 2747 2001 2784 Sic
2027 2746 2152 2793 accipe
2174 2757 2216 2783 ac
2236 2747 2423 2798 conjunge
2480 2782 2483 2786 .

1372 2801 1435 2838 has
1459 2811 1577 2837 voces.
1609 2800 1776 2835 Crotum.
1805 2799 1993 2835 Nimirum
2013 2795 2100 2844 legit
2119 2796 2202 2841 ille,
2230 2797 2353 2844 hostes,
2381 2805 2422 2837 ut
2478 2815 2481 2819 r

1378 2850 1485 2889 multi
1504 2849 1650 2887 codices
1670 2849 1815 2886 habent.

1427 2913 1515 2950 235.
1543 2898 1733 2946 Refund0.]
1774 2899 1864 2935 Hoc
1886 2895 1998 2933 verbo
2020 2904 2172 2935 utuntur
2185 2898 2425 2947 jurisconsulss

1376 2952 1416 2988 ti.
1446 2954 1614 2988 CrorAN.
1641 2948 1796 2994 Resundo
1815 2948 1928 2994 Juret.
1950 2948 2054 2995 prim.
2076 2948 2215 2986 Moret.
2233 2948 2425 2988 Boxhorn.'

1375 3001 1591 3047 Bernegger.
1621 2999 1802 3045 multique
1832 2997 1903 3034 alii.
1942 2997 2044 3035 Idem
2075 2998 2289 3048 Bernegger.
2319 3007 2359 3036 ut
2379 3000 2420 3038 &
2480 3006 2483 3034 ²,

1375 3051 1554 3087 Arondel.
1577 3061 1642 3093 pro
1663 3048 1798 3085 divissa
1819 3047 2002 3091 lectione,
2032 3049 2367 3098 repon0.quomodo
2381 3050 2421 3087 &
2479 3054 2483 3083 l

1375 3102 1482 3149 prim.
1514 3099 1614 3136 ssasil.
1647 3100 1684 3136 ὃς
1714 3099 1757 3136 ad
1780 3099 1928 3136 Horatii
1955 3112 2017 3136 111.
2041 3098 2115 3136 Od.
2136 3112 2167 3147 ς.
2194 3099 2424 3146 Theodorus
2478 3110 2483 3127 <

1372 3150 1571 3189 Marcilius.
1599 3149 1647 3187 sic
1667 3150 1704 3187 δί
1731 3149 1827 3198 apud
1848 3149 1934 3187 Stat.
1956 3149 2079 3187 Theb.
2098 3160 2162 3194 v1‚
2191 3161 2276 3198 591.

1839 3206 1938 3249 Ignea
1958 3199 2087 3237 tollunt

1422 3257 1539 3290 Crura
1555 3280 1565 3297 ‚
1598 3250 1806 3301 brevemque
1816 3251 1944 3299 fugam
1967 3263 2026 3288 nec
2048 3250 2142 3299 opino
2153 3249 2227 3298 fine
2245 3254 2425 3302 reponunt}
2482 3279 2483 3282 =

1370 3315 1467 3344 unus
1501 3302 1662 3354 Mediol.
1698 3302 1849 3356 refirmq.
1879 3313 1973 3342 unus
2006 3299 2111 3355 Vols.
2140 3303 2296 3351 refinmo.
2330 3314 2424 3346 unus

2294 3364 2426 3405 megs,
