2483 3616
185 193 295 253 994

678 170 742 228 P.
819 162 1231 227 OVIDII
1305 165 1841 225 NASONIS

194 298 361 344 litatem
383 290 593 354 animique
615 287 845 346 duritiam,
880 289 926 332 in
961 288 980 316 ⁸
1014 281 1183 343 vestigio
1195 280 1272 344 sui
1295 284 1324 328 u
1349 282 1510 329 Venere
1520 284 1629 345 saxo
1652 286 1814 332 durata
1835 283 1918 347 est3
1955 281 2020 329 ita
2046 287 2095 328 ut
2115 279 2231 344 apud
2253 281 2358 329 Sffi.

197 359 390 407 laminios
402 355 559 418 species
580 357 666 417 ejus
683 351 970 415 prospicientis
995 349 1171 396 Veneris
1195 362 1342 395 nomen
1364 350 1582 407 acceperit.
1650 351 1822 398 Dehinc
1845 351 2135 407 Vertumnus,
2180 346 2339 394 rediens

199 420 597 485 infhumspeciem,
634 415 823 466 Pomond
839 416 1004 477 potitus
1028 413 1098 474 est.

616 579 788 633 iderat
813 578 840 630 a
865 575 1060 631 veteris
1087 572 1399 646 generosam
1426 571 1679 643 sanguine
1704 570 1914 628 Teucri

616 651 755 723 Iphis
787 652 1166 710 Anaxareten,
1203 644 1390 699 humili
1416 644 1486 698 de
1512 645 1670 715 stirpe
1697 658 1921 712 creatus.

347 744 451 795 700
488 726 719 783 Viderat
746 743 756 776 τ
800 723 855 776 δε
881 722 1006 775 totis
1031 730 1344 792 perceperat
1369 715 1565 771 offibus
1593 716 1808 771 aestum.

489 799 855 868 Lufftatusque
882 794 1003 857 diu,
1038 791 1318 864 postquam
1346 790 1552 845 ratione
1582 789 1823 844 furorem

488 872 730 928 Vincere
756 885 867 922 non
893 867 1070 938 potuit
1087 904 1102 928 ,
1141 864 1361 936 supplex
1384 862 1450 916 ad
1480 862 1660 917 limina
1685 861 1846 917 venit.

490 944 563 999 Et
588 941 757 997 modo
787 939 981 994 nutrici
1009 937 1259 992 miserum
1284 933 1547 991 confessus
1573 952 1847 998 amorem,

496 1018 581 1071 Ne
610 1015 699 1068 fibi
726 1013 858 1068 dura
882 1012 1052 1074 foret,
1091 1028 1186 1083 per
1214 1010 1327 1081 spes
1352 1009 1523 1062 oravit
1550 1011 1808 1062 alumnae.

352 1107 457 1160 705
497 1088 568 1144 Et
595 1086 763 1142 modo
789 1085 859 1139 de
887 1084 1064 1139 multis
1089 1083 1351 1138 blanditus
1379 1081 1574 1153 cuique
1601 1080 1879 1145 ministri8‚

497 1159 734 1216 Sollicita
759 1156 912 1229 petiit
937 1156 1260 1229 propensum
1287 1173 1423 1210 voce
1447 1153 1702 1208 favorem.

495 1234 663 1306 Saepe
688 1229 909 1286 ferenda
935 1229 1087 1285 dedit
1111 1228 1315 1284 blandis
1339 1228 1428 1284 sua
1452 1226 1612 1283 verba
1639 1226 1872 1283 tabellis:

2274 1301 2360 1358 In-

206 1446 417 1498 agitaſsent,
444 1446 572 1485 ultione
596 1444 731 1484 Veneris
752 1443 790 1481 in
805 1445 936 1493 saxum
956 1451 1098 1479 mutata
1109 1442 1165 1490 est.
1192 1441 1258 1479 His
1311 1440 1541 1491 pendebant;
1571 1439 1632 1478 lib.
1647 1452 1691 1478 11.
1718 1437 1780 1476 De
1802 1436 1894 1476 Arte
1910 1438 1992 1487 527J
2027 1436 2177 1487 Postibus
2193 1443 2237 1479 &¹
2254 1439 2366 1479 durae

210 1500 388 1544 narratis,
417 1498 455 1536 in
468 1502 575 1548 suem
590 1498 733 1547 speciem
752 1496 906 1545 reversus
930 1501 1161 1541 Vertumnus,
1189 1500 1256 1531 Po·
1302 1493 1446 1545 supplex
1474 1491 1632 1529 blandire
1658 1489 1792 1539 puellae
1809 1517 1820 1534 ,
1858 1493 1904 1527 Et
1930 1489 2034 1539 capiti
2052 1490 2207 1540 demptas
2233 1490 2272 1528 in
2283 1493 2364 1539 fore

207 1550 315 1588 moad
334 1549 462 1599 potitus
477 1550 530 1596 est.

255 1607 273 1635 g
306 1601 438 1648 Vestigio
454 1599 547 1650 [uh]
577 1606 640 1636 Suo
663 1599 821 1637 Raener.

255 1652 341 1698 699.
370 1652 508 1689 Humili
537 1651 577 1687 de
595 1649 734 1700 stirpe]
775 1655 828 1686 De
853 1648 944 1696 plebe
969 1658 1063 1686 unus
1083 1646 1185 1685 Bafil.
1214 1647 1253 1684 &

207 1700 353 1739 Heinsii
384 1714 474 1740 unus
507 1702 668 1739 melioris
698 1707 821 1738 notae.
849 1701 896 1737 ita
929 1700 966 1736 ὅ(
992 1699 1053 1736 lib.
1082 1709 1145 1736 111.
1172 1697 1256 1747 583.

202 1762 404 1801 generatam
427 1755 538 1791 etiam
562 1752 663 1790 versu
684 1751 867 1799 superiore
889 1750 990 1787 ssafil.

262 1813 346 1848 700.
375 1803 514 1841 Viderat
538 1832 547 1849 ,
587 1814 631 1843 εγ
659 1803 740 1839 totis
762 1810 950 1851 perceperat
984 1799 1100 1848 offibtes
1128 1800 1220 1848 ignes
1241 1816 1253 1837 .-

207 1855 441 1904 Luffatitsque
469 1855 552 1898 diu,
577 1853 754 1903 postquam
787 1853 919 1889 ratione
933 1852 1090 1898 furorem
1116 1852 1254 1888 Vincere

207 1917 277 1940 non
290 1904 462 1953 poterat]
493 1906 602 1942 Hanc
625 1904 781 1942 eandem
802 1903 1019 1941 sententiam
1036 1903 1158 1952 paucis
1168 1913 1253 1941 mu-

208 1955 291 1992 tatis
315 1955 444 1993 extulit
461 1956 521 1992 lib.
545 1967 615 1992 vu.
637 1968 674 2001 9.

257 2005 414 2054 Concipit
433 2006 564 2042 interea
584 2005 721 2042 validos
738 2004 895 2042 AEaetias
916 2005 1030 2053 ignes,

256 2058 306 2091 Et
326 2055 460 2092 luHata
481 2056 542 2093 diu
556 2084 567 2101 ,
590 2056 766 2105 postquam
782 2057 913 2093 ratione
924 2057 1083 2102 fitrorem

258 2106 398 2143 Vincere
416 2120 484 2143 non
507 2116 644 2154 poterat.
677 2106 848 2143 C1orAN.

258 2167 347 2202 700.
377 2163 571 2206 Perceperat
589 2155 705 2204 offibus
724 2155 855 2205 ignes.]
884 2154 1021 2202 AEstum
1041 2154 1257 2194 vetustiores

205 2207 372 2257 plerique
401 2219 487 2245 cum
520 2208 553 2245 S.
575 2208 705 2245 Marci.
735 2207 880 2245 Hssms.
915 2212 1132 2254 Praeceperat
1151 2218 1258 2244 unus.

206 2261 301 2298 hanc
323 2258 482 2296 fabulam
504 2258 566 2296 sub
584 2258 797 2296 nominibus
817 2257 1093 2305 Arceophontis
1108 2255 1258 2295 &Arfi-

207 2313 301 2349 noe's
321 2309 429 2347 habet
451 2310 635 2347 Antonin.
660 2309 785 2346 Liber.
805 2309 963 2345 Metam.
983 2319 1113 2345 xxx1x.

260 2372 343 2407 702.
374 2366 453 2397 Non
468 2359 619 2410 potuim]
649 2360 731 2397 Non
754 2359 868 2397 voluit
881 2358 1024 2397 Medic.
1042 2369 1147 2397 unus.
1165 2367 1260 2408 pote-

207 2420 265 2448 rat
289 2412 467 2460 quinque.

262 2472 345 2507 704.
374 2468 437 2498 Per
446 2463 520 2511 spes
536 2460 654 2499 oravit
671 2460 876 2510 alumnue.]
907 2461 1000 2497 Puto
1013 2487 1024 2505 ,
1042 2462 1118 2510 spes
1139 2459 1258 2497 alum-

209 2523 285 2549 nas.
315 2511 387 2549 Adi
407 2521 512 2550 notas
533 2513 667 2550 nostras
684 2513 782 2552 Met.
800 2524 854 2551 iv.
881 2510 937 2554 fis.
954 2522 1039 2558 42¹·
1057 2511 1104 2549 fic
1116 2513 1260 2561 Perspes

202 2562 314 2610 ficias
332 2562 356 2600 1.
376 2575 463 2601 xm.
491 2564 636 2601 Htms.

263 2623 347 2659 705.
376 2618 420 2650 Et
450 2614 548 2651 modo
566 2615 606 2651 de
628 2613 750 2651 multis
769 2613 875 2651 alicui
891 2612 1074 2650 blanditus
1094 2611 1257 2663 amicis]

212 2660 401 2699 Blanditiis
423 2664 543 2710 cuique
562 2664 728 2710 ministris
754 2665 907 2702 Thuan.
926 2664 1032 2712 prim.
1047 2665 1138 2712 Reg.
1151 2664 1262 2712 prim.

213 2713 355 2749 Moret.
389 2713 426 2748 ἃ
456 2713 516 2750 alii
547 2714 690 2753 decem.
724 2715 851 2763 probe.
888 2715 1053 2762 cuiquam
1083 2713 1264 2752 blanditus

212 2764 322 2811 prim.
351 2761 453 2798 Bafil.
481 2763 586 2801 alicui
619 2765 780 2803 blandita
810 2765 975 2813 ministris
1007 2766 1115 2814 prim.
1151 2765 1263 2803 Palat.

212 2814 320 2861 prim.
349 2812 517 2849 Vatican.
544 2822 625 2851 tert.
645 2815 784 2852 Medic.
805 2816 937 2853 Urbin.
957 2824 1114 2864 uterque
1140 2816 1262 2853 Ham·

215 2864 316 2911 burg.
337 2863 374 2900 &
398 2863 535 2911 septem
558 2864 627 2900 alii.
655 2865 820 2902 Cal-andr.
836 2866 1070 2911 &praeterea
1081 2867 1262 2914 quinque,

208 2913 388 2962 suadendo
409 2913 529 2962 cuique
548 2914 724 2961 ministris.
752 2915 910 2962 Neapol.
930 2916 984 2962 (δί
996 2914 1181 2962 Francos.)
1193 2915 1262 2952 ali-

218 2965 272 3001 cui
283 2964 464 3013 suadendo
484 2963 660 3010 ministris.
687 2966 723 3001 in
743 2964 872 3013 quibus
890 2965 1062 3002 omnibus
1085 2976 1191 3003 verae
1209 2965 1262 3002 le-

219 3015 351 3053 {tionis
372 3023 544 3063 apparent
568 3014 725 3063 vestigia.
755 3015 872 3053 IDEM.

218 3115 252 3153 d·
269 3069 352 3111 702‘.
379 3066 625 3115 Propeusum.]
655 3065 860 3115 Perpensum
881 3076 1018 3115 magno
1029 3075 1188 3106 numero
1199 3076 1264 3103 co-

245 3128 328 3155 1ces.

272 3179 356 3212 707.
382 3166 566 3217 Tabellis.]
600 3166 733 3204 titulis
752 3168 827 3206 duo
847 3167 938 3206 libri.

272 3219 355 3261 708.
387 3220 566 3255 Imerdum
598 3218 759 3255 madidas
787 3218 1015 3255 lacrimarum
1032 3229 1105 3255 rore
1123 3231 1261 3258 coronas

220 3267 367 3311 Postdms
387 3268 576 3319 intendit]
609 3271 786 3307 Amantes
805 3281 880 3307 non
895 3269 1032 3307 admiffi
1046 3268 1065 3306 {1
1081 3269 1146 3307 suis
1159 3281 1260 3308 ama-

218 3315 271 3354 siis
285 3345 296 3363 ‚
323 3330 408 3368 quas
428 3322 466 3359 in
486 3322 603 3370 capite
621 3320 814 3371 gerebant,
844 3332 997 3361 coronas
1019 3320 1176 3370 postibus
1187 3321 1258 3373 sus:

1307 1552 1392 1591 pone
1412 1544 1514 1592 rosas.
1540 1544 1578 1581 ὃ(
1600 1554 1636 1581 v.
1656 1541 1747 1579 Fast.
1770 1540 1857 1590 738.

1364 1610 1409 1642 Et
1430 1615 1524 1655 tegat
1543 1614 1687 1643 ornatas
1704 1603 1819 1641 multa
1839 1616 1959 1641 corona
1967 1605 2074 1650 fbres.

1315 1670 1483 1709 ConAN,
1513 1669 1673 1708 Leefflm
1698 1666 1801 1706 fuisse
1826 1679 1845 1706 a
1864 1667 2080 1718 quibusdam
2098 1697 2108 1714 ,
2134 1669 2368 1710 lacrimarum

1314 1735 1394 1759 voce
1421 1729 1570 1772 apparet
1591 1733 1638 1759 ex
1660 1718 1813 1757 Meurfii
1837 1719 2034 1768 spicilegio
2054 1719 2098 1757 ad
2117 1720 2311 1760 Theocrit.
2328 1734 2370 1770 p.

1315 1784 1397 1822 133.
1425 1773 1489 1823 qui
1510 1772 1681 1821 corrigit,
1708 1784 1794 1808 rore.
1821 1771 1858 1808 &
1881 1779 2006 1808 totum
2025 1770 2262 1810 hunclocum
2280 1772 2364 1810 illu-

1310 1824 1405 1914 ἔξω.
1434 1823 1587 1862 madidis
1607 1821 1814 1871 Cantabrig.
1831 1820 1977 1872 postibus
1999 1820 2143 1870 infhruit
2162 1834 2253 1862 unus
2274 1823 2366 1871 Meff

1337 1887 1383 1913 ic.

1362 1937 1451 1975 709.
1488 1923 1670 1975 posuitque
1710 1923 1749 1961 in
1798 1922 1919 1960 limine
1954 1923 2040 1960 duro
2076 1921 2185 1960 Molle
2225 1921 2361 1973 latus.]

1308 1977 1482 2016 Amantis
1509 1977 1683 2026 exprimit
1702 1983 1896 2030 naturam,
1923 1974 2012 2022 qui,
2040 1980 2081 2010 ut
2100 1974 2219 2010 amica
2241 1974 2361 2022 potia-

1312 2036 1393 2073 tur,
1422 2028 1549 2065 omnia
1579 2036 1716 2073 magno
1747 2035 1833 2062 cum
1866 2023 2118 2062 incommodo
2149 2024 2242 2062 ferre
2263 2022 2365 2064 haud

1312 2078 1463 2116 recusat.
1491 2079 1545 2116 Ita
1565 2075 1672 2114 alibi:

1365 2135 1470 2165 Dura
1480 2129 1583 2176 super
1605 2136 1678 2163 tota
1698 2124 1825 2162 limina
1845 2126 1938 2161 nob‘le
1952 2125 2041 2174 jace.
2070 2125 2238 2164 CloFAN.

1364 2190 1453 2224 910.
1478 2185 1509 2215 T
1507 2177 1660 2226 rtstisque
1681 2177 1779 2224 serae
1804 2175 1961 2213 convicia
1973 2176 2100 2225 secia]
2132 2176 2244 2214 Liber
2263 2175 2361 2220 Cae-f

1307 2229 1454 2268 lestinus
1483 2230 1521 2267 ὃς
1551 2240 1644 2266 unus
1669 2226 1800 2264 Maffei
1822 2254 1832 2271 ‚
1872 2226 2044 2263 Convicia
2064 2226 2170 2264 dixit.
2198 2228 2358 2265 Utrum-

1312 2292 1385 2329 que
1405 2279 1516 2318 retste.
1546 2278 1752 2317 Confirmat
1770 2276 1858 2316 illud
1878 2278 1935 2315 M.
1948 2277 2118 2323 Tullius,
2145 2278 2209 2328 qui
2222 2277 2363 2317 eodem

1314 2331 1433 2369 modo
1464 2331 1608 2369 locutus
1638 2330 1686 2367 est
1708 2328 1802 2366 libro
1822 2340 1849 2366 1.
1870 2327 1915 2366 ad
1934 2328 2103 2367 Atticum
2127 2342 2136 2366 :
2171 2334 2260 2365 Cato
2281 2342 2360 2365 con-

1314 2382 1448 2419 viciam
1470 2381 1585 2430 Pisoni
1609 2379 1736 2429 consuli
1757 2378 1944 2427 mirificum
1958 2380 2067 2426 facit.
2096 2380 2144 2418 Et
2160 2380 2305 2417 Plautus
2319 2379 2359 2417 in

1315 2433 1563 2471 Mostellaria:
1597 2432 1650 2469 Sic
1677 2441 1721 2471 (9*
1743 2429 1912 2480 praesenti
1933 2429 1999 2467 tibi
2017 2430 2113 2477 facit
2130 2430 2323 2469 convicium
2344 2439 2362 2477 ἐξ

1315 2483 1392 2532 Ipse
1414 2483 1504 2522 verb
1522 2484 1606 2522 hoc.
1637 2483 1748 2520 Rem.
1768 2492 1856 2527 107.

1367 2556 1441 2588 Nec
1460 2550 1514 2588 dic
1531 2548 1724 2588 blanditias
1736 2576 1749 2594 ,
1776 2559 1835 2585 nec
1852 2545 1908 2584 dic
1927 2547 2082 2586 convicia
2092 2545 2191 2597 posti.

1315 2612 1364 2651 Et
1383 2611 1521 2650 ibidem
1543 2610 1597 2654 ybs.
1616 2622 1674 2659 35.

1367 2668 1416 2702 Et
1433 2662 1531 2719 medo
1551 2660 1766 2708 blanditias,
1789 2660 1898 2710 gelido
1916 2660 2015 2699 modi>
2031 2659 2150 2711 jurgia
2161 2660 2246 2711 posti

1418 2719 1538 2751 Dicat.

1318 2764 1365 2804 Et
1384 2765 1487 2812 Virg.
1507 2765 1544 2801 in
1564 2763 1718 2801 Moreto
1732 2788 1745 2808 ,
1770 2762 1890 2801 modo
1913 2763 1990 2810 ejus
2009 2756 2159 2798 fit‘illud
2182 2772 2298 2810 opusff.²

1371 2814 1611 2863 Immeritoque
1623 2815 1748 2860 furens
1769 2814 1854 2850 dicit
1873 2811 2028 2848 convicia
2036 2810 2154 2855 fumo.

1315 2865 1461 2904 Plautus
1481 2866 1519 2902 in
1540 2863 1713 2902 Afinaria.
1740 2875 1774 2900 v.
1795 2876 1840 2900 11.
1862 2861 1920 2907 48.

1367 2916 1468 2963 Qid
1482 2914 1598 2963 pericli
1605 2913 1654 2963 fit
1669 2914 1808 2949 dotatae
1824 2911 1924 2948 uxori
1944 2910 2139 2948 convicium
2159 2911 2282 2951 dicere?

1319 2965 1436 3003 IDEM.
1465 2966 1608 3009 Scribe,
1636 2963 1789 3012 tristique
1814 2965 1910 3011 serae
1939 2973 2024 2999 cum
2054 2974 2130 3000 uno
2153 2963 2253 3000 Bafil.
2280 2964 2361 3003 hoc

1319 3017 1367 3054 est
1386 3015 1548 3059 difficili,
1574 3015 1722 3052 immiti.
1751 3013 1834 3051 vide
1854 3013 2022 3050 Nonium
2037 3013 2073 3050 in
2087 3012 2355 3057 TristeHzms,

1321 3068 1380 3104 De
1392 3067 1582 3103 locutione
1593 3065 1781 3110 illa‚facere
1793 3063 1963 3108 convicia,
1977 3062 2096 3101 vid.ad
2110 3064 2355 3114 Remed.507.

1317 3116 1471 3167 tristique
1482 3116 1555 3163 fori
1573 3127 1665 3154 unus
1687 3114 1786 3153 ssafil.

1370 3179 1454 3212 71¹·
1480 3167 1620 3203 saevior
1639 3165 1701 3202 illa
1719 3163 1850 3212 freta]
1891 3163 2033 3201 Surdior
2052 3165 2158 3213 prim.
2181 3166 2361 3206 Gronov,

1316 3220 1405 3259 alter
1425 3219 1558 3256 Erfurt.
1580 3218 1618 3254 &
1637 3224 1796 3266 quatuor
1814 3215 1884 3253 alii.
1915 3216 2069 3264 optime.
2090 3215 2297 3263 Epist.vrxx.
2315 3231 2357 3268 9„

1366 3269 1506 3309 Surdior
1525 3268 1582 3304 ille
1590 3269 1684 3314 freto
1708 3266 1921 3303 clamantem
1943 3279 2064 3302 nomen
2084 3266 2218 3316 Orestae

1415 3319 1542 3361 Traxit
1558 3317 1729 3358 inornatis
1747 3317 1786 3357 in
1803 3319 1873 3368 sua
1891 3318 1981 3355 teb‘t'a
2001 3315 2118 3357 comis.

2268 3368 2358 3421 Epiff
