2483 3616
291 177 392 239 256
778 170 842 226 P.
917 169 1321 228 QVI-1311

1391 167 1921 227 NASONIS

569 262 949 324 Concubitum
989 262 1212 335 ipsoque
1237 263 1329 316 illo
1354 279 1512 333 grave
1536 262 1725 316 vulnus
1749 259 1976 317 habebat

579 335 877 407 Tempore.
917 336 1238 390 Leucothee
1264 336 1549 389 multarum
1576 334 1768 388 oblivia
1793 333 1939 388 fecit.

579 408 775 463 Gentis
798 407 1100 462 odoriferae
1125 426 1286 481 quam
1311 405 1677 461 formofiffima
1702 420 1860 479 partu

436 499 539 536 210
578 481 768 536 Edidit
796 479 1138 553 Eurynome;
1178 480 1270 535 sed
1298 478 1575 552 postquam
1600 479 1701 533 filia
1726 479 1925 542 crevit,

581 554 762 627 Quam
790 566 960 608 mater
982 553 1224 615 cunctas,
1263 566 1369 606 tam
1397 564 1623 605 matrem
1657 552 1759 606 filia
1782 551 1964 606 vincit.

579 627 750 683 Rexit
776 626 1161 681 Achaemenias
1186 625 1341 679 urbes
1364 637 1515 695 pater
1542 623 1866 679 Orchamus:
1906 624 2057 697 isque

578 700 847 771 Septimus
876 701 905 752 a
929 699 1084 769 prisci
1107 711 1415 752 numeratur
1442 695 1650 766 origine
1682 697 1813 752 Beli.

577 774 702 826 Axe
725 771 817 824 sub
840 770 1111 840 Hesperio
1134 771 1253 824 sunt
1281 770 1466 842 pascua
1491 768 1626 823 Solis
1652 786 1941 842 equorum:

432 865 532 914 215
573 842 910 896 Ambrosiam
938 860 1038 914 pro
1063 843 1302 914 gramine
1328 842 1540 897 habent.
1583 860 1644 896 ea
1666 841 1789 896 fefl'a
1813 841 2016 897 diurnis

572 915 826 971 Membra
851 915 1150 971 ministeriis
1174 917 1370 980 nutrit,
1407 928 1724 988 reparatque
1749 912 1933 970 labori.

278 1107 521 1149 'Telchinium
540 1106 664 1145 sorore
688 1135 699 1153 ,
725 1105 788 1157 qui
817 1106 926 1143 maris
955 1103 1017 1145 filii
1049 1105 1288 1145 credebantur
1310 1135 1321 1152 ,

279 1161 338 1199 sex
364 1162 495 1198 liberos
535 1171 651 1196 mares
673 1187 683 1204 ,
713 1160 752 1196 ὃς
783 1157 996 1195 foemellam
1020 1170 1131 1195 unam
1147 1187 1157 1202 ‚
1181 1158 1323 1195 Rhodon

280 1213 436 1249 nomine
452 1240 462 1256 ‚
483 1208 670 1260 genuisse,
697 1221 717 1246 a
737 1208 1026 1258 pulchritudine,
1053 1218 1095 1246 ut
1114 1217 1204 1258 puto
1227 1237 1236 1253 ,
1275 1209 1322 1246 iic

277 1263 494 1311 appellatam
509 1277 520 1305 ;
536 1259 645 1297 P‘o‘sov
657 1261 756 1298 enirn
779 1267 912 1297 neutro
924 1271 1059 1308 genere
1080 1259 1197 1297 rosam
1216 1259 1324 1308 figni-

275 1313 387 1358 ficar,
414 1325 572 1362 eamque
589 1324 609 1349 a
630 1312 715 1350 Sole
736 1310 905 1348 dileetam
928 1322 972 1347 ex
1004 1311 1080 1359 ejus
1112 1310 1321 1359 compressu

276 1364 413 1412 septem
438 1364 530 1401 filios
553 1362 726 1401 Heliades
748 1373 767 1399 a
786 1361 890 1410 patris
910 1361 1066 1398 nomine
1088 1370 1319 1410 nuncupatos

272 1413 447 1464 genuiffe.
477 1414 571 1457 ἣλιος
592 1414 692 1452 enim
713 1412 775 1450 Sol
786 1412 927 1449 dicitur.
953 1411 1156 1450 Eustathius
1178 1421 1319 1459 autem,

274 1467 315 1504 ὅ(
337 1465 565 1515 Pherecydes
585 1477 605 1502 a
626 1463 800 1503 Diodoro
821 1462 980 1500 multum
1004 1461 1224 1501 dissentiunt.
1246 1472 1318 1501 tra-

272 1516 366 1554 dunt
388 1517 488 1554 enim
512 1516 677 1554 Rhodon
692 1544 702 1561 ‚
730 1514 844 1562 Asopi
862 1512 966 1551 fuiffe
985 1512 1097 1551 filiam
1112 1543 1122 1559 ‚
1149 1514 1318 1553 &Phae-

271 1568 444 1605 thontem
470 1595 480 1613 ,
506 1567 650 1615 Aeglen
674 1594 684 1611 ‚
713 1565 933 1614 Lampetien
954 1593 965 1610 ‚
992 1565 1031 1602 ὃς
1054 1565 1315 1613 Lampetusam

274 1618 441 1667 Apollini
462 1617 646 1667 peperiffe.
676 1615 736 1653 sed
755 1624 795 1653 ut
816 1616 854 1652 in
877 1616 1004 1653 ceteris
1027 1615 1215 1653 diflideant
1240 1644 1251 1661 ‚
1275 1618 1314 1655 in

272 1669 349 1706 'hoc
370 1678 493 1706 tamen
522 1668 750 1706 conveniunt
775 1695 785 1712 ,
812 1666 977 1704 Rhodon
1008 1667 1167 1714 puellam
1198 1679 1315 1716 quan·

274 1719 361 1758 dam
384 1719 486 1757 fuisse
507 1722 668 1757 amatam
700 1718 743 1755 ab
764 1717 951 1766 Apolline.
986 1716 1033 1754 de
1053 1729 1126 1766 qua
1149 1726 1187 1754 ut
1209 1718 1315 1756 intel-

271 1770 462 1818 ligendum
485 1770 548 1815 fit,
574 1770 667 1807 ratio
697 1769 790 1806 haec
820 1768 905 1805 facit
929 1796 940 1813 ,
976 1768 1077 1817 quod
1101 1769 1270 1807 mulieres
1292 1782 1312 1808 a

269 1819 347 1859 sole
368 1821 512 1860 dilee'cas
535 1849 545 1866 ,
582 1832 660 1858 non
689 1827 815 1857 autern
844 1818 927 1856 loca
961 1819 1079 1856 Poeta
1111 1829 1314 1859 enumerat.

273 1873 423 1910 Cousr.
451 1873 615 1910 Faunus.
651 1871 694 1908 In
718 1869 1006 1907 Commentariis
1029 1869 1196 1915 Pindari,
1226 1871 1313 1909 Ode

272 1923 426 1970 septima
465 1921 643 1971 Olympia
677 1949 688 1965 ,
730 1920 953 1969 Herophylo
986 1928 1115 1958 autore
1145 1922 1276 1970 legitur
1302 1951 1313 1969 ‚

270 1973 439 2011 Rhodon
468 1973 633 2021 Neptuni
663 1973 701 2009 ὃς
732 1971 887 2008 Veneris
907 1969 1019 2008 filiam
1039 1969 1157 2011 fuiffe.
1186 1973 1311 2011 Solem

271 2031 399 2061 autem
421 2022 554 2061 amasse
572 2021 740 2060 vRhodon
755 2050 766 2066 ,
795 2022 833 2058 &
855 2032 900 2058 ex
920 2033 962 2058 ea
992 2021 1131 2070 septem
1153 2023 1314 2073 genuiffe

269 2073 388 2119 filios,
417 2075 622 2111 Ochimuin
638 2101 649 2118 ,
678 2072 912 2119 Cercaphum
928 2101 938 2116 ‚
964 2072 1140 2110 Afflnem
1159 2103 1169 2119 ,
1198 2075 1314 2112 Trio-

268 2136 355 2173 pam
372 2153 383 2170 ‚
411 2125 627 2162 Macareum
644 2152 654 2169 ,
683 2123 881 2171 Tenagem
906 2151 917 2167 ,
945 2124 984 2160 ὃς
1005 2124 1279 2163 Phaethontem
1303 2154 1312 2171 ‚

267 2175 329 2213 vel
358 2183 398 2212 ut
429 2175 485 2213 alii
510 2203 519 2218 ‚
549 2175 756 2222 Tenagen,
785 2174 1057 2211 Phaethontem
1081 2203 1093 2220 ,
1130 2176 1194 2225 qui
1226 2185 1314 2214 natu

267 2227 446 2263 minimus
466 2227 534 2263 fuit
548 2254 559 2271 ‚
586 2225 761 2263 Affinem
777 2252 787 2269 ,
816 2225 1032 2262 Macareum
1049 2253 1059 2269 ‚
1091 2226 1274 2275 Triopam
1298 2255 1310 2272 ‚

268 2276 514 2325 Chrysippum
547 2277 586 2314 ὃς
617 2275 822 2313 Candalum
847 2302 858 2318 ,
893 2276 931 2312 ὅ(
963 2274 1009 2313 de
1036 2276 1104 2313 hac
1137 2277 1275 2315 Rhodo
1296 2306 1307 2322 ‚

266 2328 387 2375 puella
407 2327 590 2372 videlicet,
601 2326 675 2364 hoc
689 2326 782 2365 ,loco
793 2324 1082 2374 intelligendum.
1094 2327 1308 2366 Mrcrrrus.

268 2378 430 2416 Tzetzes
453 2377 545 2415 Chil.
579 2389 630 2414 xv.
657 2388 738 2425 137.
764 2387 982 2413 enumerans
1002 2377 1093 2414 Solis
1119 2379 1309 2427 conjuges,

267 2427 362 2466 inter
384 2440 466 2466 eain
488 2429 593 2476 ponit
615 2427 780 2465 Rhodon
802 2438 953 2476 quoque
985 2428 1151 2476 Neptuni
1173 2428 1284 2466 filiam
1301 2457 1311 2474 ,

268 2490 314 2515 ex
338 2490 408 2526 qua
440 2479 646 2527 Cercaphus
677 2480 716 2515 δε
747 2477 906 2525 Triopes
937 2478 1023 2515 nati.
1060 2479 1146 2516 vide
1173 2480 1310 2517 Meurs.

268 2528 315 2565 de
338 2528 458 2565 Rhod.
481 2529 539 2566 lib.
562 2541 588 2566 1.
609 2540 686 2576 cap.
711 2540 764 2565 xv.
785 2527 970 2565 Heliodus
992 2540 1081 2566 vero
1114 2530 1153 2567 in
1175 2530 1309 2568 Theo-

267 2579 379 2626 gonia
408 2580 501 2616 inter
532 2578 619 2616 filias
658 2579 832 2628 Tethyos
871 2579 909 2616 ὃς
942 2580 1088 2617 Oceani
1121 2590 1308 2619 memorat

268 2628 458 2677 Clymenen
473 2657 482 2673 ‚
510 2630 548 2666 &
570 2629 740 2666 Rhodiam
754 2657 764 2673 ,
790 2630 829 2666 &
851 2637 1037 2677 praeterea
1051 2630 1191 2679 Clytien
1205 2660 1213 2676 ‚
1242 2644 1306 2670 cu-

259 2678 321 2727 jus
352 2690 441 2715 mox
463 2678 560 2726 apud
582 2679 757 2716 Nostrum
788 2681 944 2717 mentio.
987 2680 1121 2719 deinde
1153 2682 1264 2720 etiam
1287 2711 1299 2728 ,

264 2729 447 2777 Perfida,
473 2740 567 2777 quae
597 2730 692 2766 forte
722 2729 845 2765 Mater
865 2730 999 2767 Circes.
1025 2734 1074 2768 ita
1106 2740 1146 2769 ut
1167 2733 1236 2770 hae
1257 2745 1300 2770 o-

264 2790 372 2817 mnes
391 2778 532 2815 amicae
555 2779 645 2815 Solis
666 2779 800 2815 fuerint
814 2807 823 2820 ‚
848 2778 986 2817 sorores
1000 2809 1010 2825 ,
1039 2782 1078 2818 δε
1101 2783 1300 2832 Nymphae

264 2829 454 2867 Nereides.
481 2829 688 2876 Clymeneve
704 2828 878 2877 Rhodosve
899 2841 991 2868 vero
1022 2831 1070 2869 est
1100 2832 1138 2870 in
1171 2833 1301 2871 codiee

263 2880 448 2918 Menard1.
475 2879 601 2916 Euam.

315 2943 399 2979 205.
427 2930 586 2979 Despeci‘a
600 2928 736 2979 petebat
758 2930 1004 2980 Concubitus]
1035 2931 1199 2980 Quidam
1222 2946 1301 2972 lna-

260 2980 295 3019 le
317 2981 466 3030 legunt,
494 2979 654 3030 Despeffa
672 2979 817 3017 tenebat.
849 2982 961 3018 C10F.

316 3044 402 3077 207.
429 3031 562 3081 Ipfhque
582 3029 640 3067 illo
658 3044 767 3079 grave
789 3030 919 3067 vulnus
940 3030 1090 3068 habebat
1113 3033 1297 3084 Tempore]

260 3082 420 3120 Habebas
444 3083 654 3130 Bernegger.
676 3081 775 3129 prior
796 3081 928 3118 Erfurt.
951 3082 1055 3130 prim.
1079 3083 1213 3130 Regius
1227 3112 1236 3127 ‚
1261 3095 1301 3121 a-

258 3131 370 3182 liique
400 3131 568 3170 nonnulli
598 3143 664 3179 pro
684 3131 815 3181 ipfhque
841 3131 908 3167 illo.
938 3132 1074 3179 primus
1099 3133 1205 3170 i'alat.
1226 3135 1298 3182 pri-

259 3193 341 3220 mus
366 3182 504 3220 Medic.
537 3182 643 3231 prim.
673 3182 803 3218 l⁴rfurt.
842 3182 880 3219 &
913 3182 1072 3220 Noricus
1095 3212 1104 3227 ‚
1140 3184 1293 3234 tpfhsque.

258 3241 416 3278 quatuor
436 3233 515 3276 alii,
542 3234 690 3283 ipsaque.
717 3233 752 3269 in
779 3233 1067 3281 Berneggeriano
1091 3246 1165 3271 vox
1188 3246 1230 3271 ea
1255 3246 1293 3271 e—

252 3290 306 3322 rat
327 3284 433 3321 erasa.
461 3285 512 3321 Τὸ
540 3283 599 3336 ill?
629 3282 722 3322 abest
752 3294 772 3323 a
802 3283 1162 3334 Rottendorphiano.
1203 3285 1291 3335 Ipso-

2247 990 2419 1048 Dum-4

1378 1120 1442 1157 qm
1463 1106 1566 1144 nimis
1587 1105 1674 1144 alter
1706 1105 1860 1154 Rogerii
1882 1104 2084 1144 TWisdeni.
2119 1105 2248 1157 ipfhque
2279 1106 2344 1143 loco
2367 1107 2416 1146 a1-'

1376 1167 1431 1195 ter
1452 1159 1675 1195 Erfurtanus.
1703 1169 1795 1194 unus
1818 1157 2010 1194 Mediceus
2033 1169 2100 1206 pro
2132 1157 2269 1194 diversa
2287 1157 2414 1196 lec'tio-

1377 1220 1424 1245 ne
1447 1237 1456 1253 ‚
1496 1208 1659 1259 Yolieque.
1707 1208 1831 1245 Locus
1871 1208 1997 1245 mendi
2039 1207 2198 1245 omnino
2229 1207 2416 1257 suspeaus.

1379 1260 1592 1297 Herusxus.
1618 1260 1713 1297 Puto
1736 1258 1782 1296 de
1806 1259 1927 1309 Clytie
1948 1258 2067 1296 adhuc
2087 1258 2214 1309 loqui,
2234 1260 2272 1296 ὃ(
2291 1259 2417 1309 legen-⁴

1378 1310 1467 1348 dum
1482 1339 1492 1355 ,

1476 1364 1642 1412 {Qmeque
1661 1360 1718 1398 illo
1735 1376 1846 1412 grave
1867 1361 1997 1399 vulnus
2019 1359 2168 1398 habebat

1425 1417 1592 1462 Tempore..

1423 1477 1506 1502 210.
1535 1464 1772 1514 Eurynomes]
1800 1469 2067 1513 Eurynomemt
2085 1462 2201 1501 scribit
2219 1462 2257 1501 in
2280 1463 2413 1503 Theoss

1369 1516 1481 1563 gonia
1501 1514 1685 1553 Hesiodus
1702 1544 1712 1559 ‚
1738 1515 1904 1565 nympha
1928 1515 1997 1552 fuit
2019 1515 2164 1552 Oceani
2185 1515 2223 1551 &
2242 1513 2414 1564 Tethyos

1371 1565 1467 1611 filia,
1494 1578 1662 1616 uxorque
1692 1566 1873 1604 Orchami
1891 1594 1902 1611 ‚
1940 1565 2284 1603 Achaemeniorum
2309 1565 2413 1615 regis.

1371 1617 1480 1654 altera
1510 1618 1580 1655 fuit
1613 1617 1794 1665 Apollinis
1822 1617 1892 1655 filia
1916 1644 1926 1661 ‚
1954 1627 2049 1666 quae
2070 1616 2256 1653 Ethalioni
2278 1617 2410 1655 marito

1368 1667 1563 1705 Adrastum
1580 1697 1589 1712 ,
1617 1668 1845 1717 Argivorum
1877 1679 2001 1716 regem
2025 1695 2035 1711 ,
2071 1676 2181 1716 atque
2212 1667 2410 1716 Eriphylen

1367 1719 1519 1768 peperit.
1546 1720 1709 1756 REorus.
1747 1720 1838 1757 Non
1861 1718 2067 1756 admodum
2088 1719 2230 1755 variant
2249 1718 2408 1765 codices,

1368 1781 1530 1818 quorum
1549 1770 1698 1819 quidam
1713 1799 1723 1815 ,
1736 1771 1922 1807 Eurinome
1935 1796 1944 1813 ,
1971 1769 2053 1813 alii,
2080 1769 2280 1813 Eurimone,
2303 1781 2409 1815 unus,

1367 1821 1681 1865 Eminone,alter,
1703 1822 1887 1858 Eurinone.
1912 1818 1973 1857 sed
1994 1819 2138 1867 vulgata
2153 1818 2410 1869 resta,quam-

1367 1871 1420 1908 vis
1440 1872 1625 1909 Graecum
1648 1884 1792 1910 nomen
1813 1870 1921 1908 uxori
1942 1870 2032 1918 regis
2051 1870 2328 1907 Achaemeniae
2346 1870 2411 1908 tri-

1367 1921 1478 1959 buere
1500 1934 1579 1960 non
1609 1921 1768 1960 debuisse
1790 1921 1905 1959 videri
1934 1920 2052 1969 poffit.
2091 1919 2251 1967 ejusdem
2282 1921 2410 1958 norni-

1368 1973 1422 2010 nis
1443 1973 1509 2010 alia
1531 1973 1687 2022 Dorycli
1719 1972 1790 2010 filia
1812 1971 1908 2020 apud
1939 1971 2060 2008 Valer.
2092 1971 2209 2008 Flacc.
2242 1982 2290 2008 11.
2324 1971 2409 2021 136.

1367 2024 1472 2061 tertia
1491 2023 1633 2061 Adrasti
1656 2024 1804 2067 Mater,
1833 2021 1943 2071 Iphiti
1974 2021 2045 2058 filia
2065 2021 2208 2070 Hygin.
2241 2021 2312 2058 fab.
2345 2022 2406 2070 69.

1370 2075 1409 2111 ὅ(
1430 2085 1489 2120 70.
1514 2073 1581 2111 alia
1603 2074 1721 2111 adhuc
1744 2072 1837 2123 Nyfi
1857 2072 1928 2110 filia
1942 2100 1952 2116 ‚
1981 2072 2161 2120 Agenoris
2185 2073 2223 2109 ὅ(
2245 2071 2408 2110 Bellero-

1368 2125 1515 2173 phontis
1536 2137 1580 2162 ex
1614 2125 1792 2174 Neptuno
1823 2124 1957 2160 Mater.
1987 2122 2129 2172 Hygin.
2155 2133 2343 2172 157.quae
2362 2123 2406 2161 ab

1370 2175 1445 2213 aliis
1467 2177 1669 2224 Eurymede.
1705 2175 1772 2213 alia
1800 2182 1989 2223 praeterea
2020 2172 2127 2211 Ponti
2151 2174 2190 2210 ὃς
2220 2173 2335 2211 Maris
2364 2173 2407 2212 fi-

1367 2226 1430 2269 lia,
1453 2226 1575 2264 eidem
1598 2227 1637 2263 in
1666 2227 1906 2275 praefatione.
1932 2235 2044 2273 quam
2067 2222 2226 2261 nostram
2247 2222 2318 2261 effe
2338 2236 2408 2263 vo-
2437 2271 2439 2275 ι

1364 2276 1444 2314 lunt
1465 2277 1689 2325 interpretes.
1714 2278 1752 2314 ὃς
1781 2275 1826 2312 ab
1848 2274 2015 2312 Hefiodo
2047 2274 2085 2311 in
2107 2274 2335 2324 Theogonia
2356 2275 2404 2315 vs.

1368 2327 1450 2375 368.
1479 2328 1651 2375 Tethyos
1664 2329 1702 2365 ὃς
1716 2326 1860 2364 Oceani
1880 2325 1989 2363 filiam
2013 2324 2094 2362 dici.
2128 2326 2166 2362 ὃς
2187 2326 2278 2363 haec
2291 2326 2402 2366 etiam

1364 2377 1509 2415 videtur
1529 2389 1548 2415 a
1572 2378 1730 2416 Libanio
1753 2378 1790 2414 in
1811 2376 2089 2426 Diegematibus
2109 2386 2187 2425 cap.
2208 2387 2236 2414 1.
2257 2388 2405 2416 memo·

1365 2428 1445 2466 rari.
1471 2429 1601 2466 Bunm.

1416 2491 1436 2516 2
1449 2492 1459 2515 r
1472 2492 1501 2516 1.
1529 2479 1620 2516 Filia
1637 2479 1764 2529 vicit.]
1794 2478 1906 2516 Vincit
1926 2477 2094 2515 meliores
2109 2506 2118 2522 ‚
2132 2477 2171 2515 δε
2189 2478 2401 2528 mox,prifti

1362 2530 1435 2566 Beli
1454 2530 1491 2568 in
1521 2530 1760 2580 quibusdam,
1787 2530 1846 2568 vel
1862 2529 1972 2578 prisca
1991 2527 2085 2572 Beli,
2113 2540 2179 2576 pro
2206 2530 2312 2578 prisco
2339 2535 2401 2567 Be-

1360 2578 1404 2617 lo.
1434 2581 1577 2618 Huius.
1605 2582 1812 2632 Antiquam
1832 2580 1952 2617 Belum
1969 2578 2118 2616 vocavit
2136 2579 2247 2616 etiam
2269 2580 2398 2619 Statius

1358 2630 1417 2667 lib.
1446 2644 1499 2668 VI.
1519 2632 1577 2669 61.
1607 2632 1766 2669 utre6‘oe
1796 2629 1981 2668 Gronovii
2003 2628 2116 2666 editio
2153 2641 2219 2677 pro
2249 2630 2397 2680 vulgato

1355 2680 1446 2717 Bello
1468 2682 1628 2719 restituit.
1656 2682 1710 2718 Ita
1732 2682 1771 2717 &
1794 2680 1950 2728 Scaliger
1972 2679 2083 2716 alium
2108 2679 2302 2717 Claudiani
2333 2693 2397 2718 eo-

1355 2729 1442 2767 dem
1467 2731 1584 2769 modo
1616 2738 1829 2780 corruptum
1851 2730 1978 2767 locum
2004 2730 2140 2767 sanavit
2160 2730 2219 2767 lib.
2233 2743 2260 2768 1.
2280 2730 2397 2769 Laud.

1356 2779 1430 2817 Stil.
1453 2779 1511 2817 62.
1540 2783 1579 2818 ὃ(
1601 2781 1674 2818 Silii
1694 2782 1750 2818 lib.
1773 2793 1833 2819 xv.
1856 2793 1939 2829 750.
1967 2780 2138 2819 Heinsius
2162 2809 2173 2827 ‚
2200 2782 2262 2831 qui
2293 2782 2331 2820 &
2357 2782 2396 2822 in

1354 2831 1492 2870 Avieni
1503 2831 1612 2869 Desc.
1633 2832 1741 2870 Orbis
1760 2844 1770 2870 t
1781 2831 1863 2881 198.
1878 2832 2039 2880 legebat:

1924 2888 2004 2919 Stat
2024 2882 2185 2919 maxima
2204 2882 2278 2920 Beli

1408 2933 1509 2970 Aula
1530 2946 1659 2984 quoque
1679 2944 1841 2982 argento,
1865 2933 1985 2970 domus
2009 2934 2093 2970 Indo
2105 2934 2203 2970 dente
2225 2934 2372 2984 nitefiit.'

1355 2982 1430 3019 Ubi
1452 2984 1563 3032 vulgo
1577 3012 1588 3028 ‚
1615 2984 1710 3021 Belli.
1732 2996 1817 3021 cum
1840 2993 1964 3021 autem
1987 2983 2116 3020 diversi
2138 2984 2271 3022 fuerint
2293 2985 2367 3023 Beli
2378 2988 2406 3030 ‚s

1357 3041 1396 3070 ut
1423 3034 1689 3072 Eruditiffimus
1709 3035 1922 3072 Perizonius
1940 3035 1978 3072 in
2007 3034 2216 3082 Originibus
2237 3035 2391 3086 Babylo-

1355 3083 1422 3120 niis
1444 3084 1599 3122 ostendit
1621 3113 1631 3128 ,
1658 3097 1704 3122 an
1727 3084 1766 3121 fit
1788 3086 1848 3122 ille
1871 3113 1882 3129 ‚
1918 3085 1982 3134 qui
2012 3084 2205 3133 praecipue
2238 3088 2343 3127 Βῆλος
2374 3083 2391 3121 ὅ

1355 3134 1507 3180 ἀρχκῖος
1528 3135 1659 3173 dicitur
1685 3135 1845 3173 Aeliano
1865 3135 1926 3173 lib.
1946 3148 2036 3172 xr11.
2060 3147 2092 3185 3.
2119 3147 2197 3174 non
2219 3136 2390 3185 dijudico.

1351 3186 1424 3222 vid.
1456 3186 1569 3223 Periz.
1599 3197 1676 3234 cap.
1711 3199 1743 3233 7.
1783 3186 2056 3235 Antiquitatem
2084 3186 2160 3223 Beli
2200 3187 2275 3236 ejus
2307 3194 2388 3224 ante

1349 3234 1515 3284 Trojana
1538 3245 1707 3284 tempora
1730 3237 1841 3274 etiam
1876 3236 2086 3274 Laecannus
2108 3236 2167 3274 lib.
2190 3250 2219 3274 1.
2242 3247 2387 3285 cap.23.

1347 3286 1514 3326 ostendit.
1550 3287 1725 3337 Epitheto
1747 3296 1871 3326 autem
1893 3286 1955 3325 illo
1981 3287 2110 3337 prisci,
2143 3287 2202 3328 vel
2228 3286 2388 3375 aquuig

2301 3346 2361 3384 aep
