2483 3616
324 121 1899 232 METAMoRPHosEoNLmiu

2064 193 2166 229 22⁷

335 273 482 348 Quid
509 269 660 332 facis,
699 267 732 321 ὀ
759 265 1010 321 demens?
1049 266 1165 339 quis
1189 278 1243 322 te
1268 266 1446 334 furor,
1481 267 1685 342 inquit,
1721 270 1961 341 Acoete,

334 348 442 402 Pro
465 344 517 398 se
547 342 799 415 quisque,
838 339 1019 394 tenet?
1061 341 1260 395 laevam
1283 352 1422 412 pete.
1461 341 1692 396 maxima
1716 358 1851 399 nutu

331 418 456 473 Pars
481 415 611 470 mihi
635 413 918 485 fignificat3
958 429 1102 484 parS,
1143 413 1275 486 quid
1301 413 1458 476 velit,
1497 432 1623 468 aure
1647 414 1888 474 susurrat.

332 488 618 560 Obstupui:
658 487 956 560 Capiatque
979 486 1107 542 alius
1134 486 1526 551 moderamina,
1565 487 1705 542 dixi:

189 566 288 632 645
328 562 535 634 Meque
559 559 850 615 ministerio
874 559 1187 632 scelerisque
1216 560 1447 632 artisque
1472 561 1696 615 removi.

323 634 576 706 Increpor
602 652 631 687 a
656 632 856 687 cunetis
881 659 894 699 ς
934 644 1218 705 totumque
1241 633 1612 688 immurmurat
1636 651 1845 706 agmen.

326 707 376 764 E
400 707 589 781 quibus
611 706 928 769 Aethalion,
965 705 1055 760 Te
1076 705 1274 760 scilicet
1300 707 1473 761 omnis
1495 707 1550 762 in
1574 724 1683 762 uno

328 780 521 836 Nostra
545 780 672 835 salus
695 780 860 853 posita
885 777 989 833 est?
1029 778 1114 833 ait.
1153 779 1208 832 &
1234 778 1369 834 subit
1394 779 1529 851 ipse:
1570 798 1860 855 meumque

325 852 521 925 Expiet
552 871 709 925 opus:
751 854 1014 924 Naxoque
1042 852 1179 923 petit
1205 851 1406 906 diversa
1431 852 1626 907 renti-21.

187 931 289 997 650

400 927 551 982 Tum
578 927 726 981 Deus
750 925 972 980 illudens
989 962 1005 987 ‚
1041 937 1311 996 tamquam
1336 925 1504 979 modo
1528 926 1763 1002 denique
1786 927 2032 985 fraudem

331 1000 588 1063 Senserit,
627 1000 656 1053 e
685 998 848 1071 puppi
871 1010 1100 1069 pontum
1123 996 1421 1068 prospefiat
1448 998 1671 1054 adunca.

330 1072 403 1129 Et
430 1072 582 1127 flenti
604 1071 803 1135 similiS,
843 1071 980 1124 Non
1008 1069 1135 1123 haec
1164 1068 1297 1124 mibi
1319 1069 1501 1134 litora,
1539 1087 1757 1138 nautae,

325 1144 663 1208 Promifistis,
698 1144 795 1197 ait:
836 1160 946 1198 non
969 1142 1099 1196 haec
1128 1141 1258 1198 mihi
1287 1155 1427 1196 terra
1450 1158 1633 1215 rogata
1656 1147 1744 1202 est.

326 1218 456 1290 Quo
481 1218 649 1271 merui
674 1234 904 1289 poenam
928 1214 1097 1270 fafto?
1138 1234 1274 1289 quae
1298 1216 1463 1286 gloria
1488 1218 1655 1272 vestra
1681 1220 1789 1281 est;

185 1297 284 1360 655
323 1291 376 1346 Si
400 1307 627 1362 puerum
647 1290 896 1362 juvenes,
933 1284 970 1342 si
995 1287 1148 1342 multi
1172 1289 1344 1343 fallitis
1377 1291 1574 1344 unum?

307 1362 638 1435 jamdudum
662 1362 870 1417 flebam.
910 1361 1146 1416 lacrimas
1172 1379 1355 1416 manus
1377 1362 1538 1435 impia
1563 1363 1762 1418 nostras

326 1435 523 1492 Ridet:
565 1436 621 1489 &
646 1437 868 1508 impellit
893 1434 1297 1507 properantibus
1322 1453 1553 1508 aequora
1578 1437 1759 1491 remis.

323 1510 428 1566 Per
453 1507 549 1564 tibi
575 1527 717 1565 nunc
743 1508 911 1581 ipsum
952 1509 1084 1577 (nec
1112 1508 1256 1563 enim
1281 1509 1606 1581 praesentior
1628 1509 1719 1565 illo

83 1729 149 1763 Pro
163 1724 200 1775 se
219 1721 381 1775 quisque,
407 1732 525 1762 tenet?

32 1781 98 1813 Pro
112 1778 149 1824 se
170 1775 308 1826 quisque
318 1783 358 1812 ut
370 1776 465 1824 apud
477 1776 679 1813 Maronem
701 1772 890 1811 Aeneidos
903 1777 1070 1823 x11.552.'

84 1827 198 1876 Profe
219 1825 356 1877 quisque
377 1827 450 1863 viri
462 1826 607 1875 stamma
629 1826 794 1863 nituntur
817 1833 917 1874 opum
939 1825 991 1863 vi.

31 1875 144 1927 Apud
166 1877 291 1915 Silium
311 1876 370 1914 lib.
391 1889 445 1914 xx.

83 1934 149 1965 Pro
162 1927 200 1977 se
217 1928 355 1979 quifique
374 1928 504 1965 alacres
522 1928 630 1978 rapite
650 1925 711 1964 hoc
731 1928 840 1964 decus.

33 1983 135 2015 Tenet
147 1980 265 2025 furor,
292 1986 332 2016 ut
352 1977 453 2028 supra
467 2007 478 2023 ‚
504 1989 626 2016 tantus
644 1988 736 2015 tenet
755 1992 848 2015 error
876 1989 1070 2018 amantem.

33 2028 165 2066 deinde
188 2028 361 2077 distingue
385 2056 396 2075 ,
433 2029 575 2068 laevam
596 2038 684 2080 pete.
727 2030 891 2078 (nempe
899 2057 925 2078 ‚‚
951 2030 1070 2079 inquit

32 2079 181 2128 quisque
198 2091 264 2129 pro
284 2080 356 2128 se.)

603 2131 772 2169 Maxima
792 2141 882 2168 nutu

84 2184 171 2215 Pars
193 2178 279 2216 mihi
291 2177 476 2229 fignificat,
483 2192 566 2232 pars
587 2182 673 2233 quid
694 2183 781 2219 velit
797 2196 880 2218 aure
893 2181 1070 2231 ficfitrrat.

34 2228 203 2266 Maxima
222 2240 298 2277 pars
319 2239 410 2268 nutu
431 2234 523 2270 mihi
544 2231 718 2280 fignificat
732 2261 742 2277 ‚
755 2232 844 2281 quid
855 2233 941 2269 velit
953 2246 962 2270 ι
976 2245 1070 2282 pars,

31 2279 121 2328 quid
142 2279 251 2323 velit,
278 2279 425 2318 susurrat
456 2294 552 2321 aure,
578 2284 616 2321 in
639 2283 843 2321 Boschiano
857 2310 868 2328 ‚
892 2294 968 2333 quo
991 2284 1070 2323 usus

33 2332 223 2374 Gruterus,
244 2329 323 2378 post
354 2335 501 2377 Acoete,
527 2333 670 2371 additur
691 2347 700 2372 :

84 2381 136 2416 Sic
158 2381 230 2428 agit
243 2408 254 2425 ‚
281 2390 345 2417 aut
365 2381 528 2419 dextram
549 2384 663 2420 tendes
682 2385 849 2434 attingere
865 2394 1015 2435 partem.

30 2429 100 2468 Pro
124 2431 210 2480 qaid
232 2430 318 2467 velit
340 2443 431 2469 unus
454 2443 558 2470 meus
572 2461 582 2477 ,
604 2447 734 2482 quam.-
756 2436 899 2482 optime
913 2436 1067 2479 ,scilicet

23 2489 174 2532 partem.
200 2482 400 2519 HEINsius.
426 2482 496 2520 Sed
516 2483 603 2520 illud
616 2492 677 2532 pro
690 2485 728 2533 se
747 2485 866 2521 adhuc
886 2485 1067 2523 redunda-

31 2543 68 2568 re
90 2543 204 2569 nemo
225 2543 304 2569 non
334 2531 446 2569 videt.
482 2533 617 2577 Adde,
642 2534 745 2582 quod
762 2535 853 2571 haec
882 2534 992 2571 verba
1023 2536 1068 2572 ad

30 2591 148 2619 unum
180 2583 301 2631 potius
331 2609 341 2626 ,
378 2593 492 2631 quam
522 2584 569 2621 ad
600 2595 732 2621 omnes
772 2585 896 2622 referri
936 2584 1068 2629 debere

32 2631 210 2670 adstruant
240 2632 425 2682 sequentia
448 2661 459 2677 ,
496 2633 559 2670 ubi
589 2634 628 2670 δε
669 2635 815 2683 reliquis
844 2643 961 2683 partes
993 2635 1068 2673 suas

31 2683 189 2720 attribuit
209 2683 333 2721 Po'e‘ta.
373 2684 500 2732 Quare
530 2683 670 2722 secutus
702 2686 874 2734 antiquae
905 2685 1070 2725 lediionis

31 2732 133 2771 filum
158 2733 354 2782 legendum
377 2733 594 2783 suspicabar:

341 2785 431 2833 Qis
452 2795 484 2822 te
493 2787 599 2833 furor
611 2813 622 2832 ,
648 2785 765 2837 inquit
788 2786 967 2837 opheltes‚'

81 2834 340 2884 Persequiturve
360 2835 476 2873 timor.

32 2882 143 2920 Sensu
164 2896 241 2921 non
262 2885 399 2933 inepto.
439 2886 664 2936 conjecturas
693 2896 820 2926 tamen
850 2888 1035 2927 scribimus
1059 2917 1070 2935 ‚

36 2943 113 2969 non
134 2934 289 2973 oracula.
324 2936 574 2975 SCHEPPERUS
605 2938 701 2987 apud
728 2939 828 2976 Tan.
861 2938 984 2977 Faber.
1010 2940 1068 2977 lib.

37 2991 84 3018 xx.
115 2982 181 3030 Ep.
213 2996 272 3030 71.
305 2986 557 3035 intempestiva
579 2989 785 3038 corrigendi
814 2988 951 3034 libid03
982 3002 1067 3028 cum

31 3039 92 3079 pro
107 3032 144 3086 [e
164 3035 306 3085 quisque
318 3048 363 3074 ex
382 3038 541 3076 formula
571 3039 670 3087 quasl
692 3039 734 3077 fit
756 3039 895 3077 dietum
908 3055 920 3084 ;
950 3041 1069 3091 qualia

36 3091 214 3129 corrigere
234 3095 364 3135 anceps
382 3089 422 3125 &
442 3089 691 3128 temerarium.

89 3131 172 3187 647.ἶ
200 3137 338 3189 Nupta]
365 3139 472 3175 Unus
495 3139 680 3177 Leidenfis
704 3169 714 3185 ,
741 3141 835 3178 limo.
865 3142 968 3191 quod
990 3155 1067 3181 non

39 3181 88 3236 est
111 3180 291 3237 alibrano
313 3188 532 3232 profefflun.
571 3196 610 3226 ut
642 3190 921 3240 subintelligatur
960 3194 1061 3231 oculo.

38 3239 89 3268 ita
109 3232 191 3268 infr.
214 3244 266 3269 vr.
294 3244 350 3281 34.
393 3241 526 3287 Aspicit
554 3238 647 3276 hanc
676 3243 798 3277 torvis.
843 3242 891 3279 fic
914 3242 1067 3280 &limis

35 3279 76 3325 Τ
80 3290 192 3322 erent.
213 3282 308 3321 Eun.
330 3295 397 3336 111,
426 3297 462 3325 v.
485 3301 542 3338 53.
565 3289 639 3329 vid.
674 3290 817 3330 Salinas.
848 3291 895 3331 ad
924 3292 1066 3333 Tertul.

2076 1594 2173 1659 Est

1123 1722 1208 1762 Pall.
1228 1735 1309 1773 pag.
1329 1734 1412 1773 347.
1439 1724 1479 1761 &
1498 1734 1562 1761 111.
1586 1722 1664 1762 Art.
1686 1722 1770 1774 675.
1796 1724 2064 1765 Etiamnum.

1176 1775 1258 1822 644.
1286 1775 1488 1825 Capiatque.
1507 1774 1521 1824 ]
1553 1775 1742 1824 Capiafique
1763 1776 1889 1827 aliquis
1912 1778 2168 1818 Lovanienfisi

1176 1827 1259 1872 647.
1284 1825 1494 1876 Ethalion.]
1543 1824 1737 1863 Aethalion
1768 1828 1991 1867 vetustiores.
2021 1830 2168 1870 HEms,

1124 1876 1303 1915 Ethalides
1324 1877 1493 1926 Hygino.

1177 1930 1262 1977 651.
1288 1932 1319 1964 E
1334 1928 1437 1978 puppi
1451 1937 1601 1978 pontum
1614 1927 1801 1978 prospettat
1823 1928 1912 1978 eya]
1941 1929 2043 1967 Nihil
2060 1930 2168 1980 ineps

1124 1978 1195 2016 tius
1232 1990 1345 2029 quam
1372 1988 1520 2029 pontum
1550 1979 1729 2029 appellare
1744 1995 1760 2024 ·,
1807 1990 1940 2017 terram
1971 1992 2016 2020 ω’
2050 1981 2169 2019 litora·

1125 2031 1222 2067 Fons
1251 2030 1363 2067 totius
1394 2030 1523 2067 erroris
1554 2031 1591 2068 in
1630 2030 1735 2067 unius
1764 2030 1928 2077 literulae
1958 2032 2166 2069 mutatione

1125 2079 1260 2129 positus
1279 2080 1347 2118 est:
1378 2081 1475 2118 Rem
1498 2081 1620 2118 multis
1638 2080 1861 2119 deducerem
1875 2109 1886 2126 ‚
1911 2080 1977 2118 11111
1997 2082 2096 2119 illam
2118 2080 2166 2120 'ex

1125 2131 1245 2169 nostra
1272 2131 1434 2169 leffione
1465 2139 1542 2169 tam
1576 2131 1711 2169 claram
1761 2132 1841 2170 fore
1882 2139 2050 2181 putarem
2073 2161 2084 2177 ‚
2123 2139 2165 2170 ut

1125 2182 1224 2219 nulla
1254 2182 1315 2220 hic
1337 2182 1595 2231 explanatione
1626 2181 1668 2220 fit
1689 2193 1792 2231 opus.
1821 2182 2011 2220 recordare
2044 2182 2164 2220 modo

1125 2232 1174 2269 vs.
1197 2232 1281 2280 640.
1308 2239 1465 2270 Dextera
1485 2241 1605 2271 Naxos
1625 2244 1711 2271 erat.
1739 2234 1777 2270 &
1799 2233 1901 2283 quod
1923 2233 1999 2282 ejus
2028 2243 2163 2279 terras,

1124 2282 1253 2328 litora,
1280 2295 1323 2321 ac
1335 2294 1455 2335 portus
1479 2285 1559 2334 Jam
1586 2285 1814 2322 intuerentur
1837 2312 1848 2329 ,
1875 2282 2024 2334 quando
2056 2283 2165 2333 perfi-

1124 2333 1161 2372 di
1183 2342 1315 2372 nautae
1346 2335 1489 2372 cursum
1512 2336 1584 2373 alio
1607 2342 1775 2372 avertunt
1789 2362 1800 2378 ,
1822 2336 1860 2371 &
1883 2334 1996 2371 altum
2018 2341 2166 2382 petunt,

1123 2385 1227 2435 quod
1249 2393 1288 2423 ut
1310 2386 1473 2423 Bacchus
1504 2385 1629 2430 videt,
1657 2396 1742 2421 cum
1764 2383 1844 2432 ipfis
1863 2396 1907 2421 ex
1935 2383 2084 2423 ostulat:
2142 2385 2152 2399 f

1175 2442 1263 2473 Tam
1286 2442 1379 2474 Deus
1398 2437 1545 2475 illudens
1558 2446 1755 2486 ,tanquam
1777 2435 1876 2472 modo
1922 2435 2041 2486 mique
2053 2437 2166 2483 fram-j

1250 2487 1328 2523 dem

1174 2537 1352 2584 Senserat,
1380 2551 1396 2573 e
1417 2547 1510 2574 terra
1526 2546 1666 2586 portum
1683 2535 1870 2586 prospec‘lat
1890 2538 2132 2583 adunca,&c.'

1122 2585 1239 2623 Vides
1260 2586 1347 2636 quid
1367 2587 1473 2635 poffit
1503 2588 1605 2636 parvi
1635 2586 1810 2625 elementi
1853 2588 2021 2626 mutatio.
2062 2589 2164 2627 Facit

1123 2648 1189 2684 pro
1213 2637 1317 2674 nobis
1334 2637 1571 2686 interrogatio
1592 2637 1766 2687 sequens,
1789 2650 1958 2689 quaeque
1980 2650 2058 2677 non
2085 2639 2163 2678 fine

1122 2687 1234 2735 gratia
1246 2687 1404 2736 quadani
1416 2689 1476 2725 hic
1488 2688 1954 2729 continuaturScHEppm.
1965 2689 2164 2739 apudTan.

1125 2738 1227 2775 Fabr.
1237 2737 1296 2775 lib.
1318 2750 1363 2776 11.
1385 2739 1451 2787 Ep,
1466 2750 1522 2785 71.
1536 2750 1731 2787 operarum
1745 2739 1835 2777 vitio
1859 2740 1971 2779 credo
1983 2740 2123 2778 editum
2146 2742 2164 2777 ξε

1126 2798 1218 2825 terra
1231 2816 1243 2834 ,
1269 2801 1336 2838 pro
1357 2790 1374 2826 ἒ
1389 2790 1501 2839 puppi.
1539 2801 1627 2827 nam
1649 2790 1750 2827 aliter
1770 2790 1894 2840 inepta
1924 2789 2011 2829 effet
2032 2803 2164 2828 emen-

1127 2839 1227 2878 datio
1241 2867 1251 2885 ,
1279 2852 1373 2889 quae
1402 2842 1503 2879 enim
1525 2851 1619 2878 terra
1640 2841 1805 2879 adunca?
1832 2843 1871 2879 &
1891 2841 1917 2880 fi
1934 2842 2012 2892 jam
2031 2842 2089 2879 illa
2110 2841 2162 2878 es-

1123 2891 1174 2928 set
1189 2891 1396 2940 recipienda
1411 2920 1421 2936 ,
1453 2903 1517 2940 per
1537 2900 1686 2941 portum
1707 2893 1745 2929 ὃς
1771 2892 1877 2930 litora
1902 2920 1913 2938 ,
1948 2904 2026 2930 non
2049 2891 2160 2935 Naxi,

1122 2941 1184 2979 sed
1205 2941 1364 2979 diversae
1385 2942 1519 2981 insulae
1535 2955 1666 2993 ,quarn
1692 2943 1898 2980 intuebatur
1917 2971 1928 2988 ,
1955 2941 2158 2989 intelligen-

1123 2993 1168 3030 da
1182 3022 1193 3038 ,
1221 3001 1262 3030 ut
1279 2993 1465 3044 sequentia
1479 3022 1490 3039 ,
1515 3007 1584 3031 non
1603 2993 1684 3031 haec
1705 2993 1794 3030 mihi
1823 2993 1926 3030 litora
1957 3005 2026 3032 Ua.
2063 2990 2158 3028 indi-

1122 3052 1216 3082 cant.
1243 3044 1303 3082 sed
1324 3044 1513 3082 retinenda
1532 3044 1677 3093 vulgata
1692 3073 1702 3089 ,
1724 3046 1761 3081 ὃς
1782 3043 1994 3081 illudentem
2014 3041 2157 3085 Deum,

1122 3094 1212 3132 dum
1236 3107 1336 3132 mare
1368 3095 1560 3145 prospicit,
1588 3094 1712 3133 dixiffe
1739 3094 1951 3142 fingendum
1973 3090 2020 3127 est
2032 3105 2057 3145 ;-
2077 3102 2156 3128 non

1120 3145 1213 3183 haec
1235 3146 1326 3184 mihi
1346 3145 1452 3184 litora
1474 3145 1701 3195 promisistis,
1729 3156 1822 3193 quae
1842 3155 1919 3180 non
1941 3141 2020 3177 sunt
2034 3140 2156 3186 litora,

1121 3196 1180 3234 sed
1202 3209 1324 3234 mare:
1353 3209 1430 3234 non
1451 3198 1542 3235 haec
1562 3205 1655 3234 terra
1679 3225 1690 3240 ‚
1726 3205 1820 3242 quae
1850 3202 1926 3229 non
1959 3189 2007 3227 est
2036 3198 2155 3237 terra,

1120 3247 1181 3283 sed
1202 3259 1295 3296 aqua
1309 3247 1422 3290 ‚mihi
1442 3255 1568 3296 rogata
1590 3247 1648 3283 est.
1667 3246 1749 3281 alias
1759 3252 1882 3297 'portus
1903 3242 1943 3279 &
1953 3250 2080 3291 pontus
2101 3241 2154 3279 fa·-

1122 3296 1189 3335 cile
1211 3296 1498 3336 confunduntur.
1525 3297 1610 3336 vide
1631 3294 1678 3334 ad
1698 3292 1897 3344 Epist.x1x.
1912 3303 1992 3342 123.
2019 3292 2155 3330 Buam.

1397 3345 1426 3384 F
1446 3347 1467 3385 f
1489 3358 1509 3383 ι
1990 3341 2072 3382 660.
2101 3347 2168 3383 Ver
