2483 3616
731 134 792 190 P.
867 123 1279 188 OVIDII
1348 123 1884 184 NASONIS

563 247 823 303 Crescere
848 242 1086 302 difficili;
1128 257 1229 294 nec
1256 256 1384 311 opes
1409 241 1695 313 exposcere
1720 250 1916 313 parvas.

565 320 818 391 Cumque
843 314 1197 384 tridentigero
1226 312 1419 366 tumidi
1446 314 1689 382 genitore
1713 312 1969 386 profundi

567 391 862 447 Mortalem
883 386 1126 442 induitur
1150 385 1409 446 formam;
1452 384 1797 458 Phrygioque
1823 402 2049 460 tyranno

564 463 871 519 Aedificant
897 476 1105 522 muros,
1144 455 1299 528 pacto
1322 474 1422 527 pro
1447 456 1726 511 moenibus
1751 477 1900 515 auro,

422 554 528 605 205
564 535 744 590 Stabat
772 551 931 605 opus:
973 531 1204 604 pretium
1231 546 1328 582 rex
1351 527 1643 590 inficiatum
1685 529 1740 581 &
1768 531 1917 585 addit

566 607 828 662 Perfidiae
860 605 1135 660 cumulum
1161 601 1291 655 falsis
1314 599 1543 673 perjuria
1567 598 1756 654 verbis.

562 681 690 734 Non
715 680 934 750 impune
960 677 1097 731 feres
1114 714 1127 736 ,
1166 673 1342 728 refior
1367 673 1522 726 maris
1548 672 1750 745 inquit:
1793 672 1850 726 δε
1880 689 2066 730 omnes

564 752 840 807 Inclinavit
867 767 1023 822 aquas
1048 748 1112 801 ad
1139 765 1322 801 avarae
1348 746 1502 800 litora
1527 744 1744 817 Trojae.

565 825 732 897 Inque
756 823 880 878 freti
907 823 1138 875 formam
1165 833 1328 874 terras
1351 819 1650 879 convertit;
1694 836 1931 892 opesque

421 915 523 951 210
563 896 793 950 Abstulit
820 895 1094 966 agricolis;
1139 893 1191 945 &
1219 892 1467 947 fluffibus
1494 890 1673 945 obruit
1698 910 1834 946 arva.

567 970 747 1024 Poena
773 986 952 1041 neque
977 968 1106 1021 haec
1132 965 1248 1020 satis
1276 965 1374 1020 est:
1417 965 1584 1035 Regis
1609 982 1829 1038 quoque
1854 965 1955 1019 filia
1981 967 2218 1023 monstro

564 1043 808 1096 Poscitur
835 1058 1126 1101 aequoreo.
1166 1057 1324 1111 quam
1353 1038 1485 1092 dura
1512 1037 1574 1090 ad
1603 1039 1717 1091 saxa
1745 1038 2036 1094 revint‘i‘am

564 1115 821 1170 Vindicat
848 1102 1094 1167 Alcides:
1136 1111 1491 1183 promiflaque
1519 1128 1770 1173 munera,
1813 1109 1983 1166 dictos

564 1188 742 1243 Poscit
767 1204 963 1260 equos:
1010 1189 1253 1258 tantique
1283 1185 1458 1256 operis
1485 1183 1736 1239 mercede
1764 1188 1984 1257 neg-atii,

274 1412 396 1451 πκσῖέν
418 1411 485 1450 τῶν
505 1409 628 1458 ὅμφῶν
647 1408 759 1451 αἴτιος
772 1437 783 1454 ,
811 1409 847 1448 id
865 1408 938 1453 est,
968 1410 1045 1448 aliis
1064 1408 1236 1447 omnibus
1253 1407 1319 1446 diis

275 1465 314 1502 δε
337 1463 549 1501 hominibus
569 1461 780 1498 facultatem
799 1461 1022 1498 vaticinandi
1056 1460 1168 1498 daret.
1196 1468 1236 1497 ut
1256 1471 1319 1496 ex-

271 1515 382 1563 plicat
413 1514 581 1551 Potterus
613 1512 659 1549 ad
688 1512 881 1561 Lycophr.
916 1510 1080 1548 Caffand.
1111 1511 1167 1554 fis.
1199 1511 1233 1546 6.
1259 1510 1320 1547 hic

272 1577 364 1603 vero
385 1564 530 1602 codices
554 1563 706 1600 variant.
734 1569 908 1611 Panopaeo
928 1591 937 1606 ,
969 1568 1172 1609 Ρανιιφαεο,
1202 1567 1320 1598 Pana-

269 1615 366 1664 pete,
393 1621 567 1661 Panemo,
597 1620 778 1662 Panapeo,
806 1613 1031 1651 exhibentes.
1059 1612 1187 1650 Bam.

328 1678 411 1715 199.
449 1665 544 1702 Inde.
576 1665 592 1714 ]
650 1664 745 1701 Unde
784 1664 925 1702 Medic.
967 1664 1108 1701 Moret.
1152 1665 1191 1701 &
1243 1662 1320 1701 duo

276 1715 348 1754 alii.

326 1778 412 1804 201.
439 1772 510 1803 Nec
527 1775 607 1816 opes.
623 1765 639 1816 ]
670 1772 741 1802 Nec
757 1779 808 1802 res
823 1764 926 1804 Bafil.

324 1829 411 1855 202..
439 1823 598 1865 Cumque
628 1816 859 1863 Tridentigero
889 1815 1021 1854 tumidi
1046 1816 1237 1868 genitore]
1266 1817 1320 1856 Ita

273 1875 418 1907 veteres
432 1868 513 1906 libri
527 1868 589 1912 ,&
610 1865 718 1904 redte.
746 1867 918 1915 Virgilius
937 1868 998 1905 lib.
1017 1882 1040 1905 1.
1061 1868 1221 1906 Aeneid.
1242 1882 1320 1916 154.

274 1920 329 1956 Sic
358 1921 498 1956 cunnus
530 1918 642 1967 pelagi
671 1916 787 1954 cecidit
811 1920 952 1966 fragor,
974 1932 1122 1968 aequora
1144 1919 1321 1970 postquam

274 1969 483 2019 Prospiciens
498 1970 653 2016 genitor,
675 1979 748 2007 επ.
803 1968 904 2007 Vide
924 1969 971 2006 ibi
995 1969 1178 2008 Servium.
1207 1972 1321 2009 (31012.

272 2019 384 2058 MSS.
411 2019 561 2069 quidam
584 2047 595 2064 ‚
622 2021 744 2056 recflore
767 2036 776 2057 .·
806 2019 890 2065 alii,
925 2019 1100 2058 domitore.
1126 2029 1166 2059 ut
1189 2019 1320 2071 Virgil.

275 2081 312 2109 v.
336 2082 382 2118 79
412 2100 420 2108 .

333 2083 422 2158 Τκῗη
441 2120 626 2158 Saturnius
643 2121 726 2158 haec
749 2120 899 2158 domitor
918 2121 1027 2158 maris
1053 2120 1163 2157 edidit
1188 2120 1268 2160 alti.

274 2172 328 2210 At
358 2171 452 2221 apud
484 2172 570 2209 Stat.
598 2171 717 2210 A‘chil.
741 2185 769 2209 1.
796 2174 856 2209 61.
883 2172 1019 2210 Thetis
1050 2172 1261 2220 Neptuno:
1304 2173 1322 2210 ὂ

274 2224 396 2272 magni
415 2224 521 2259 reffor
547 2223 744 2273 genitorque
767 2223 946 2271 profundi.
971 2224 1008 2260 &
1039 2222 1123 2259 Val.
1143 2222 1239 2260 Flac.
1264 2235 1320 2262 1v.

275 2286 361 2323 571.
401 2282 504 2310 Pater
530 2274 651 2311 maris.
697 2273 911 2320 tridentifero
940 2275 1050 2311 etiam
1077 2273 1227 2322 quidam
1257 2287 1320 2312 co-

273 2325 436 2370 dices,ut
457 2325 638 2362 lib.v111.
664 2330 872 2373 595.Regna
893 2337 1002 2374 vagae
1014 2324 1137 2373 fhrtite
1157 2324 1322 2362 tridenti-

271 2378 325 2421 fer
367 2376 490 2413 undae.
521 2376 667 2413 Hths.

324 2439 409 2476 203.
440 2426 670 2476 Phrygiaeque
688 2436 839 2475 tyranno
853 2424 1027 2472 Aedlficat
1048 2439 1184 2469 muros,
1199 2429 1320 2476 pastus

271 2485 332 2526 pro
355 2477 530 2514 moenibus
546 2478 717 2527 auruum]
738 2477 952 2527 Phrygioque
963 2477 1156 2521 meliores,
1185 2478 1223 2515 ὃ(
1246 2483 1320 2515 Ae-

276 2527 421 2573 dificant
435 2529 528 2576 pani
546 2542 695 2572 aurum,
725 2529 783 2566 vel
800 2532 898 2577 padio
912 2528 1124 2577 astro,quod
1143 2530 1318 2576 posterius

277 2579 504 2626 amplector,
530 2587 568 2615 ut
593 2591 611 2615 a
635 2591 779 2627 pango,
806 2580 952 2628 pepigi,
980 2579 1191 2617 deducatur.
1216 2580 1319 2630 quod

275 2637 345 2676 pro
367 2628 523 2675 paciscor
542 2629 689 2666 subinde
711 2631 872 2677 ponitur.
902 2631 1017 2667 inm.

330 2690 415 2723 204.
445 2678 682 2727 Aedificant]
721 2681 779 2716 Ani
801 2682 894 2717 lianc
914 2680 1213 2719 aedificationem
1233 2694 1319 2721 mu·

275 2739 401 2766 rorum
444 2730 659 2775 Neptunum
695 2730 732 2765 &
772 2731 986 2775 Apollinem
1009 2730 1028 2767 a
1050 2732 1146 2777 Jove
1168 2733 1320 2771 damna—

274 2787 333 2817 tos
357 2777 456 2816 ruisse
478 2779 607 2815 Graeci
640 2779 864 2822 fabulantur,
894 2780 942 2816 eo
969 2780 1071 2830 quod
1095 2793 1180 2819 cum
1204 2784 1323 2830 Juno·

277 2841 326 2868 ne
357 2829 522 2867 adversus
551 2828 685 2874 Jovem
720 2829 1003 2876 conspirassent,
1049 2840 1087 2869 ut
1126 2835 1174 2869 ait
1204 2835 1324 2883 Didy-

277 2892 359 2918 mus
383 2893 391 2917 :
441 2880 541 2928 cujus
591 2879 864 2927 conspirationis
911 2882 1086 2919 meminit
1132 2883 1324 2922 Homerus

279 2931 382 2969 Iliad.
407 2943 435 2968 1.
467 2942 549 2979 399.

329 2989 500 3029 O‘mro‘rs‘
519 3007 577 3038 μιν
605 2992 769 3039 ξυνδῆσαι
791 2991 956 3037 ὃλύμπιοι
978 2995 1095 3035 ἔθελον
1116 2995 1244 3039 ἄλλοι,

328 3038 443 3089 ''Hpn,
472 3043 532 3084 ’ᾗδὲ
556 3043 775 3088 Ποσειδάων,
802 3045 863 3080 καὶ
886 3045 1003 3090 Φοῖβος
1026 3046 1234 3082 Ἀπόλλων,

272 3108 447 3146 Pindarus
467 3117 590 3146 autern
613 3110 649 3146 in
674 3110 883 3158 Olympicis
906 3109 1004 3147 addit
1019 3110 1219 3147 &tertium
1240 3118 1321 3147 tan-

274 3171 385 3207 quam
421 3162 578 3202 σύιεργσν
610 3160 775 3198 Aeacum
807 3160 956 3197 ascitum
986 3159 1116 3204 fuisse,
1147 3169 1187 3197 ut
1204 3163 1316 3198 etiam

273 3210 435 3247 mortalis
456 3210 607 3258 alicujus
633 3223 744 3259 opera
775 3211 986 3248 accederet:
1023 3211 1126 3260 quod
1145 3211 1309 3249 futurum

277 3257 386 3305 essct,
414 3268 453 3298 ut
475 3260 588 3298 iidem
617 3263 713 3300 muri
745 3261 942 3313 aliquando
971 3262 1146 3302 incendio
1172 3262 1311 3302 rursum

2336 1264 2423 1322 Bis

1377 1406 1654 1448 collaberentur.
1690 1407 1792 1459 quod
1822 1408 1899 1446 fieri
1936 1420 2014 1447 non
2048 1417 2212 1458 poterat,
2247 1410 2272 1449 fi
2303 1410 2322 1449 a
2343 1411 2427 1451 solis

1375 1459 1644 1498 immortalibus
1664 1472 1705 1498 ac
1728 1460 1794 1497 diis
1821 1460 2015 1498 construet
2032 1460 2200 1507 fuissent,
2227 1469 2268 1500 ut
2287 1462 2424 1502 ibidem

1376 1511 1551 1559 interpres
1572 1511 1706 1561 adjicit.
1734 1512 1958 1549 Micrttus.
1988 1511 2116 1549 Isacius
2136 1513 2423 1563 Porphyrogen-
2444 1521 2446 1525 ⁴

1377 1570 1462 1598 neta
1489 1562 1526 1598 in
1557 1563 1809 1610 praetermissis
1845 1563 1890 1599 ab
1918 1563 2093 1600 Homero
2122 1574 2201 1613 pag.
2232 1563 2316 1600 268.
2339 1564 2427 1603 edit.

1377 1612 1581 1649 Allarianae
1609 1614 1800 1651 damnatos
1831 1624 1984 1662 quoque
2020 1611 2041 1650 ὲ
2078 1614 2175 1661 Jove
2204 1615 2253 1652 ob
2284 1614 2426 1654 insidias

1378 1662 1443 1710 ipsi
1462 1662 1608 1701 structas
1629 1672 1769 1707 narrat,
1798 1675 1909 1712 quem
1934 1663 2030 1701 vide.
2086 1666 2312 1714 Anonymus
2335 1677 2425 1704 vero

1379 1713 1425 1750 de
1438 1714 1711 1752 Incredibilibus
1725 1743 1734 1757 ‚
1760 1715 1889 1752 itidem
1910 1714 1953 1751 ab
1975 1714 2112 1752 Allatio
2131 1715 2248 1754 editus
2262 1744 2271 1760 ‚
2300 1727 2378 1764 cap.
2389 1718 2424 1754 6.

1379 1765 1555 1812 explicat,
1577 1764 1838 1803 Laomedonta
1859 1766 2055 1812 pecuniam
2084 1777 2129 1802 ex
2149 1768 2290 1815 templo
2308 1767 2428 1815 Apol-

1376 1814 1458 1852 linis
1479 1815 1516 1852 &
1550 1816 1716 1863 Neptuni
1756 1815 1970 1853 suffuratum
2010 1817 2047 1853 in
2070 1827 2262 1854 murorum
2289 1818 2424 1856 exstru-

1379 1864 1543 1903 ctionem
1566 1865 1805 1915 absumpsisse
1833 1866 1931 1904 Vide
1949 1866 2049 1914 plura
2068 1867 2163 1915 apud
2183 1868 2325 1917 Hygin.
2339 1868 2422 1908 Fab.

1379 1915 1438 1963 89.
1474 1917 1535 1954 ubi
1565 1918 1793 1956 Munclterus
1823 1917 2016 1955 videndus.
2045 1917 2146 1955 Serv.
2176 1919 2221 1957 ad
2255 1919 2357 1967 Virg.
2393 1931 2424 1958 1.

1377 1966 1474 2004 Aen.
1501 1979 1583 2017 553.
1612 1970 1650 2006 ὃς
1676 1981 1734 2006 11.
1764 1969 1847 2006 610.
1886 1981 1950 2005 111.
1984 1979 2016 2017 3.
2044 1970 2240 2018 v111.156.
2278 1971 2424 2010 Minue.

1381 2017 1482 2055 Felix
1504 2030 1533 2056 c.
1555 2031 1613 2057 22.
1633 2020 1736 2057 &ibi
1758 2020 1983 2066 interpretes.
2014 2018 2142 2056 Bunm.
2431 2040 2433 2042 ·

1429 2081 1515 2115 207.
1544 2075 1624 2107 Non
1641 2071 1780 2121 impune
1792 2069 1920 2120 seres.]
1959 2070 2245 2109 Hemistichium
2267 2071 2424 2123 Virgilii.

1379 2118 1597 2159 Cromnos.
2421 2131 2423 2133 ’

1430 2183 1514 2218 207.
1542 2171 1705 2223 Inquit.]
1742 2171 1824 2221 Infit
1856 2173 1955 2222 prior
1978 2171 2240 2219 Twisdenius,
2269 2182 2309 2213 ut
2328 2175 2429 2219 alibi..

1377 2221 1587 2260 Heinsms.
2425 2223 2429 2232 ⁴

1429 2273 1514 2311 208.
1543 2273 1738 2311 inclinavit
1759 2288 1869 2324 aquas
1897 2275 1947 2311 ad
1965 2287 2099 2312 avarae
2130 2274 2233 2312 litora
2257 2276 2418 2328 Trojae.]
2478 2311 2483 2333 ,⁴

1378 2323 1420 2360 ln
1441 2336 1518 2362 uno
1546 2337 1634 2362 meo
1664 2326 1702 2362 &
1742 2326 1894 2363 Caclest.
1938 2331 2090 2362 Avarae
2116 2327 2250 2363 moenia
2282 2330 2412 2377 Trojae.
2478 2341 2483 2349 ²

1379 2375 1497 2422 Quod
1517 2377 1630 2425 magis
1651 2376 1779 2423 probo.
1809 2378 1868 2421 &,
1898 2385 1938 2414 ut
1966 2377 2040 2414 hoc
2060 2377 2278 2425 probarem,
2308 2379 2420 2418 addu—
2479 2375 2483 2412 3

1375 2434 1508 2463 xerunt
1543 2439 1604 2464 me
1633 2428 1741 2464 verba
1764 2455 1773 2471 ‚
1818 2439 1913 2476 quae
1939 2427 2149 2476 sequuntur.
2203 2429 2417 2468 Cxor-mus.

1376 2477 1515 2513 Moenia
1541 2479 1651 2516 etiam
1682 2478 1841 2525 plurimi.
1876 2477 1935 2515 sed
1958 2477 2076 2515 modo
2101 2477 2346 2526 praecesserat.
2372 2480 2418 2517 ad
2481 2475 2483 2485 ’

1373 2539 1503 2565 curvae
1531 2529 1717 2578 Neapolit.
2480 2529 2483 2549 ²

1426 2605 1512 2642 209.
1541 2593 1764 2643 Convertit.]
1795 2593 1990 2643 Complevit
2017 2592 2114 2631 Flor.
2134 2593 2172 2630 ὃ(
2196 2595 2315 2645 Neap-

1425 2669 1512 2695 210.
1540 2663 1584 2693 Et
1603 2657 1765 2708 flufflibus
1782 2658 1895 2695 obruit
1916 2657 2052 2706 agros.]
2111 2658 2149 2694 ln
2171 2659 2305 2697 eodem
2328 2670 2414 2697 meo
2480 2660 2483 2693 :¹

1375 2707 1446 2751 est,
1475 2709 1589 2745 obruit
1615 2722 1719 2746 arva.
1764 2712 1982 2746 (domnus.
2035 2711 2146 2744 Arva
2176 2712 2282 2757 prim.
2310 2710 2418 2747 Palat.
2478 2720 2483 2744 ς

1378 2759 1546 2797 Vatican.
1577 2761 1684 2807 prim.
1716 2760 1886 2796 Gronov.
1920 2759 2127 2807 Cantabrig.
2158 2760 2292 2810 aliique
2311 2771 2413 2797 com·
2476 2771 2483 2781 ¹

1377 2809 1508 2858 plures.
1534 2811 1676 2847 ret‘tius.
1704 2811 1789 2859 quia
1809 2808 1964 2858 agricolis
1981 2809 2092 2857 paulo
2110 2820 2194 2848 ante
2222 2806 2412 2860 praecelse-
2477 2809 2483 2842 ἓ

1379 2869 1443 2897 rat.
1471 2861 1617 2898 Hiems.
2159 2881 2163 2887 ‹

1434 2923 1517 2947 212.
1545 2918 1665 2956 Quam
1685 2910 1776 2945 dura
1796 2909 1844 2944 ad
1865 2909 1958 2957 saxa
1984 2910 2221 2959 revimffam]
2274 2909 2413 2955 Scopu·
2478 2917 2482 2923 '

1381 2959 1457 2996 lum
1481 2961 1589 3004 dicit,
1618 2961 1675 2997 cui
1698 2971 1838 2997 nomen
1866 2972 1910 2997 ex
1942 2973 1979 2998 re
2003 2963 2124 3010 postea
2145 2962 2211 2998 fuit
2231 2963 2411 3006 Agamea,
2481 2975 2483 2990 z

1381 3018 1422 3046 ut
1444 3010 1645 3057 Stephanus
1663 3010 1779 3047 scribit
1794 3038 1803 3054 ,
1831 3012 1981 3049 auclore
2004 3008 2414 3055 Hellanico'‚quodno-

1380 3071 1465 3096 men
1485 3060 1635 3097 innubus
1656 3061 1958 3109 interpretabitur.
1986 3075 2033 3099 rto
2053 3059 2152 3110 quod
2171 3059 2335 3096 Hesione
2358 3059 2413 3096 vi-

1376 3121 1418 3147 ro
1439 3110 1558 3148 adhuc
1582 3123 1659 3148 non
1680 3112 1849 3159 copulata
1870 3122 1955 3150 ceto
1980 3113 2085 3150 fuerit
2112 3110 2146 3146 in
2172 3109 2247 3156 ipso
2271 3109 2414 3157 expofi-
2480 3125 2483 3134 ·

1374 3168 1421 3248 ξι.
1450 3163 1589 3205 γάμους
1614 3163 1714 3200 enim
1736 3164 1878 3211 nuptias
1889 3163 2020 3201 Graeci
2041 3161 2232 3209 appellant.
2261 3160 2412 3198 Consr.

1407 3224 1582 3250 ΑΝΕΝεις.

1417 3275 1496 3314 213.
1523 3263 1680 3314 Dima]
1711 3265 1812 3304 Male
1835 3263 1978 3304 codices
2000 3260 2173 3301 nonnulli
2184 3260 2414 3348 ‚paezoscjoxgleolg
2475 3323 2483 3339 1
