2483 3616
710 135 1259 198 P.OV1D11

198 166 333 217 1040

1328 139 1865 200 NASONIS

360 273 462 326 340
499 255 756 394 NEC,
792 271 928 327 quae
955 250 1194 332 sulfureis
1221 251 1373 306 ardet
1400 254 1736 324 fornacibus,
1773 258 1942 315 AEtne

655 330 811 400 Ignea
835 326 1043 396 semper
1071 336 1174 378 er1t
1200 344 1211 380 :
1252 342 1429 396 neque
1455 328 1599 381 enim
1622 329 1724 384 fuit
1748 332 1903 404 ignea
1925 331 2150 405 semper.

487 405 628 459 Nam
656 403 760 454 five
784 398 859 453 est
885 397 1076 451 animal
1104 398 1286 461 telluS,

1325 400 1380 451 &
1406 398 1539 453 vivit
1557 438 1571 461 ,
1613 399 1883 476 habetque

496 476 857 547 Spiramenta,
894 471 1025 525 locis
1052 469 1322 526 flammam
1355 471 1652 525 exhalantia
1675 474 1885 539 multi83

495 546 741 618 Spirandi
766 558 973 599 mutare
998 543 1107 598 vias
1124 584 1140 608 ,
1181 545 1502 617 quotiesque
1528 558 1805 609 movetur,

351 638 451 690 345
490 620 608 674 Has
631 619 785 674 finire
809 618 982 691 potest
999 657 1014 681 ,
1049 618 1158 671 illas
1184 618 1393 689 aperire
1419 636 1698 673 cavernas:

496 692 619 747 Sive
644 693 786 747 leves
812 691 932 747 imis
956 691 1103 747 venti
1131 691 1453 745 cohibentur
1476 692 1530 746 in
1558 695 1753 753 antris;

493 766 738 838 Saxaque
767 782 891 820 cum
915 763 1074 824 saxis,
1120 763 1175 817 &
1200 763 1488 819 habentem
1516 764 1713 819 semina
1740 762 1989 822 flammae

493 838 785 894 Materiem
809 836 1005 909 jaciant
1023 880 1036 900 ‚
1076 856 1137 892 ea
1166 838 1404 911 concipit
1430 836 1619 892 iffibus
1645 838 1862 909 ignem3

493 913 666 967 Antra
692 911 1063 984 relinquentur
1089 910 1280 964 sedatis
1307 910 1502 982 frigida
1527 911 1729 965 ventis:

348 1003 452 1054 350
489 985 613 1039 Sive
641 984 965 1039 bitumineae
990 984 1200 1056 rapiunt
1229 983 1475 1038 incendia
1506 985 1676 1049 vireS,

493 1057 739 1113 Luteave
765 1057 971 1128 exiguis
999 1057 1243 1112 arescunt
1272 1056 1466 1112 sulfura
1492 1057 1668 1112 fumis,

492 1130 706 1203 Nempe
732 1131 824 1185 ubi
855 1145 996 1185 terra
1022 1131 1170 1185 cibos
1198 1129 1554 1203 alimentaque
1579 1130 1795 1202 pinguia
1819 1128 2068 1186 flammae

487 1203 618 1258 Non
645 1203 819 1267 dabit,
859 1203 1109 1258 absumtis
1135 1221 1233 1276 per
1257 1204 1482 1274 longum
1507 1203 1705 1259 viribus
1730 1221 1953 1267 aevum,

492 1276 836 1349 Naturaeque
863 1277 1014 1331 suum
1040 1278 1313 1331 nutrimen
1340 1277 1515 1331 deerit
1542 1277 1730 1337 edaci3

351 1368 449 1419 355
489 1349 618 1404 Non
645 1350 781 1404 feret
806 1350 890 1404 illa
915 1350 1111 1406 famem
1135 1369 1146 1404 :
1188 1350 1504 1422 desertaque
1529 1349 1738 1404 deseret
1767 1349 1933 1421 ignes,

627 1493 820 1542 FAB.

890 1492 1152 1541 XXVI.
1219 1494 1925 1542 ARGUMENTUM.

270 1615 327 1662 In
348 1613 560 1674 Pallene,
595 1610 709 1660 urbe
732 1619 747 1638 ³
771 1613 1074 1662 Tritoniacae
1097 1614 1275 1679 paludis
1289 1651 1304 1676 ,
1330 1612 1506 1661 attactu
1528 1624 1773 1663 vertuntur
1795 1611 2008 1660 homines
2030 1613 2080 1660 in
2100 1611 2326 1663 volucresL

271 1736 324 1781 In
348 1734 550 1794 Pallene,
583 1751 687 1796 qaae
697 1733 780 1795 sid)
805 1737 1014 1796 Aquilone
1033 1735 1053 1760 b
1063 1735 1211 1798 jacet,
1246 1737 1432 1786 homines
1453 1737 1651 1784 dicuntur
1674 1737 1721 1782 in
1743 1735 1930 1781 volucres
1941 1735 2085 1793 verti,
2121 1736 2265 1783 novies
2275 1750 2370 1783 cum

207 1802 253 1847 in
277 1798 564 1847 Tritoniacam
578 1801 779 1861 paludem
802 1803 923 1861 neerst
934 1805 1042 1863 fint.

261 2027 348 2065 340.
375 2014 527 2064 AEtna.]
564 2021 672 2054 AEtne
699 2017 918 2067 Bernegger.
950 2017 1105 2057 Thuan.
1134 2020 1262 2058 Aron-

206 2068 282 2108 del.
302 2068 340 2105 &
362 2066 438 2105 duo
460 2067 533 2105 alii.
554 2076 593 2105 ut
613 2067 696 2105 alibi
719 2068 838 2117 saepe.
863 2069 1008 2107 Hzms.
1035 2070 1124 2108 Vid.
1143 2071 1261 2108 lib.11.

207 2130 296 2156 220.

263 2180 344 2219 344.
372 2167 535 2216 spirandi
563 2178 702 2205 mutare
734 2167 850 2217 vias.]
883 2169 996 2206 Liber
1013 2181 1144 2210 meus,
1174 2178 1260 2207 Mu-

208 2229 286 2257 tare
306 2220 406 2256 vices.
435 2220 605 2257 CIOFAN.
631 2219 718 2257 Vid.
739 2219 830 2268 supr.
851 2218 904 2261 §bs
923 2219 1008 2268 238.
1033 2219 1094 2257 sed
1113 2221 1174 2257 hic
1186 2222 1260 2258 vias

208 2271 407 2320 praefero:
435 2282 522 2307 nam
547 2282 724 2308 ‘cavernas
755 2272 792 2307 ὃς
826 2269 955 2308 fistulas
974 2270 1168 2318 intelligit,
1198 2283 1262 2319 per

207 2333 305 2370 quae
324 2321 415 2370 ignis
439 2322 536 2366 exit,
563 2332 658 2370 quae
668 2321 887 2371 spiramenta
905 2322 1017 2359 etiam
1038 2329 1162 2360 vocat.
1186 2321 1262 2361 vid.

209 2372 414 2420 Justin.1V.
440 2385 470 2410 1.
498 2371 631 2410 Bunm.

265 2435 348 2473 345.
377 2430 450 2460 Has
472 2422 577 2470 finire
597 2422 738 2472 potest.]
780 2430 910 2461 Furare
935 2423 1130 2462 Mediceus
1158 2435 1265 2463 unus.

211 2484 261 2512 an
274 2502 284 2519 ,
303 2486 369 2522 pro
391 2485 530 2518 curare,
559 2474 662 2523 quod
682 2475 778 2512 forte
799 2475 982 2513 veteribus
1002 2476 1040 2512 in
1054 2475 1115 2512 usu
1130 2474 1240 2512 fuerit
1253 2503 1264 2519 ,

211 2536 442 2574 quamquam
475 2526 702 2573 frequentius
738 2526 815 2574 ejus
853 2525 1065 2573 composito
1104 2525 1266 2563 obturare

213 2575 266 2611 usi
289 2575 367 2612 sint.
396 2584 514 2620 certe,
536 2575 641 2623 finire
661 2589 850 2620 cavernas,
879 2575 968 2626 quid
987 2575 1029 2614 fit
1052 2588 1130 2614 non
1149 2578 1269 2625 capio.

207 2623 315 2671 finire
331 2626 482 2673 quidem
506 2638 573 2674 pro
595 2629 798 2665 terminum
821 2638 961 2676 ponere
973 2627 1081 2664 alicui
1100 2628 1188 2665 loco
1207 2627 1267 2665 vel

214 2675 270 2711 rei
292 2676 380 2721 poni
399 2675 524 2714 docuit
543 2677 716 2715 Heinsius
737 2678 839 2726 supra
862 2677 908 2716 ad
928 2677 989 2716 lib.
1011 2689 1101 2715 vm.
1119 2678 1206 2726 695.
1226 2679 1266 2716 δε

214 2724 267 2762 ita
287 2724 398 2760 locum
415 2725 519 2771 finire
541 2727 631 2765 dixit
650 2728 780 2766 Livius
801 2741 898 2766 xm.
915 2741 974 2775 47.
1001 2727 1060 2766 sed
1080 2739 1146 2776 pro
1168 2730 1266 2767 clau-

216 2774 305 2812 dere
336 2786 541 2831 numquam
570 2778 730 2825 positum
764 2779 853 2820 vidi.
878 2790 992 2830 quare
1012 2788 1142 2828 putem
1163 2780 1265 2819 uleus

214 2823 365 2864 subesse.
395 2824 564 2862 Heinsius
586 2828 756 2873 volebat,

271 2883 346 2913 Hac
364 2874 490 2924 operire
504 2874 624 2922 potest,
652 2877 724 2912 illic
741 2879 868 2927 aperire
887 2893 1069 2919 cavernas.

217 2925 279 2964 sed
305 2924 476 2975 placuisse
504 2924 568 2962 fibi
599 2925 786 2964 Nasonem
815 2931 851 2966 in
872 2931 941 2968 hac
960 2930 1267 2980 agnominatione

217 2978 282 3015 vix
298 2977 388 3014 mihi
403 2975 614 3024 persuadeo.
641 2975 732 3012 alias
751 2978 878 3024 aperire
889 2981 962 3016 Ms.
976 2982 1115 3019 Bersm.
1135 2982 1270 3019 Buam.

275 3040 358 3076 347.
386 3025 622 3075 Materiam]
657 3027 839 3063 Materiem
853 3029 1106 3078 castigatiores.
1125 3032 1271 3068 Hiems.

223 3083 383 3128 Captant
403 3089 495 3116 unus
516 3077 654 3115 Medic.
675 3090 761 3126 quae
782 3078 923 3128 concipit
942 3091 1049 3124 unus,
1069 3079 1119 3117 bis
1132 3080 1272 3129 concipit

220 3128 365 3166 Barber.
378 3129 458 3177 jam
479 3137 637 3177 quatuor
657 3137 771 3174 mox,
798 3129 1272 3179 relinquunturnovemae-

222 3179 434 3229 linquantur
452 3189 557 3217 unus.

277 3241 360 3277 351.
387 3229 689 3282 Sulfhrafumin]
721 3230 872 3269 Caelest.
888 3231 1070 3270 Flammis.
1099 3232 1271 3272 C10FAN.

219 3277 340 3327 Puto,
368 3280 504 3330 affidais
526 3283 664 3330 fumis,
692 3283 752 3322 vel
768 3282 921 3332 irriguis.
947 3284 1096 3336 Hzmsg·
1123 3284 1270 3336 §alfara

2242 1875 2368 1931 Effe

1319 2020 1438 2058 ventis
1458 2031 1551 2059 unus
1574 2019 1705 2057 Heins.
1727 2019 1910 2066 ardescunt
1929 2015 2040 2053 etiam
2065 2013 2228 2061 plurimi.

1371 2083 1455 2119 352.
1483 2078 1611 2119 Nempe
1637 2068 1734 2118 ubi.]
1765 2075 1810 2105 Ut
1840 2067 1982 2115 Gryph.
2011 2064 2197 2102 Bersman.
2226 2063 2376 2102 &aliae

1317 2121 1432 2159 Editt.
1459 2121 1697 2170 alimentaque
1717 2118 1821 2156 mitia
1840 2128 1934 2155 unus
1954 2116 2115 2159 Moreti,
2143 2113 2247 2164 quod
2265 2125 2375 2164 repet

1317 2171 1427 2209 titum
1453 2183 1499 2208 ex
1521 2172 1582 2209 lib.
1606 2183 1651 2208 11.
1681 2171 1764 2215 287.

1369 2233 1452 2269 354.
1479 2228 1708 2269 Naturaeque
1731 2222 1838 2267 suum
1873 2217 2054 2256 nutrimen
2091 2217 2198 2254 deerit
2234 2215 2372 2266 edaci]

1318 2270 1432 2309 Liber
1463 2284 1589 2316 meus,
1622 2271 1739 2308 Deerit
1763 2268 1942 2306 nutrimen
1962 2269 2069 2305 edaci.
2097 2269 2175 2316 Qui
2195 2279 2375 2306 numerus

1321 2323 1415 2360 mihi
1425 2323 1540 2371 magis
1551 2321 1694 2360 arridet.
1721 2321 1892 2359 CIOFAN.
1911 2319 2261 2369 Materiaequesuum
2274 2318 2372 2358 Cod.

1321 2373 1508 2411 Menardi.

1372 2431 1387 2450 ³
1417 2422 1671 2473 Tritoniacam]
1702 2423 1893 2460 Tritonides
1910 2436 1933 2460 a
1953 2424 2051 2460 taflu
2065 2422 2104 2458 in
2120 2434 2203 2458 aves
2224 2421 2350 2460 Parmss

1374 2474 1391 2501 b
1418 2475 1566 2522 Jacet.]
1593 2475 1700 2520 Jacet
1732 2474 1898 2511 Thraciae
1922 2474 2042 2511 Parm.
2072 2472 2194 2521 Lugd.
2226 2470 2377 2521 Micyll.'

1321 2527 1360 2564 in
1388 2526 1599 2575 Hyperborea
1621 2525 1763 2563 Pallene
1783 2525 1935 2561 homines
1946 2525 2031 2570 sunt
2047 2552 2056 2567 ,
2085 2524 2146 2572 qui
2164 2523 2203 2560 in
2221 2522 2374 2560 volucres

1324 2577 1418 2613 verti
1438 2577 1551 2624 solent
1573 2605 1583 2621 ‚
1628 2590 1706 2613 cum
1737 2576 1775 2613 in
1807 2575 1966 2612 Tritonia
1993 2575 2123 2624 palude
2138 2575 2207 2622 sua
2238 2581 2370 2622 corpora

1323 2628 1466 2673 mersbre
1487 2628 1624 2664 Colon.

1375 2689 1459 2728 357.
1485 2677 1673 2728 Levibus]
1705 2675 1830 2714 Niveis
1849 2675 2002 2714 Cantab.
2022 2677 2061 2714 δε
2086 2675 2197 2718 alius,
2224 2672 2302 2722 Qi
2312 2672 2373 2722 ‚fii-⁴>

1321 2729 1420 2767 leant
1440 2730 1560 2767 multi.
1587 2728 1666 2778 quis
1686 2729 1759 2765 alii.

1374 2780 1459 2829 358.
1487 2785 1579 2817 Cum
1600 2774 2045 2827 Tritoniacampaludem.]
2075 2773 2293 2812 Tritoniaca
2305 2778 2373 2824 pass

1318 2830 1374 2869 lus
1393 2831 1432 2868 in
1457 2830 1578 2879 Lybia
1599 2828 1670 2868 effe
1689 2829 1872 2870 scribitur,
1897 2826 1958 2863 sed
1978 2825 2096 2862 Poeta
2115 2824 2161 2862 de
2179 2837 2221 2862 ea
2234 2853 2245 2870 ,
2271 2837 2370 2875 quae

1321 2881 1365 2919 fit
1383 2882 1421 2918 in
1443 2881 1691 2929 septentrione
1710 2879 1855 2916 videtur
1873 2876 2026 2920 sentire,
2054 2875 2100 2912 de
2123 2887 2194 2924 qua
2205 2875 2370 2915 menihil

1324 2931 1483 2969 memini
1512 2931 1596 2967 alibi
1622 2927 1744 2977 legisse
1766 2941 1774 2965 :
1814 2927 1930 2964 simile
1948 2926 1993 2963 de
2013 2925 2215 2964 Arcadibus
2233 2926 2370 2965 Plinius

1323 2981 1466 3025 scribit,
1494 2992 1587 3028 quos
1606 2981 1644 3016 in
1664 2980 1771 3027 lupos
1791 2978 1904 3020 verti,
1934 2976 2124 3025 rursusque
2136 2976 2198 3014 fibi
2216 2977 2370 3022 restitui,

1324 3039 1401 3068 tam
1423 3031 1588 3068 constans
1607 3031 1704 3067 fama
1727 3029 1795 3065 fuit
1809 3055 1819 3071 ‚
1855 3036 1895 3065 ut
1915 3028 1951 3064 in
1972 3025 2176 3064 maledicus
2201 3026 2373 3076 versipel-

1325 3081 1376 3118 les
1403 3081 1613 3118 habeantur.
1658 3081 1832 3118 Remus.
1870 3079 2046 3116 Ceterum
2078 3077 2181 3126 quod
2210 3077 2255 3114 ad
2277 3078 2376 3116 Ovi-

1328 3131 1378 3168 dii
1408 3131 1567 3169 fabulam
1599 3131 1750 3174 attinet,
1786 3128 1958 3166 videntur
1978 3128 2112 3167 eodem
2133 3129 2316 3176 pertinere
2335 3129 2376 3167 &

1326 3182 1433 3220 Plinii
1462 3182 1592 3224 verba,
1627 3181 1759 3229 quibus
1793 3179 1852 3216 ille
1886 3179 1933 3217 de
1960 3178 2210 3228 Hyperboreis
2237 3179 2298 3217 lib.
2318 3190 2374 3217 IV.

1327 3244 1404 3281 cap.
1426 3244 1480 3270 12.
1508 3238 1597 3269 Mox
1614 3231 1756 3280 Riphaei
1767 3230 1918 3278 (inquit)
1933 3239 2086 3274 montes,
2113 3239 2157 3269 ω’
2173 3227 2299 3277 affiduo
2319 3227 2376 3267 ni-

1325 3284 1380 3324 vis
1402 3283 1505 3333 casu,
1524 3283 1720 3334 pinnariim
1734 3279 1970 3334 similitudine
1988 3279 2207 3334 ljterophqros
2225 3279 2380 3332 appella-

2344 3339 2384 3369 ta
