2483 3616
329 174 1562 245 METAMORPHOSEON
1635 181 1888 235 1.11÷.Il.

2066 195 2162 247 145

332 289 486 360 Eque
509 282 633 337 Deo
657 295 851 351 corpus
872 278 965 333 fies
990 279 1277 351 exsangue:
1315 277 1576 351 Deusque
1591 319 1606 343 ‚

333 359 444 430 Qui
468 354 636 410 modo
665 369 859 424 corpus
883 369 1020 406 eras:
1062 351 1117 406 δε
1142 352 1222 407 bis
1247 364 1336 405 tua
1361 351 1466 404 fata
1492 351 1726 406 novabis,

329 431 424 486 Tu
447 444 692 501 quoque,
731 443 852 480 care
874 438 1050 496 pater,
1085 441 1197 479 non
1215 423 1321 494 jam
1346 424 1612 488 mortalis,
1652 423 1705 477 &
1732 422 1871 477 aevis

192 511 292 573 650
328 500 591 557 Omnibus
616 511 676 553 ut
706 515 942 561 maneaS,
980 496 1226 551 nascendi
1248 497 1366 567 lege
1390 509 1629 560 creatuS,

325 573 480 630 Poffe
505 572 645 627 mori
671 571 852 644 cupies
878 583 1023 633 tum,
1060 587 1186 625 cum
1209 568 1517 623 cruciabere
1542 568 1687 623 dirae

322 645 589 718 Sanguine
612 643 868 717 serpentis
890 683 906 707 ‚
950 659 1044 714 per
1068 641 1238 696 saucia
1261 641 1501 695 membra
1523 651 1763 713 recepto,

321 719 517 799 Teque
543 735 612 772 ex
634 731 854 772 aeterno
914 716 1169 770 atientem
1192 714 1408 768 numina
1431 714 1619 768 mortis

324 791 616 851 Efficient;
657 790 864 861 triplice
888 806 993 860 que
1016 788 1167 842 Deae
1192 799 1281 840 tua
1305 787 1389 841 fila
1413 787 1695 841 resolvent.

182 871 277 939 655
319 864 572 920 Restabat
596 863 713 916 fatis
736 860 961 934 aliquid:
1002 859 1216 930 suspirat
1241 858 1304 913 ab
1327 858 1444 912 imis

321 935 663 999 pedoribus,
701 935 1053 1004 lacrimaeque
1078 932 1225 1001 genis
1254 931 1499 985 labuntur
1524 933 1773 985 obortae:

324 1013 511 1083 Atque
537 1008 637 1071 ita,
672 1007 1053 1067 Praevertunt,
1089 1003 1290 1075 inquit,
1329 1020 1416 1056 me
1440 1002 1575 1064 fata3
1617 1017 1881 1076 vetorque

321 1083 482 1138 Plura
507 1080 655 1152 loqui
675 1103 689 1141 3
730 1078 985 1150 vocisque
1009 1093 1159 1130 meae
1183 1074 1547 1147 praecluditur
1569 1075 1704 1129 usus,

324 1156 455 1211 Non
476 1153 683 1208 fuerant
705 1162 841 1204 artes
867 1150 1024 1212 tanti,
1061 1165 1197 1221 quae
1223 1147 1451 1201 numinis
1476 1147 1609 1202 iram

184 1234 287 1284 660
324 1227 660 1283 Contraxere
683 1222 829 1278 mihi.
869 1222 1083 1277 mallem
1106 1218 1319 1275 nesciffe
1343 1219 1535 1274 futura.

2046 1295 2168 1366 Jam

38 1402 65 1439 fi
93 1408 217 1439 tamen
248 1399 385 1448 ediscere
411 1397 472 1436 hic
492 1397 636 1446 placen
661 1406 740 1436 non
771 1395 982 1446 repugnabo
1013 1392 1070 1432 ni-
1124 1388 1235 1429 fieris.
1286 1388 1467 1442 Exfang‘ue
1493 1387 1607 1443 cerpus
1638 1391 1794 1431 cadaver
1828 1397 1945 1429 notat.
1977 1389 2080 1440 Virg.
2106 1389 2172 1429 lib.

37 1451 199 1496 mis‚sed
211 1450 352 1488 Ovidio
364 1449 585 1499 peculiarem
609 1456 698 1485 tunc
717 1448 823 1497 hujus
846 1447 946 1485 verbi
965 1445 1069 1484 usum
1125 1442 1283 1491 superius
1305 1445 1439 1481 citato:

33 1500 160 1552 fuiffe,
185 1501 455 1539 adfirmandum
477 1499 538 1536 est.
571 1498 827 1536 BURMANNUS.

86 1564 173 1603 939.
197 1551 395 1601 Canama]
434 1549 603 1587 Movebat
633 1549 701 1587 sec.
729 1550 801 1587 Pal.
822 1560 914 1586 unus
945 1546 1070 1585 Medi-

1177 1512 1279 1521 ———-
1308 1495 1500 1545 Corpusque
1519 1494 1685 1544 exſszngue
1697 1493 1848 1543 sepulcro

1126 1545 1292 1581 Reddidit
1314 1548 1524 1583 Hectoreum.
1562 1544 1750 1583 Interdum
1772 1542 1947 1593 pallidum
1973 1572 1983 1589 ‚
2011 1544 2050 1582 ὃς
2070 1543 2172 1582 Italia?

32 1615 117 1641 ceus
131 1632 142 1649 ,
169 1602 337 1640 monebat.
364 1601 466 1652 quod
486 1600 616 1649 placet.
636 1611 724 1637 nam
747 1613 879 1637 monere
910 1598 959 1637 est
990 1610 1072 1636 ver·
1127 1594 1170 1632 ce
1190 1595 1322 1633 dicitur
1334 1596 1476 1645 smorto.
1508 1596 1630 1633 Attius
1651 1596 1832 1644 Erigona:
1856 1598 2087 1645 Qamquam
2109 1607 2170 1630 ex-

36 1653 125 1691 bum
185 1661 324 1691 vatum.
386 1653 592 1689 HEINSIUS.
649 1650 819 1688 Offendit
869 1658 967 1687 certe
1013 1661 1072 1686 re-
1118 1646 1250 1695 fimgue
1269 1646 1313 1693 est
1336 1657 1450 1697 corpus
1472 1647 1702 1696 mihi,atque
1723 1646 1825 1682 annis
1842 1655 1971 1696 patret.
2001 1646 2170 1682 C101=AN⁹

40 1705 172 1753 petiti-o
192 1703 269 1741 soni
293 1704 369 1740 fere
391 1702 552 1752 ejusdem
581 1714 713 1738 arcana
744 1700 898 1738 canebat.
944 1702 1072 1749 Quare

31 1766 103 1792 nec
135 1754 225 1792 mihi
246 1753 405 1791 monebat
424 1752 634 1801 displiceret.
670 1751 717 1788 fic
750 1751 877 1789 Tibul.
907 1763 934 1788 1.
967 1751 1069 1799 Eleg.

35 1816 123 1843 VII.
148 1805 205 1852 56.
232 1809 390 1842 Eventus
420 1818 500 1854 quos
530 1803 593 1839 dea
625 1816 752 1852 magna
781 1812 906 1839 monet.
942 1801 1003 1839 ubi
1033 1813 1071 1839 V.

33 1854 195 1893 Broukh.
221 1856 260 1893 ὃς
282 1855 400 1892 Barth.
431 1854 478 1892 ad
511 1853 597 1890 Stat.
633 1864 688 1891 11.
708 1852 830 1890 Theb.
863 1852 949 1899 696.
974 1853 1071 1890 Gro-

38 1918 128 1945 nov,
179 1905 295 1944 Diatr.
338 1905 424 1942 Stat.
465 1903 525 1941 26.
563 1903 611 1941 fic
652 1903 748 1952 apud
804 1904 938 1940 Horat.
991 1915 1073 1941 111.

38 1956 114 1995 Od.
146 1969 206 1994 vr.
236 1955 402 2003 Hzstorias
432 1969 565 1993 monere
598 1954 745 2003 plurimi
776 1953 934 1991 codices.
972 1954 1073 1992 Geb-

39 2005 154 2044 hardo
176 2006 234 2044 lib.
262 2019 274 2043 1
289 2019 318 2043 1.
341 2007 449 2054 Crep.
474 2019 508 2043 v.
533 2005 694 2043 movebat
715 2004 860 2053 placuit.
890 2004 1020 2042 Buam.

90 2057 177 2103 640.
206 2057 374 2094 Vaticinos
392 2056 568 2105 furora]
607 2055 778 2092 Faticinos
808 2055 846 2092 in
876 2055 1071 2092 nonnullis.

40 2106 107 2145 nifi
127 2107 228 2156 quod
248 2109 298 2143 Tb
310 2108 476 2153 fatidicos
494 2106 679 2144 Urbinatis
696 2105 776 2143 libri
795 2106 910 2154 magis
929 2105 1072 2143 arridet.

44 2157 130 2204 quia
160 2157 299 2194 canebat
318 2157 514 2206 praecessit.
550 2156 703 2204 Alioqui
724 2156 894 2192 vaticinos
925 2168 1004 2193 non
1025 2156 1073 2193 est

47 2204 307 2243 sollicitandum
323 2235 332 2251 ‚
357 2219 377 2245 a
398 2207 511 2245 verbo
543 2207 728 2243 vaticinor.
753 2206 841 2242 hinc
862 2207 1075 2242 vaticinato-

49 2268 100 2291 r-es
122 2257 159 2292 ὃς
181 2257 349 2293 vaticinia
370 2286 382 2302 ‚
417 2270 488 2306 qua
509 2269 604 2295 voce
626 2256 678 2293 usi
700 2255 877 2304 Apulejus
906 2257 945 2293 &
975 2257 1079 2293 Mar-

48 2306 171 2359 cianus
202 2306 357 2351 Capella.
391 2309 656 2345 Vaticinationes
688 2306 778 2344 dixit
821 2306 966 2344 Cicero.
1001 2306 1077 2345 vid.

47 2356 129 2392 lnfr.
154 2366 212 2392 xv.
233 2354 317 2401 436.
343 2367 394 2391 rx.
415 2358 498 2401 4²8-
523 2359 731 2395 HfimsruS.

100 2405 182 2451 641.
211 2405 379 2452 Clausum
408 2406 574 2455 μῆνα]
623 2407 711 2444 Vid.
744 2406 916 2446 Gronov.
947 2407 993 2445 ad
1022 2407 1081 2445 lib.

45 2466 155 2494 vixi.
178 2455 279 2492 Statii
299 2454 418 2492 Theb.
444 2455 527 2492 226.

101 2506 182 2551 642.
211 2505 524 2554 Totiquesalutifhr
545 2504 646 2554 orbi]
676 2505 758 2541 Urbi
770 2506 888 2543 Gebh.
911 2519 957 2543 11.
973 2507 1081 2554 Crep.

50 2569 85 2605 ς.
107 2558 145 2594 &
166 2556 210 2594 de
233 2557 356 2593 Roma
390 2557 508 2604 capit,
534 2567 609 2604 quo
638 2554 824 2593 translatus
855 2556 976 2603 postea
997 2557 1084 2604 Epi-

50 2606 164 2644 dauro
198 2607 265 2643 fuit
296 2605 540 2654 Aesculapius.

104 2658 190 2703 646.
220 2655 436 2693 prohibebere
446 2654 563 2692 avitei.
577 2654 592 2704 ]
622 2655 679 2692 Sic
693 2655 740 2692 est
752 2656 787 2691 in
801 2666 889 2692 meo
902 2656 1085 2704 antiquio-

52 2721 101 2748 re.
132 2708 195 2745 Ast
224 2707 261 2743 in
293 2707 390 2750 aliis,
419 2705 622 2743 Prohiberis.
658 2705 825 2741 CIOFAN.
865 2706 1085 2753 Recepimus

47 2758 233 2810 prohiberis
256 2785 266 2802 ‚
293 2756 394 2805 quod
429 2767 559 2793 omnes
592 2757 667 2793 fere
698 2755 843 2792 codices
873 2755 1019 2792 habent.
1047 2756 1087 2792 δε

51 2812 100 2849 ita
128 2809 253 2847 decet:
282 2814 380 2843 vates
411 2807 510 2843 enim
534 2807 676 2849 futura,
702 2814 742 2843 ut
773 2805 994 2853 praesentia,
1024 2805 1087 2842 fibi

54 2860 193 2907 fingunt
223 2859 261 2894 ὃς
291 2856 427 2894 vident.
467 2856 514 2893 fic
547 2857 585 2893 in
617 2855 718 2892 Ibide
755 2868 834 2904 ης.
862 2867 907 2892 ex
939 2856 1086 2904 optimis

54 2909 256 2948 codicibus:

107 2959 294 2995 Eveniunt.
319 2957 414 2994 dedit
433 2956 496 3006 ipse
518 2955 606 2993 mihi
627 2957 724 2993 modo
737 2954 838 3005 signa
850 2956 972 3003 futuri

158 3007 315 3044 Phoebus.

58 3059 169 3105 vulgo
183 3086 193 3103 ,
218 3058 397 3113 Epenient.
419 3055 548 3105 Virgil.
575 3067 647 3094 vn.
669 3056 730 3105 98.

111 3114 254 3144 Exterm
274 3109 421 3145 veniunt
437 3107 560 3156 generi.

58 3168 99 3197 ut
127 3157 237 3195 editio
259 3157 409 3195 Heinsii.
447 3157 559 3206 vulgo
590 3157 741 3195 venient.
767 3156 842 3195 vid.
860 3157 900 3195 &
920 3156 978 3196 lib.
999 3170 1043 3195 xt
1055 3169 1085 3196 1.

57 3223 117 3249 20.
154 3207 408 3245 Buamuuus.

107 3259 189 3305 647.
216 3261 309 3306 Eque
329 3262 400 3294 Deo
420 3268 531 3307 corpus
543 3257 606 3308 fies
625 3257 831 3309 exfiwgue.]
853 3257 897 3298 Id
917 3258 965 3297 est
979 3270 1087 3309 ‚mo-3

158 3312 253 3346 Tam.
280 3312 327 3347 ΙΙ.

1178 1698 1262 1752 ῤ49.
1290 1704 1393 1734 Nunc
1414 1696 1661 1746 immortali5.]
1688 1702 1768 1733 Non
1782 1696 1863 1744 jam
1886 1695 2043 1733 mortalis
2066 1693 2168 1732 casti·-

1125 1754 1292 1796 gatiores.
1334 1749 1540 1786 Hmusms.
1578 1747 1664 1784 Vid.
1690 1746 1736 1784 ad
1756 1746 1816 1783 lib.
1838 1759 1871 1783 11
1905 1746 1988 1784 Art.
2010 1757 2071 1795 93.

1180 1798 1263 1847 654.
1292 1799 1512 1849 Triplicesque
1534 1805 1628 1835 Deae
1650 1808 1712 1834 tua
1727 1796 1792 1845 fila
1815 1796 2024 1846 refhlvent.]
2064 1795 2169 1833 Alter

1127 1848 1264 1898 Regius
1286 1877 1296 1894 ‚
1322 1849 1516 1886 revolvem.
1554 1847 1603 1890 εἷς
1629 1849 1816 1884 τουυεὶντον
1851 1845 1996 1891 τρέφειν
2032 1847 2093 1882 τὶν
2128 1845 2175 1880 22-

1129 1912 1301 1945 ατρακτον,
1324 1900 1481 1938 Luci-ani
1502 1902 1590 1943 Ζεὺς
1612 1898 1868 1946 ἐλεγχόμενος.
1886 1896 2092 1946 Propertius
2112 1894 2174 1934 hb.

1128 1961 1182 1986 xv.
1205 1950 1310 1999 Eleg.
1332 1963 1408 1987 vn.

1179 2000 1274 2046 Juro
1295 2014 1347 2050 ego
1360 2003 1524 2048 fatorum
1545 2000 1634 2038 nulli
1656 1999 1840 2044 revolubile
1856 1998 1992 2047 stamen
2006 2026 2016 2041 ‚

1231 2053 1533 2102 Tergeminumque
1554 2065 1672 2088 canem
1685 2066 1694 2094 ;
1716 2049 1766 2099 fic
1789 2050 1877 2087 mihi
1898 2049 1997 2087 molle
2011 2048 2121 2097 fimet.

1127 2102 1176 2138 ita
1205 2101 1379 2142 scribendi
1407 2102 1460 2139 isti
1489 2101 1618 2139 versus.
1656 2113 1744 2138 nam
1777 2101 1914 2149 vulgati
1937 2127 1947 2142 ,
1983 2096 2170 2135 revocabile

1130 2165 1292 2197 carmen,
1319 2154 1360 2190 ὃς
1392 2152 1672 2202 Tergemimefijue
1696 2151 1801 2187 canis.
1839 2150 1967 2187 vetusti
1991 2148 2135 2186 codices
2160 2174 2173 2188 2

1131 2202 1316 2240 revolubile
1338 2216 1486 2240 carmen.
1514 2203 1616 2252 quod
1638 2213 1705 2249 pro
1729 2201 1995 2238 cai-minatione
2017 2194 2172 2247 posuiffe

1132 2254 1264 2301 potuit.
1296 2253 1398 2291 Silius
1417 2253 1476 2291 lib.
1499 2265 1543 2290 11.
1570 2253 1649 2290 181.
1676 2252 1720 2288 de
1740 2251 1947 2298 Penelope:

1186 2303 1334 2341 Fallacis
1356 2304 1452 2341 toties
1471 2303 1625 2341 revoluto
1636 2302 1784 2350 stamine
1807 2301 1902 2338 telae.

1133 2352 1265 2392 Statius
1283 2355 1406 2393 Theb.
1427 2367 1500 2392 viI.
1525 2367 1606 2401 774.

1187 2424 1250 2432 —-
1277 2407 1433 2442 Immites
1445 2405 1511 2454 scis
1535 2405 1633 2442 nulla
1652 2402 1826 2439 revolvere
1852 2407 1980 2437 Parcas

1137 2456 1311 2493 Stamina.
1335 2456 1395 2493 lib.
1417 2467 1507 2492 v111.
1534 2468 1590 2503 59.
1617 2454 1746 2489 iterata,
1771 2453 1928 2501 fhrcrecm
1955 2448 2073 2499 pense'z.
2112 2449 2177 2495 Sci

1137 2514 1229 2540 neca
1249 2506 1411 2542 Hercule
1432 2505 1599 2542 Furenti:

1190 2559 1313 2590 Durae
1328 2564 1498 2603 peragunt
1515 2556 1617 2603 pensa
1631 2554 1759 2602 sbrores
1774 2581 1785 2598 ,

1191 2609 1261 2640 Nec
1274 2604 1342 2652 sua
1363 2615 1451 2640 retro
1465 2604 1532 2651 fil.z
1554 2605 1753 2640 revolvunt.

1141 2663 1286 2690 retexere
1307 2654 1397 2691 dixit
1418 2654 1551 2691 Noster
1571 2655 1665 2691 Met.
1689 2667 1722 2690 X.
1753 2666 1810 2702 30.

1192 2705 1376 2752 Eurydices
1389 2733 1399 2749 ‚
1427 2719 1480 2740 oro
1494 2733 1505 2748 ,
1525 2714 1707 2754 properata
1729 2704 1870 2741 retexite
1881 2703 1959 2752 fila.

1141 2764 1219 2791 non
1242 2763 1281 2792 ut
1301 2756 1339 2792 in
1362 2754 1512 2803 vulgatis
1534 2755 1663 2804 legitur
1687 2783 1695 2797 ,
1715 2757 1813 2802 fata.
1856 2769 1968 2791 renere
1988 2754 2026 2791 in
2059 2754 2179 2792 Fastis.

1142 2802 1187 2840 de
1209 2816 1284 2853 quo
1306 2805 1419 2842 verbo
1442 2805 1525 2842 vide
1547 2818 1640 2855 quae
1659 2813 1830 2842 notamus
1852 2804 2031 2853 Epicedio
2070 2804 2176 2841 Druli

1139 2853 1193 2895 Jc'ls.
1216 2868 1300 2900 444.
1324 2856 1479 2893 Lucano
1501 2856 1559 2892 lib.
1582 2869 1632 2892 vx.
1657 2867 1739 2903 705.
1771 2856 1910 2904 reperim
1933 2855 2083 2898 sororum
2095 2855 2173 2901 fila.

1141 2904 1231 2941 Hoc
1249 2913 1375 2943 tamen
1408 2906 1560 2943 Nasonis
1583 2907 1670 2943 loco
1695 2905 1713 2942 {1
1736 2907 1881 2954 vulgata
1908 2906 2067 2942 lectione
2098 2915 2175 2940 non

1139 2953 1190 2990 est
1211 2963 1351 2993 temere
1379 2956 1639 2994 recedendum.
1668 2965 1706 2993 ut
1720 2956 1786 3003 fila
1809 2956 1975 3004 resolvent
1999 2983 2009 2998 ‚
2037 2965 2103 3001 pro
2126 2952 2177 2988 sea

1140 3004 1298 3051 cabunt,
1328 3007 1467 3045 dixerit.
1502 3009 1699 3045 Hfimsms.
1724 3006 1821 3043 Vide
1844 3006 2002 3042 Eroukli.
2025 3002 2069 3039 ad
2092 3002 2178 3038 Pro-

1139 3063 1229 3101 pert.
1253 3069 1305 3094 1v.
1328 3070 1362 3103 7.
1386 3070 1443 3105 51·
1466 3059 1503 3095 δε
1526 3059 1571 3095 ad
1603 3058 1660 3094 Sil.
1689 3069 1718 3094 1.
1752 3069 1832 3104 ¹¹5·
1864 3056 1919 3092 Cl.
1942 3051 2126 3090 Drakenb.

1191 3106 1276 3154 657.
1301 3114 1561 3153 Praevertunt,
1587 3108 1726 3158 inquit,
1756 3104 1969 3152 mea-fleta]
2009 3108 2091 3144 Me,
2117 3102 2174 3136 in-

1142 3156 1220 3206 quit
1234 3185 1244 3201 ‚
1267 3171 1342 3194 mea
1356 3161 1442 3206 fieta
1456 3159 1641 3207 ,plerique
1663 3166 1815 3194 veteres.
1834 3156 1892 3192 sex
1907 3182 1916 3197 ‚
1932 3162 2177 3202 praevertam.

1141 3208 1280 3257 inquit,
1308 3222 1360 3245 me
1372 3211 1470 3255 fata.
1501 3209 1610 3246 recf'te.
1649 3209 1788 3244 HEst.

1192 3257 1276 3306 658.
1305 3259 1457 3310 Vocisque
1479 3272 1571 3296 meae
1584 3257 1821 3309 praecluditur
1840 3252 1958 3303 uffa]
1994 3251 2100 3291 idem
2123 3252 2178 3288 di—
