2483 3616
146 159 334 217 ··1066

661 155 723 213 P.
795 146 1210 210 OVIDII
1281 147 1820 213 NASONIS

493 271 629 330 Dira
654 272 765 327 lues
789 265 1067 342 quondam
1090 263 1274 319 Latias
1296 264 1574 323 vitiaverat
1599 288 1776 337 auraS‚

491 346 802 415 Pallidaque
825 338 1077 412 exsangui
1101 336 1406 412 squalebant
1431 357 1660 413 corpora
1682 344 1825 399 tabo.

492 416 789 474 Funeribus
817 412 934 469 feffi
960 412 1240 486 postquam
1264 414 1509 467 mortalia
1532 429 1761 468 cernunt

492 492 859 546 Tentamenta
882 486 1042 551 nihil,
1078 486 1212 541 nihil
1233 498 1371 541 artes
1393 485 1541 561 posse
1568 487 1915 553 medentum;

343 573 446 635 630
484 563 765 618 Auxilium
790 560 1019 616 coeleste
1047 574 1238 633 petunt
1265 578 1276 614 ε
1318 560 1664 633 mediamque
1695 573 1940 616 tenentes

491 636 653 694 Orbis
677 636 902 692 humum
930 633 1173 707 Delphos
1199 633 1427 701 adeunt,
1469 635 1681 690 oracula
1707 632 1942 690 Phoebi:

188 853 241 891 {ia
263 851 364 889 enim
385 851 507 902 scripti
527 851 697 890 nonnulli
710 865 723 895 3
751 861 831 889 non
842 847 991 888 undam.
1020 846 1244 889 Claudianus

188 902 304 945 Cous.
329 902 486 952 Olybrii.
516 904 599 940 226.

239 953 298 1000 Est
318 953 358 991 in
380 954 540 991 Romuleo
552 952 776 1003 procumbens
794 952 915 999 insula
938 951 1060 997 Tibri,

239 1006 326 1052 Qu
349 1005 481 1042 medius
496 1005 651 1053 geminas
668 1004 843 1055 interfluit
862 1017 986 1040 alveus
1005 1003 1119 1043 urbes.

187 1064 295 1092 vetus
316 1055 500 1105 inscriptio
511 1056 605 1104 apud
621 1056 760 1094 Aldum
774 1057 812 1094 in
823 1055 1099 1104 orthographia
1112 1068 1148 1105 p.
1159 1055 1246 1094 616.

188 1108 248 1142 Ex
278 1105 407 1143 decreto
439 1107 569 1145 ordinis
595 1108 735 1157 corporis
768 1107 983 1156 Piscatorum
1010 1118 1054 1147 ω·
1086 1107 1246 1145 urinato-

189 1168 272 1193 rum
301 1157 408 1194 totius
432 1160 528 1196 alvei
559 1159 703 1198 Tiberis.
731 1158 894 1207 agnoscit
915 1158 1069 1207 quidem
1092 1160 1133 1197 ὅ(
1151 1158 1243 1196 Pris-

187 1208 312 1245 cianus
339 1208 399 1245 lib.
421 1221 475 1247 xv.
506 1221 586 1259 pag.
611 1210 692 1259 582.
722 1211 764 1247 ’τὸ
788 1208 973 1258 Thybridis
1001 1209 1094 1255 alti,
1121 1209 1182 1249 sed
1205 1210 1245 1248 &

184 1256 286 1295 idem
316 1259 494 1299 mendose
522 1261 628 1300 versu
660 1263 834 1311 proximo
857 1260 1024 1310 dejecerat
1044 1259 1140 1299 urbis
1160 1273 1246 1310 pro-

184 1308 267 1346 fert.
300 1309 466 1349 similiter
496 1313 607 1350 etiam
626 1322 820 1360 peccatum
844 1314 879 1348 in
902 1311 1054 1351 auctore
1077 1313 1122 1350 de
1144 1313 1242 1351 Viris

179 1357 309 1398 illustr.
321 1363 395 1399 vita
410 1362 588 1402 Claudiae
606 1364 760 1401 Vestalis
778 1377 785 1400 :
817 1363 1016 1400 Hannilale
1028 1363 1174 1402 Italiam
1185 1364 1243 1401 de-

183 1412 367 1457 vastante,
405 1424 448 1453 ω’
477 1415 623 1464 responso
653 1414 822 1452 librorum
849 1413 1098 1462 Sibyllinorum
1129 1426 1243 1453 mater

179 1460 299 1499 Deam
319 1478 334 1500 e
358 1464 547 1511 Peffinunte
567 1465 742 1514 arceffita,
774 1479 851 1502 cum
873 1466 1017 1514 adverso
1039 1465 1152 1503 Tiberi
1176 1480 1238 1504 ve-

178 1510 318 1550 heretur
337 1515 376 1551 in
397 1515 470 1552 alto
483 1516 593 1563 stetit.
621 1517 753 1554 rectius
771 1517 849 1554 libri
870 1524 1012 1554 veteres
1026 1545 1036 1562 ,
1063 1516 1103 1554 in
1124 1517 1236 1556 alveo}

178 1564 318 1602 vadum
349 1565 553 1604 Tiberinum
584 1567 739 1606 Sueton.
768 1567 898 1606 Tiber.
927 1579 1004 1617 cap.
1027 1581 1059 1605 2.
1088 1569 1236 1607 Hfims.

175 1611 290 1654 Forte
317 1616 514 1667 scripserit,
541 1618 745 1670 circumflua
777 1618 949 1668 Thybride
972 1618 1096 1664 flavo,
1132 1620 1236 1670 quod

174 1674 397 1713 perpetuum
419 1670 528 1720 hujus
549 1670 653 1709 fluvii
674 1671 880 1720 epitheton.
913 1670 1043 1708 Bonis.

225 1717 309 1766 625.
338 1721 451 1759 Sacris
484 1721 648 1771 adjecerit
667 1721 802 1772 urbis.]
832 1721 874 1759 In
898 1733 986 1759 meo
1017 1723 1055 1759 &
1083 1722 1234 1762 Caelest.

175 1770 371 1818 Accefferit.
399 1771 442 1809 In
461 1784 537 1810 uno
560 1774 731 1811 Vatican.
751 1774 789 1811 δε
804 1772 883 1810 Urs.
900 1772 1085 1818 adjecerit.
1115 1774 1234 1823 Quod

174 1828 252 1856 non
284 1820 455 1876 displicet.
485 1824 655 1862 CrorAu.
686 1824 815 1873 Scripti
848 1825 1011 1863 maxima
1043 1836 1088 1863 ex
1109 1835 1233 1874 parte,

173 1869 363 1926 accesserit,
394 1872 451 1910 vel
472 1875 639 1922 arcesserit
653 1904 663 1921 ‚
692 1875 751 1914 vel
771 1877 953 1924 accerserit.
970 1888 1063 1914 unus
1078 1905 1087 1921 ‚
1116 1890 1235 1915 accen-

166 1919 266 1977 sent.
294 1922 461 1960 acciverit
492 1926 598 1972 prim.
616 1926 764 1965 Bonon.
785 1939 879 1965 unus
902 1939 1029 1972 meus,
1058 1928 1234 1977 asciverit.

173 1970 324 2028 Scribe,
351 1973 551 2022 adsciverit.
591 1976 642 2014 Di
668 1978 844 2026 indigetes
866 1979 925 2015 vel
951 1979 1147 2027 indigenae
1167 1980 1231 2018 ad-

172 2021 310 2060 seititiis
341 2025 639 2073 opponebantur.
666 2028 866 2075 quomodo
889 2029 1036 2066 nativus
1057 2041 1100 2069 ea·
1119 2031 1230 2076 adsci-

170 2081 230 2108 tus
259 2073 345 2123 lepor
371 2077 469 2124 apud
504 2075 697 2114 austorem
732 2078 831 2114 vitae
864 2079 1068 2127 Pomponii
1101 2081 1229 2118 Attici.

172 2123 361 2164 Ausonius
405 2127 452 2165 de
486 2128 686 2166 Antonino
721 2128 786 2165 Pio
809 2155 820 2173 ‚
867 2139 982 2177 quem
1020 2129 1230 2169 Hadrianus

170 2174 383 2221 adoptarat:

224 2227 337 2264 Orbus
358 2239 401 2267 φ’
421 2227 477 2266 hic
487 2230 666 2281 sociatque
682 2230 806 2267 virum
819 2229 1026 2267 documenta
1040 2229 1227 2278 daturum,

274 2279 413 2327 Adsciti
431 2291 607 2331 quantum
624 2283 866 2331 praemineant
883 2280 1020 2330 genitis.

169 2327 338 2368 Valerius
363 2333 572 2371 Maximus:
602 2334 742 2371 Genitos
772 2333 934 2383 nascendi
948 2332 1226 2380 sorssortuitum

167 2390 266 2426 opus,
294 2382 472 2432 adoptatos
494 2398 577 2421 vero
596 2396 639 2424 ω’
662 2385 808 2434 adscitos
830 2383 1100 2432 uniuscujusque
1113 2386 1225 2432 solido

164 2430 294 2478 judicio
320 2433 477 2472 incoacia
506 2435 675 2474 voluntas
689 2435 862 2486 producit.
890 2435 1023 2473 Statius
1043 2436 1223 2484 Epiceclio

169 2481 347 2522 Glauciae
366 2486 424 2523 lib.
449 2498 494 2523 11.
523 2487 611 2525 Siiv.
633 2501 660 2526 1.
685 2489 745 2526 86.

255 2584 261 2591 ·
351 2538 500 2574 Interius
520 2550 614 2575 nova
627 2539 727 2589 saepe
745 2538 946 2589 adscitaque
956 2537 1103 2588 serpunt

220 2590 366 2632 Pignora
396 2591 566 2626 connexis.
605 2590 668 2628 ubi
698 2603 851 2628 connexa
879 2591 1023 2639 pignora
1043 2617 1053 2634 ,
1091 2588 1225 2630 liberos

167 2637 358 2690 proprios,
381 2639 520 2687 adscitis
542 2642 703 2690 opponit
724 2656 733 2680 ε
762 2651 803 2680 ut
825 2649 995 2690 appareat
1009 2639 1106 2678 recte
1127 2642 1226 2680 Gro-

167 2696 326 2742 novium
357 2688 604 2730 doctissimum
637 2693 734 2741 apud
753 2693 915 2732 eundem
937 2691 1093 2730 Statium
1115 2705 1226 2742 repo-

167 2734 271 2792 suisse
302 2748 368 2784 pro
396 2740 534 2787 assertae
554 2744 662 2791 prolis
675 2773 685 2788 ,
715 2746 868 2793 adscitae
886 2743 1066 2781 Silvarum
1086 2744 1196 2783 initio
1214 2773 1225 2790 ,

167 2786 230 2844 ubi
261 2785 305 2824 de
328 2788 433 2844 Divo
460 2790 558 2836 Julio
590 2796 730 2842 agitur3
757 2795 911 2842 adscitae
940 2807 1084 2831 munere
1108 2795 1225 2845 prolis.

166 2843 309 2875 Primus
327 2848 393 2875 iter
414 2840 531 2887 nostris
551 2841 691 2888 ostendit
710 2848 749 2882 in
769 2846 910 2883 aethera
933 2845 1051 2881 Divis.
1080 2848 1140 2884 ubi
1163 2847 1224 2884 ilie

164 2890 266 2936 plura
295 2890 339 2926 ad
360 2902 451 2927 rem.
477 2890 640 2939 apposite
666 2894 879 2933 Prudentius
903 2895 995 2932 libro
1021 2907 1067 2934 11.
1095 2905 1223 2935 contra

159 2940 431 2989 Symmachum
458 2954 467 2979 ι

219 2993 341 3028 Cernis
361 3004 399 3027 ut
423 2991 564 3043 antiqui
576 2993 708 3043 semper
727 2993 868 3042 vestigia
890 2996 995 3034 moris

217 3041 383 3091 Gressibus
399 3044 537 3080 incertis
556 3046 656 3081 varie
674 3045 832 3094 titubaffe
850 3047 1032 3094 probemur
1044 3074 1055 3093 ‚

215 3095 441 3143 Adsciscendo
463 3095 537 3130 deos
554 3096 743 3143 majoribus
762 3097 983 3147 incompertos
995 3107 1010 3136 ἒ

214 3150 317 3194 Seque
335 3146 510 3194 peregrina
525 3145 589 3193 sub
608 3147 780 3195 relligione
800 3147 920 3197 dicaffe
939 3159 954 3187 ,ἓ

217 3202 283 3231 Νι
308 3209 394 3232 rztus
412 3196 560 3246 servasse
582 3198 690 3245 suos?
709 3200 1128 3248 quo.lcun7‹uefhcrorum
1145 3200 1212 3249 est,

215 3245 345 3281 Exulat
364 3275 370 3284 ,
399 3260 645 3295 exterminus-:c
944 3252 947 3254 ’

166 3296 295 3333 Noster
319 3297 425 3335 Pont.
451 3311 502 3336 iv.
525 3300 581 3337 fii.
602 3313 655 3338 ix.

667 3249 845 3287 immitam
868 3262 964 3288 vemt
985 3252 1023 3288 in
1046 3252 1179 3292 urbem.

2254 707 2355 765 Ut=

1354 854 1406 886 Tu
1430 857 1516 886 certe
1532 847 1597 894 siis
1616 846 1678 886 hoc
1691 846 1823 898 superis
1839 847 1971 899 adscire
1992 845 2158 899 videtque

1406 902 1548 950 Caesar.

1301 952 1437 990 Cicero
1457 952 1504 990 de
1530 951 1745 1001 aruspicum
1770 951 1986 1001 Responfis:
2014 958 2123 990 Sacra
2134 949 2199 1000 ista
2215 952 2358 999 majores

1303 1004 1406 1050 nostri
1437 1017 1479 1041 ex
1512 1003 1666 1053 Phrygia
1697 1004 1832 1052 adscita
1864 1010 1993 1042 Romae
2025 1003 2290 1041 collocaverunt.
2318 1003 2358 1041 δί

1300 1054 1461 1093 Verrina
1487 1068 1557 1093 vu.
1587 1057 1755 1103 Quarum
1776 1054 1880 1102 sacra
1911 1062 1989 1104 Pop.
2020 1062 2197 1094 Romanus
2221 1053 2359 1103 adscita

1301 1118 1346 1146 εν·
1365 1116 1500 1155 accepta
1518 1116 1623 1144 tanta
1646 1106 1805 1154 religione
1824 1117 1953 1145 tuetur.
1982 1108 2031 1146 ita
2051 1108 2089 1145 &
2112 1105 2270 1150 Graeci,
2291 1105 2358 1154 qui

1298 1157 1364 1196 diis
1386 1158 1570 1208 indigenis
1592 1159 1630 1195 δί
1653 1160 1815 1203 πατρίοις
1834 1157 2052 1207 adscititios,
2080 1158 2136 1202 ἃ,
2153 1167 2193 1195 ut
2217 1155 2281 1205 ipfi
2300 1157 2359 1195 lo-

1297 1219 1485 1259 quuntur,
1505 1208 1690 1252 ἐπιθέτους
1709 1209 1962 1259 opponebant.
1989 1210 2136 1249 Gratius
2158 1209 2267 1248 initio
2281 1207 2361 1259 Cy:

1295 1270 1423 1300 neffet.

1347 1290 1589 1362 {qdscitaeque
1608 1320 1667 1349 tuo
1688 1312 1824 1351 comites
1837 1311 1906 1361 sub
1928 1312 2074 1351 numine
2091 1311 2213 1350 Divae

1351 1370 1506 1403 Centum
1526 1377 1642 1401 omnes
1658 1377 1851 1402 nemorum.
2056 1380 2060 1385 ·

1296 1415 1347 1453 ita
1369 1416 1473 1454 locus
1493 1414 1790 1454 mendofiffimus
1810 1414 2030 1454 scribendus.
2057 1413 2207 1463 Vulgati
2223 1440 2235 1459 ‚

1351 1467 1545 1514 Adscivere
1565 1477 1624 1504 tuo
1645 1466 1781 1504 comites
1792 1466 1860 1516 sub
1882 1465 2020 1504 nomine
2040 1466 2158 1503 divae.

1295 1525 1401 1557 vetus
1431 1517 1551 1556 codex
1579 1517 1732 1556 Thuan.
1769 1517 1984 1567 Adscisuere.
2020 1516 2088 1556 Sub
2119 1515 2262 1556 numine
2271 1531 2284 1562 ;
2315 1523 2356 1556 ut

1294 1569 1525 1619 Hippolytus
1546 1568 1650 1618 supra
1665 1597 1677 1614 ,

1347 1621 1505 1659 Numine
1522 1620 1587 1668 sub
1607 1619 1768 1658 dominae
1789 1619 1892 1659 lateo.

1293 1671 1427 1711 Statius
1449 1671 1631 1721 Epicedio
1661 1671 1775 1710 Patris
1794 1672 1856 1710 lib.
1876 1684 1911 1711 v.
1937 1684 1999 1711 111.
2026 1673 2108 1711 126.

1348 1728 1393 1760 Te
1413 1724 1454 1761 de
1469 1733 1569 1772 gente
1582 1724 1691 1772 suum
1713 1722 1825 1761 Latiis
1846 1723 1980 1773 adscita
1998 1723 2122 1761 colonis

1345 1776 1461 1824 Graja
1485 1776 1588 1821 refert
1610 1774 1696 1811 Selle
1707 1789 1720 1819 ;
1749 1775 1920 1825 Phrygius
1933 1788 2003 1826 qua
2019 1784 2124 1825 puppe
2141 1772 2300 1823 magister

1342 1826 1498 1864 Excidit.
1536 1828 1585 1864 ita
1615 1838 1661 1864 ex
1684 1826 1828 1864 vetusto
1847 1827 1978 1865 codice
1995 1825 2224 1864 scribendum
2242 1852 2254 1870 ,
2283 1825 2350 1864 nisi

1291 1877 1396 1928 quod
1419 1890 1438 1916 a
1460 1878 1562 1916 Statii
1583 1889 1698 1916 manu
1720 1878 1858 1926 opinor
1877 1878 1926 1916 est
1941 1907 1951 1922 ,
1980 1878 2091 1925 Graja
2113 1877 2217 1923 refert
2229 1877 2351 1925 Hyele,

1292 1940 1372 1967 non
1406 1928 1492 1966 Selle
1512 1957 1524 1975 ,
1562 1937 1624 1967 aut
1656 1928 1754 1967 Velie.
1790 1929 1838 1967 ita
1869 1931 1969 1967 enim
1992 1928 2128 1966 dietam
2149 1927 2352 1976 antiquitus

1289 1980 1418 2018 Strabo
1447 1981 1485 2018 &
1519 1980 1737 2018 Herodotus
1765 1979 1915 2018 docent.
1943 1989 2013 2016 nec
2042 1989 2110 2025 pro
2129 1977 2265 2025 adscita
2284 1990 2351 2017 ne-

1289 2030 1382 2069 cefl‘e
1417 2031 1591 2080 adscripta
1621 2030 1766 2078 reponi.
1813 2029 1928 2077 Apud
1963 2028 2169 2077 Apulejum
2193 2040 2349 2078 quoque

1289 2081 1523 2119 Milefiorurn
1551 2081 1659 2119 initio
1690 2080 1754 2118 vix
1783 2079 1937 2117 dubium
1969 2079 2017 2116 est
2037 2080 2131 2117 mihi
2155 2081 2247 2128 quin
2265 2080 2351 2119 scri-

1288 2131 1453 2170 bendum
1475 2132 1540 2176 fit,
1563 2132 1645 2179 jam
1674 2130 1758 2166 haec
1778 2129 1918 2181 quidem
1939 2129 2008 2179 ipsa
2032 2129 2125 2167 vocis
2145 2129 2351 2169 immutatio

1286 2181 1489 2229 desultoriae
1496 2181 1665 2228 scientiae
1678 2180 1759 2228 stilo
1773 2209 1781 2223 ,
1812 2194 1920 2230 quam
1945 2181 2166 2229 adsciscimus
2181 2209 2191 2226 ‚
2218 2186 2350 2233 respon-

1285 2232 1356 2270 deo.
1383 2233 1459 2270 hoc
1480 2233 1580 2270 enim
1601 2232 1679 2269 vult
1700 2230 1930 2270 doctiffimus
1949 2232 2102 2281 scriptor
2119 2260 2129 2277 ,
2164 2233 2200 2271 se
2222 2234 2260 2271 &
2279 2234 2350 2273 lin-

1284 2295 1396 2332 guam
1419 2283 1591 2320 Latinam
1606 2282 1842 2321 &scientiam
1856 2284 2057 2322 amatoriae
2068 2284 2118 2322 rei
2133 2311 2144 2328 ,
2169 2291 2345 2334 tanquam

1285 2335 1516 2384 peregrinam
1538 2332 1734 2372 adscivisse.
1762 2334 1876 2384 vulgo
1897 2333 2087 2382 accessimus
2102 2362 2113 2380 ,
2139 2335 2238 2372 unde
2261 2336 2348 2373 Sca-

1283 2385 1374 2434 liger
1391 2382 1585 2432 arceffimus
1605 2385 1832 2434 reponebat,
1859 2385 2061 2436 quomodo
2082 2386 2118 2424 &
2138 2385 2176 2424 in
2190 2386 2347 2427 Nasonis

1278 2436 1367 2475 loco
1390 2445 1529 2486 peccat.
1558 2436 1771 2476 Guntherus
1792 2437 1922 2486 Ligur.
1939 2449 1996 2475 iv.

1333 2502 1460 2541 Gallus
1480 2512 1556 2540 crat
1571 2530 1580 2547 ,
1610 2510 1782 2552 nuperque
1801 2501 1890 2540 dolis
1911 2502 2064 2553 adscitus
2083 2502 2217 2555 iniquis

1334 2554 1478 2603 Inscius.
1513 2554 1576 2592 lib.
1594 2565 1631 2591 v.

1333 2612 1406 2643 Nec
1427 2604 1551 2642 dubita
1567 2604 1667 2654 justis
1689 2610 1858 2643 Veronam
1876 2605 2058 2656 adsciscere
2076 2605 2196 2650 bellis,

1334 2661 1381 2694 Et
1402 2656 1516 2706 socias
1546 2654 1709 2693 adhibere
1728 2669 1867 2695 manus.
1892 2658 1955 2696 ubi
1977 2668 2170 2707 perperam
2193 2652 2312 2694 editur
2325 2683 2337 2702 2

1283 2708 1455 2755 &facias
1473 2706 1644 2744 adhibere.
1672 2707 1793 2755 postea
1808 2736 1818 2752 ,
2286 2731 2294 2736 -

1332 2764 1419 2808 Ergo
1441 2758 1514 2796 viri
1525 2759 1658 2805 fortes,
1687 2757 1784 2796 vobis
1804 2758 1977 2808 adsciscite
1993 2764 2147 2806 quantas

1333 2810 1491 2861 Qisque
1505 2809 1637 2859 potestis
1657 2818 1739 2858 opes.

1280 2863 1317 2901 ὃ(
1338 2873 1428 2900 mox
1443 2889 1453 2905 ,

1331 2923 1467 2960 Orabat
1488 2929 1606 2971 Regem
1620 2920 1737 2970 saevis
1757 2920 1903 2958 indicere
1924 2919 2052 2959 bellum

1327 2973 1520 3017 Gentibus,
1547 2973 1760 3022 ultoremque
1774 2972 1850 3020 suis
1872 2971 2052 3022 adsciscere
2063 2973 2173 3021 fabiis

1328 3023 1512 3061 Temabat.

1272 3086 1386 3123 Socias
1413 3098 1541 3123 manus
1567 3094 1606 3124 ut
1638 3086 1777 3135 liqueat
1803 3098 1866 3125 me
1896 3087 1994 3126 reete
2023 3088 2228 3138 reposuiffe.
2248 3091 2326 3142 pari

1273 3138 1391 3177 modo
1410 3138 1643 3175 Claudianus.
1667 3149 1718 3175 vi.
1744 3137 1857 3175 Cons.
1879 3138 2030 3178 Honor.
2051 3140 2135 3186 464.

1468 3194 1620 3236 Longum
1635 3188 1745 3236 fhcias
1761 3189 1974 3240 tardumque
1989 3192 2143 3242 putavit

1319 3239 1521 3286 Exspectare
1540 3253 1683 3279 manus.

1269 3304 1355 3343 Stat.
1379 3305 1504 3344 Theb.
1526 3318 1571 3344 Η.
1596 3318 1680 3355 591,

2246 3365 2324 3408 Af&
