2483 3616
160 2021 177 2039 ι,

256 170 357 223 544

404 292 505 393 P.
637 288 1277 395 OVIDII

1408 285 2252 393 NASONIS

257 569 2379 717 METAMORPHOSEON

684 872 1129 941 LIBER
1231 871 1300 938 O

1353 870 1987 941 CTAVUS.

957 1093 1104 1140 ΕΑΒ.
1140 1093 1177 1140 Ι.
1229 1093 1737 1141 ARGUMENTUM.

325 1214 478 1279 Scylla
513 1212 622 1261 Nifi
659 1213 754 1260 filia
786 1215 834 1260 in
867 1229 997 1260 avem
1034 1212 1195 1272 Cirin,
1231 1212 1280 1258 &
1316 1212 1458 1260 Nisus
1494 1225 1623 1277 patei·
1657 1214 1752 1277 ejus
1787 1212 1835 1257 in
1868 1226 1996 1257 avem
2035 1209 2326 1260 haliaeetum.

318 1347 468 1393 Asinos
492 1346 625 1406 Jovis
651 1345 705 1396 δέ
735 1345 925 1404 Europae
948 1346 1101 1405 filius,
1126 1359 1218 1389 cum
1232 1354 1406 1404 propter
1416 1346 1564 1405 filiunt
1576 1344 1843 1405 Androgeum
1868 1345 2166 1403 interemptum
2189 1343 2242 1388 ab
2268 1343 2398 1392 Athe-

253 1413 456 1470 nienstbus
472 1424 626 1470 poenus
661 1416 675 1434 ²
695 1421 924 1469 repeteret3
963 1410 1198 1473 ‘’Megara,
1222 1412 1266 1454 in
1289 1425 1371 1470 qua
1396 1411 1495 1455 urbe
1507 1409 1708 1471 regnabat
1720 1407 1878 1470 Nisus,
1912 1413 1928 1432 ⁶
1946 1411 2137 1454 continuo
2150 1424 2242 1454 cum
2270 1409 2396 1456 Athe-

252 1476 456 1537 nienstbus
490 1476 662 1534 acceffit.
699 1476 808 1539 ⁴‚Qua
828 1484 1096 1540 expugnata,
1130 1477 1270 1521 animo
1296 1485 1561 1536 conceperat,
1596 1477 1730 1535 occists
1753 1473 1931 1535 hostium
1953 1474 2198 1535 praeficitis,
2234 1470 2251 1498 ‘³
2271 1477 2398 1521 vitto-

303 1668 320 1686 ·
347 1656 552 1710 Repetcret.]
583 1665 716 1697 Peteret
740 1659 879 1698 Colon-

308 1711 326 1736 δ
357 1709 545 1760 Megara]
604 1711 655 1748 Ita
684 1711 763 1748 MS.
788 1709 1073 1754 &Veneta‚sed
1095 1709 1241 1759 Micyll.
1261 1711 1300 1748 &

255 1762 372 1799 Raen.
397 1762 635 1808 Megaram&
650 1761 731 1799 sane
752 1763 801 1800 ita
823 1761 1022 1798 declinavit
1044 1762 1154 1798 etiam
1171 1762 1300 1799 Livius

255 1813 331 1850 hoc
353 1812 573 1849 vocabulum
596 1811 654 1848 lib.
678 1823 778 1849 xxx1.
803 1824 879 1859 cap.
894 1824 951 1848 22.
974 1813 1012 1849 &
1027 1824 1081 1860 ις.
1103 1813 1298 1850 ubitamen

253 1869 402 1911 Megara
423 1861 680 1910 reponendum
713 1863 833 1899 censet
863 1863 1027 1900 summus
1061 1864 1116 1900 vir
1143 1863 1174 1909 J.
1196 1863 1300 1900 Fred.

258 1913 488 1950 Gronovius.
519 1912 601 1949 vide
622 1913 699 1961 ejus
716 1921 832 1950 notas.
862 1914 1080 1950 MUNCKER.
1118 1920 1301 1962 Megaram

253 1975 413 2006 omnes,
452 1974 540 2012 quas
572 1963 680 2007 vidi,
719 1963 914 2001 editiones.
944 1965 979 2001 in
1015 1965 1181 2002 editione
1210 1977 1299 2003 vero

253 2014 451 2051 Munckeri
473 2013 661 2061 legebatur
675 2042 684 2058 ‚
713 2014 751 2050 in
783 2028 852 2064 qua
870 2014 952 2051 urbe
973 2015 1140 2064 regnabat
1160 2016 1300 2061 Minos,

250 2064 377 2113 supina
397 2063 602 2101 admodum
621 2065 853 2113 negligentia.

302 2122 319 2141 ‘³
347 2115 520 2152 Continuo
540 2128 617 2151 cum
639 2114 941 2165 Athenienfibus.]
979 2117 1115 2154 Venet.
1137 2117 1175 2153 &
1205 2117 1302 2155 Cod.

254 2165 372 2213 Neap.
397 2165 571 2202 continua.
601 2166 744 2215 Micyll.
788 2168 944 2203 continue
977 2167 1036 2204 sed
1061 2167 1220 2204 continuo
1241 2168 1303 2205 be-

251 2228 299 2253 ne
321 2216 452 2253 habet:
482 2227 611 2253 verum
624 2228 691 2264 pro
705 2215 970 2265 Athenienfihus
992 2218 1152 2255 Historia
1173 2218 1301 2266 poscit,

251 2264 479 2314 Cretenstbus.
500 2267 770 2306 MurichRus.
825 2269 1004 2306 continua
1027 2269 1146 2306 Patrn.
1181 2269 1301 2318 Lugd.

257 2318 454 2365 contiguam
484 2318 628 2366 Micyll.
659 2319 694 2355 in
714 2320 833 2367 Marg.
860 2328 900 2357 ut
922 2321 1018 2357 forte
1039 2320 1265 2357 scribendum
1290 2349 1300 2364 ‚

257 2367 416 2415 contigui}
438 2366 729 2417 Athenienfibus:
759 2382 846 2407 nam
874 2371 995 2408 vicina
1017 2379 1119 2407 erant
1148 2372 1299 2419 Megara

260 2418 435 2455 Athenis:
477 2419 613 2456 Colon.
637 2420 744 2457 habet
759 2448 769 2463 ‚
800 2426 981 2468 Megaram
1003 2448 1013 2465 ‚
1040 2422 1078 2457 in
1100 2434 1170 2471 qua
1194 2422 1301 2469 Nisus

259 2479 318 2501 rex
339 2467 500 2515 regnabat
513 2497 523 2513 ,
551 2470 744 2518 contiguam
759 2471 1026 2520 Atheniensibus
1046 2471 1184 2519 obsedit.
1206 2473 1305 2509 omi-

258 2515 301 2552 sit
323 2528 410 2554 vero
428 2519 518 2556 haec
537 2521 603 2557 tria
623 2522 730 2558 verba
743 2523 899 2559 Raener.
921 2524 985 2571 qui
1007 2522 1122 2560 edidit
1135 2551 1145 2565 ,
1174 2523 1302 2571 Nisus,

260 2566 412 2612 acceffit;
441 2569 557 2605 animo
578 2571 668 2606 enim
692 2582 881 2621 conceperat
909 2587 947 2609 ea
969 2583 1189 2621 expugnata,
1217 2574 1301 2611 occi—

252 2614 365 2665 fisque
392 2617 426 2654 b.
448 2628 481 2666 p.
505 2621 538 2664 se
555 2621 664 2664 facile
690 2624 874 2659 victoriam
896 2628 1164 2672 consecuturum.

314 2664 331 2691 d
362 2670 541 2705 l'ibloriam
556 2670 712 2714 faciliter
733 2675 1023 2725 consecuturum.]
1056 2675 1111 2712 Ita
1135 2675 1216 2713 MS.
1240 2675 1300 2714 sed

260 2715 356 2754 Edd„
376 2717 418 2753 τὸ
431 2719 588 2763 faciliter
607 2721 789 2767 ignorant,
807 2725 866 2760 vel
882 2727 918 2771 fi.»
944 2738 1008 2773 pto
1033 2737 1079 2763 eo
1098 2727 1274 2764 exhibent
1287 2754 1298 2771 ‚

262 2776 303 2804 ut
322 2767 439 2805 forsan
462 2768 630 2816 scripserit
650 2771 800 2814 audior,
820 2774 929 2819 facile
950 2775 986 2822 se
1018 2776 1297 2824 constecuturum;

258 2817 326 2854 nifi
359 2820 499 2862 mavis,
519 2818 676 2863 faciliter
707 2823 974 2870 consecuturum.
1027 2827 1298 2865 Muncxmus.

261 2873 300 2904 Se
314 2867 423 2914 facile
443 2869 526 2906 vict.
555 2882 581 2905 c.
613 2870 691 2918 jam
724 2872 921 2910 Raenerius
951 2874 1074 2912 edidit.
1130 2877 1305 2923 Sedfaci-

258 2917 340 2954 liter
360 2932 437 2957 non
463 2919 597 2957 habent
629 2920 748 2969 Lugd.
782 2922 900 2959 Parin.
930 2925 966 2960 ὃ(
994 2926 1133 2973 Micyll.
1187 2928 1304 2964 Colo-

258 2969 392 3006 nienfis
412 2969 703 3019 itainteipolavit
720 2985 727 3007 z
759 2971 907 3020 Obsedit.
922 2978 1012 3008 Cum
1024 2987 1103 3010 vero
1114 2975 1237 3011 dubius
1250 2977 1306 3012 in-

256 3028 310 3055 ter
320 3020 477 3070 utrosque
490 3021 633 3057 victores
650 3022 1015 3069 jaffaretureventus‚
1035 3024 1176 3060 interim
1189 3025 1301 3072 Scylla

259 3069 340 3115 Nifi
350 3071 430 3117 filia
444 3073 542 3121 saepe
561 3071 690 3108 turrim
711 3073 890 3117 ascendens
905 3101 914 3116 ‚
924 3082 1056 3122 propter
1077 3073 1224 3122 lapidem
1238 3089 1300 3110 vo-

260 3120 391 3165 calem,
430 3122 490 3171 qui
520 3122 563 3158 ab
596 3122 769 3171 Apollinis
792 3124 928 3159 cithara
949 3124 1152 3172 superpofita
1174 3125 1298 3171 fimum

260 3182 441 3219 acceperat.
472 3173 668 3210 Raenerius
682 3174 754 3211 hoc
767 3174 906 3211 modo:
937 3174 1089 3222 ascendit
1107 3174 1301 3211 delectandi

257 3222 373 3266 gratia
388 3251 397 3266 ,
421 3232 554 3271 propter
583 3223 709 3273 lapides
730 3225 800 3266 eius
830 3224 971 3261 vocales,
992 3224 1028 3273 si
1043 3225 1118 3274 quis
1139 3226 1229 3261 enirn
1250 3239 1299 3263 eos

263 3270 387 3309 calculo
402 3271 595 3327 percussisti
610 3303 620 3322 ‚
650 3274 747 3314 haud
769 3275 871 3315 aliter
891 3289 930 3314 ac
942 3276 1083 3325 pulsata
1098 3275 1232 3315 cithara
1243 3275 1300 3327 in:

2295 1542 2400 1586 riam
2467 1555 2471 1564 ·

1343 1658 1524 1708 sonabant
1546 1675 1556 1696 :
1589 1658 1710 1709 Apollo
1728 1658 1821 1696 enim
1845 1656 2060 1699 aedificando
2087 1671 2186 1696 muro
2205 1666 2405 1696 navaturus

1354 1720 1513 1760 operam,
1540 1710 1654 1758 lyram
1669 1715 1769 1760 super
1787 1710 1913 1760 lapides
1935 1710 2105 1759 deposuit.-
2135 1709 2229 1758 cujus
2247 1710 2349 1755 sonus
2366 1708 2404 1747 in

1355 1774 1405 1797 eos
1423 1759 1563 1808 tranfiit
1604 1765 1632 1796 E
1655 1775 1753 1797 muro
1780 1761 1886 1810 igitur
1912 1762 2070 1798 Minoem
2088 1759 2165 1797 urbi
2191 1757 2405 1806 assidentem,

1355 1812 1453 1848 cultu
1479 1811 1584 1857 regali
1604 1811 1729 1848 bellicis
1760 1812 1858 1848 rebus
1878 1812 2027 1860 interesse
2058 1821 2098 1848 ut
2130 1810 2406 1856 animadvertit,

1350 1862 1615 1912 pulchritudine
1642 1863 1712 1911 ejus
1742 1863 1878 1910 exarsit.
1908 1874 1951 1901 (φ
1979 1875 2056 1898 cum
2082 1860 2242 1910 potiundi
2272 1860 2405 1898 nullam

1357 1914 1458 1950 viam
1480 1914 1654 1949 inveniret
1675 1913 1809 1955 altam,
1838 1913 2003 1949 vifftorem
2026 1911 2150 1958 hostem
2159 1912 2247 1958 fecit
2261 1921 2400 1960 ;purpu-

1358 1978 1454 2001 reum
1474 1964 1567 2011 patri
1586 1963 1772 2000 dormienti
1791 1964 1919 1999 crinem
1941 1962 2164 2010 abscindens,
2194 1976 2258 2010 quo
2270 1962 2402 2011 patriae

1347 2016 1435 2061 fata
1453 2014 1729 2051 continebantur.
1760 2027 1861 2062 quem
1884 2027 1961 2050 cum
1980 2014 2134 2061 reseratis
2151 2022 2259 2061 portis
2279 2021 2406 2062 accepte
2462 2025 2463 2028 ’

1358 2065 1445 2114 hoste
1463 2066 1511 2102 ad
1534 2066 1688 2101 Mino‘e‘m
1705 2063 1888 2114 pertulisset
1903 2064 1984 2108 ,ille
2004 2063 2296 2108 impiumjacinus
2307 2071 2402 2100 avari

1355 2118 1453 2164 satus
1473 2117 1526 2162 esi.
1559 2115 1744 2164 Noviffime
1771 2129 1847 2151 eam
1868 2115 2008 2163 navigio
2028 2115 2168 2162 recipere
2191 2113 2400 2152 noluitzPa·
2460 2140 2461 2143 κ

1360 2177 1412 2203 tre
1429 2169 1508 2216 jam
1530 2167 1567 2204 in
1586 2180 1689 2203 avem
1711 2166 1957 2214 transfigurato
1971 2193 1980 2208 ,
2007 2165 2067 2214 qui
2091 2165 2230 2201 Graecis
2249 2165 2401 2214 balyae‘e'-
2458 2178 2460 2190 ·
2481 2178 2483 2187 ¹

1360 2228 1416 2254 tus
1436 2219 1586 2262 dicitur,
1613 2230 1656 2257 ω’
1675 2218 1890 2268 persequente
1900 2215 2020 2264 filiam
2035 2244 2045 2260 ,
2073 2215 2137 2252 illa
2150 2229 2280 2267 quoque
2294 2216 2332 2253 in
2341 2227 2398 2253 vo·
2457 2242 2459 2259 2

1358 2268 1488 2306 luerem
1512 2269 1626 2305 Cirim
1647 2274 1746 2317 versa
1766 2268 1809 2313 est

1409 2327 1427 2346 e
1454 2319 1686 2367 Ads'cendit.]
1716 2319 1912 2362 Ascendens
1927 2317 2154 2366 Micylliana.
2183 2319 2397 2356 Musaeum·

1356 2376 1454 2419 Saepe
1473 2385 1614 2406 murum
1641 2369 1818 2417 adscendit
1852 2371 1970 2406 Parm.
1997 2370 2114 2406 Raen.
2133 2370 2232 2418 saepe
2262 2379 2396 2407 murum
2456 2403 2457 2406 ,

1360 2422 1566 2469 adscendens
1591 2422 1714 2470 Lugd.
1734 2421 1879 2469 Micyll.
2179 2441 2186 2447 ·

1410 2472 1426 2498 f
1450 2472 1655 2509 Delectandi
1675 2471 1836 2521 gratia]
1887 2472 2096 2511 Haemi-suffic
2114 2471 2252 2519 accipe.
2278 2469 2397 2519 Justl'nl

1362 2523 1443 2560 Lib.
1469 2536 1565 2560 xvix.
1588 2535 1624 2572 3.
1652 2522 1816 2559 Athenas
1835 2535 1966 2571 quoque
1990 2522 2169 2559 erudiendi
2182 2522 2302 2569 gratid
2321 2519 2397 2569 mis-
2452 2564 2454 2569 Δ

1350 2573 1414 2622 sus
1429 2602 1439 2618 ,
1466 2585 1598 2623 quanto
1621 2573 1748 2609 doctior
1770 2572 1980 2622 majoribus,
2007 2583 2108 2609 tanto
2129 2586 2169 2611 (φ
2199 2574 2330 2620 gratior
2343 2580 2396 2619 po-
2452 2605 2454 2609 ,

1352 2624 1434 2672 pulo
1451 2626 1533 2667 fuit.
1563 2625 1689 2671 Nepos
1712 2625 1823 2660 Attic.
1856 2635 1934 2671 cap.
1954 2637 1987 2671 9.
2017 2623 2124 2670 Hostis
2155 2623 2327 2660 Antonius
2336 2622 2396 2670 ju·
2452 2645 2453 2666 ;

1358 2674 1495 2711 dicatus
1523 2674 1633 2711 Italia*
1659 2673 1791 2722 cesserat
1815 2702 1825 2718 ‚
1855 2674 1930 2723 spes
1951 2673 2151 2722 restituendi
2184 2674 2282 2710 nulla
2314 2679 2394 2710 erat.

1358 2724 1446 2763 Infr,
1468 2725 1552 2763 Lib.
1569 2726 1646 2762 ‘xn.
1666 2725 1734 2761 fab.
1761 2736 1791 2760 1.
1829 2730 1923 2760 Inter
1944 2724 2218 2773 sacrificandum
2252 2721 2394 2774 obdublis
2450 2756 2451 2764 ,

1356 2774 1505 2812 nubibus
1519 2804 1529 2818 ‚
1558 2774 1583 2812 a}
1602 2774 1728 2810 Dianai
1745 2783 1846 2823 repta
1864 2775 1917 2822 est.
1946 2777 2171 2813 Muncxzn.
2450 2768 2451 2781 ¹

1405 2833 1423 2861 g
1451 2827 1524 2874 Qi
1547 2824 1758 2874 Apollinis]
1808 2826 1932 2874 Lege,
1961 2827 2026 2863 cui.
2058 2827 2234 2875 Interpres
2257 2824 2392 2863 Abdiae
2449 2823 2451 2829 '

1359 2876 1483 2926 Babyl.
1508 2877 1588 2915 Lib.
1620 2889 1647 2913 1.
1668 2877 1740 2924 §Qui
1761 2888 1838 2911 cum
1857 2876 2090 2927 promisiffiena2
2121 2873 2393 2925 exegitdmesa-
2448 2908 2450 2921 ι

1360 2939 1577 2964 eramentum
1595 2927 1877 2976 perseverantiae.
1908 2929 2030 2966 Etiam
2051 2928 2126 2965 istic
2146 2927 2199 2963 cui
2218 2935 2395 2973 reponen-

1360 2976 1463 3013 dum.
1516 2978 1586 3015 Sed
1619 2978 1704 3013 vide
1734 2986 1886 3024 tamen,
1913 2991 2008 3028 quae
2037 2978 2210 3016 annot-avi
2231 2975 2274 3014 ad
2294 2974 2399 3023 Hyge
2446 3015 2447 3018 Ἰ

1360 3025 1523 3073 Mythol.
1545 3039 1621 3075 cap.
1645 3039 1730 3063 220.
1759 3027 1874 3066 IDEM.

1406 3074 1424 3100 h
1456 3075 1622 3126 Positum]
1652 3075 1838 3123 Suppositus
1861 3081 2003 3129 Micyll.
2023 3078 2275 3127 Marg.sbnum
2287 3076 2392 3112 etiam
2446 3075 2447 3104 ἶ

1354 3124 1472 3162 Parin.
1489 3127 1612 3176 Lugd.
1632 3127 1776 3175 Micyll.
1795 3131 1858 3176 qui
1877 3131 1913 3168 in
1928 3130 2174 3180 Marg.sonum
2185 3133 2394 3169 attraxerat,
2444 3151 2446 3153 -

1355 3175 1415 3212 vel
1445 3177 1626 3216 didicerat.

1407 3224 1416 3252 i
1445 3227 1525 3263 Urbi
1544 3229 1783 3282 affidentem.]
1813 3231 1934 3268 Urbem
1953 3228 2156 3277 obfidentem
2178 3227 2311 3264 Colon.

1406 3278 1425 3328 ξ
1453 3278 1649 3330 Bellicssque
1667 3282 1803 3334 rebus.]
1839 3280 1973 3321 Bellicis
1993 3280 2090 3320 rebus
2112 3278 2247 3323 Colpn.
2266 3276 2327 3328 qui
2343 3274 2398 3366 81τᾶ
