2483 3616
275 178 1555 267 ,METAMoRPHosEoN
1625 182 1768 246 Lm.
1840 191 1945 255 vi.
2055 211 2156 266 409

187 314 282 365 315
318 295 516 365 Magna
539 287 905 361 gemelliparae
931 300 1249 343 venerantur
1272 288 1487 344 numina
1511 286 1701 344 Divae.

327 367 507 436 thue
529 363 616 425 fit,
654 361 683 414 a
706 359 845 415 fausto
871 360 1123 433 propiore
1149 361 1324 433 priora
1347 372 1633 415 renarrant.

323 438 373 492 E
397 433 586 508 quibus
610 449 744 486 unus
770 433 867 487 ait:
907 433 1111 505 Lyciae
1135 451 1351 506 quoque
1375 432 1559 488 fertilis
1582 431 1718 504 agris

323 506 490 563 Haud
512 506 730 577 impune
755 505 927 560 Deam
948 520 1154 560 veteres
1179 505 1423 578 sprevere
1450 506 1644 560 coloni.

324 579 436 633 Res
460 577 680 632 obscura
704 577 927 650 quidem
953 577 1028 632 est
1051 577 1380 650 ignobilitate
1404 578 1674 640 virorum;

183 668 286 719 320
321 650 465 705 Mira
489 664 680 704 tamen.
721 650 832 705 vidi
855 650 1093 722 praesens
1117 649 1460 722 stagnumque
1483 651 1770 723 locumque

325 722 584 793 Prodigio
609 729 816 777 notum.
855 740 976 777 narn
1003 722 1214 792 mejam
1239 722 1490 794 grandior
1515 739 1681 786 aev0‚

321 794 397 849 Im
437 795 706 867 atiensque
732 795 846 849 viae
870 795 1082 866 genitor
1109 794 1378 849 deducere
1402 794 1565 850 lestos

324 866 384 935 Ju
430 880 539 921 erat
562 867 688 922 inde
716 867 905 928 boves;
946 866 1224 938 gentisque
1249 867 1382 921 illius
1407 868 1555 923 eunti

321 938 433 1024 Ipse
457 939 652 995 ducem
676 939 915 993 dederat.
952 955 1077 991 cum
1099 955 1209 1008 quo
1237 939 1365 992 dum
1391 941 1576 1010 pascua
1597 941 1788 1006 lustm,

183 1030 281 1081 325
320 1011 467 1067 Ecce
493 1011 633 1066 lacus
657 1011 839 1065 medio
865 1009 1132 1063 sacrorum
1161 1010 1309 1081 nigra
1335 1010 1507 1066 favilla

326 1086 437 1138 Ara
461 1096 611 1138 vetus
634 1083 824 1145 stabat,
861 1081 1098 1136 tremulis
1123 1081 1451 1137 circumdata
1481 1084 1674 1138 cannis.

324 1156 570 1219 Restitit;
613 1154 668 1208 &
692 1154 915 1225 pavidO,
952 1152 1147 1207 Faveas
1172 1153 1331 1217 mihi,
1365 1171 1638 1209 murmure
1664 1153 1801 1211 dixit

321 1228 452 1282 Dux
473 1244 646 1281 meus:
687 1227 743 1279 δε
766 1226 945 1289 simili,
981 1224 1203 1290 FaveaS‚
1239 1243 1342 1296 ego
1367 1243 1638 1281 murmure
1665 1228 1794 1282 dixi.

325 1299 617 1361 Naiadum,
656 1297 890 1352 Faunine
927 1298 1066 1352 foret
1096 1311 1274 1352 tamen
1297 1316 1382 1350 ara
1407 1298 1687 1369 rogabam,

186 1393 209 1438 3
221 1389 286 1438 30
324 1370 674 1443 Indigenaene
699 1369 838 1433 Dei3
879 1387 1004 1425 cum
1029 1371 1146 1424 talia
1169 1369 1406 1426 reddidit
1429 1370 1631 1443 hospeS.

42 1582 96 1619 Ut
115 1579 261 1631 quidam
283 1578 437 1618 codices.
462 1578 574 1629 vulgo
593 1578 865 1629 retentat.quod
875 1587 1073 1629 utrumque

2033 1445 2160 1503 Non

1126 1579 1337 1618 Hnmsms.
1390 1579 1530 1617 Contra
1558 1578 1707 1628 scriptos
1739 1579 1829 1618 nihil
1857 1591 1997 1621 moveo
2020 1610 2032 1627 ,
2076 1595 2164 1622 cum

42 1633 194 1669 verbum
218 1631 314 1679 apud
344 1630 470 1668 Senec.
499 1629 545 1667 de
568 1630 703 1668 Brevit.
730 1631 826 1668 vitae
847 1642 924 1678 cap.
944 1644 979 1668 x.
1008 1641 1074 1667 oc-
1123 1630 1267 1679 grandis
1287 1639 1376 1666 natu
1394 1638 1537 1668 veteres
1558 1630 1682 1667 dixisse
1704 1639 1811 1669 notet
1830 1631 1998 1671 Donatus
2019 1632 2065 1670 ad
2084 1634 2166 1671 Te-

47 1682 168 1719 currit.
219 1687 299 1717 Non
334 1680 463 1716 audent
492 1693 532 1716 ea
557 1690 725 1717 retentare
746 1708 756 1725 ‚
801 1693 945 1730 quoram
980 1679 1073 1716 vitia
1128 1688 1218 1717 rent.
1238 1680 1346 1717 Adel.
1367 1692 1419 1716 iv.
1443 1692 1476 1717 v.
1504 1680 1564 1718 ubi
1586 1680 1630 1716 de
1651 1693 1746 1718 voce
1762 1681 1906 1730 grandis
1924 1683 2023 1731 plura
2045 1681 2167 1720 obser-

44 1731 173 1775 atam,
199 1743 285 1781 quae
300 1729 413 1780 aliquo
428 1730 611 1778 praesentis
623 1730 810 1780 voluptati,-
821 1730 980 1767 lenocinie
991 1729 1075 1776 sub·
1128 1739 1201 1768 vat.
1230 1731 1335 1767 &ita
1364 1730 1497 1767 Cicero
1515 1756 1527 1772 ,
1564 1730 1765 1776 Horatius,
1802 1732 2000 1771 Terentius
2033 1733 2073 1771 &
2103 1733 2165 1772 alii

43 1781 277 1830 ripiebantur,
306 1780 524 1817 retraetando
541 1780 731 1829 patescunt.
759 1780 1035 1818 Columellalib.
1048 1792 1076 1817 1.
1127 1781 1339 1829 loquuntur.
1367 1780 1578 1817 Buttmann.

46 1843 122 1880 cap.
140 1844 173 1877 4.
202 1837 299 1867 Nam
324 1831 441 1879 prima
474 1830 669 1879 inspectione
690 1858 701 1876 ,
730 1844 836 1880 neque
858 1831 952 1868 vitia
972 1843 1077 1879 neque

44 1883 194 1918 virtutes
212 1880 348 1917 abditas
365 1879 506 1927 ostendit
519 1906 529 1923 ‚
552 1893 638 1931 quae
648 1894 727 1918 mox
743 1880 1011 1918 retractantibus
1013 1882 1078 1927 fa-

48 1931 106 1968 cile
129 1940 300 1980 apparent.
327 1930 406 1969 usus
433 1931 472 1967 ὅ(
503 1930 695 1980 aliquoties
715 1932 847 1970 Cicero
867 1933 905 1969 δί
925 1932 984 1969 alii
1003 1932 1077 1968 hoc

45 1981 183 2025 verbo,
209 1982 318 2019 etiam
352 1992 436 2018 cum
455 1979 500 2018 de
531 1980 693 2018 secundis
716 1983 928 2031 curis‚quas
946 1982 1078 2030 scriptis

51 2031 264 2068 adhibemus
291 2030 415 2068 nostris
436 2058 447 2075 ‚
473 2039 594 2078 agunt.
622 2031 708 2070 vide
728 2032 898 2069 Scheffer.
919 2032 964 2069 de
987 2032 1077 2069 Stilo

1181 1841 1262 1879 322.
1290 1829 1539 1880 Impatiensque
1568 1829 1649 1867 viae
1671 1831 1805 1880 genitor
1832 1831 1992 1870 deducere
2021 1831 2167 1883 letiam]

1132 1881 1267 1919 Lanius
1303 1881 1364 1918 hic
1392 1879 1494 1918 fuisse
1519 1880 1663 1918 videtur
1682 1909 1692 1923 ‚
1728 1883 1791 1931 qui
1818 1882 1934 1921 filium
1961 1894 2029 1931 pro
2051 1883 2169 1922 bobus

1135 1944 1154 1969 e
1167 1930 1318 1968 Graecia
1337 1932 1375 1968 in
1397 1931 1555 1980 Lyciam
1578 1931 1724 1969 miserit.
1747 1933 1794 1969 Et
1813 1944 1878 1980 pro
1897 1933 2169 1983 longinquitate

1134 1982 1246 2026 dixit,
1268 1980 1451 2030 Impatiens
1470 1981 1550 2018 viae
1563 1981 1704 2029 genitor.
1733 1983 1993 2021 GLAREANUS.

1159 2083 1165 2089 ι
1187 2044 1271 2081 322.
1297 2033 1421 2068 Leffos.
1443 2030 1460 2081 ]
1514 2032 1615 2080 Feffas
1653 2032 1839 2081 Neapolit.
1874 2035 1911 2070 δε
1939 2035 2006 2071 sec.
2029 2034 2171 2072 Medic.

51 2092 130 2128 cap.
149 2091 239 2119 vm.
267 2082 302 2121 §.
323 2092 368 2119 11.
393 2082 411 2117 e
421 2081 517 2127 fatto
537 2083 649 2120 etiam
668 2081 951 2131 Argentinenfis.
978 2081 1080 2120 Buri·
1129 2092 1268 2132 pmgues
1284 2094 1376 2120 unus
1394 2083 1564 2120 GronOV.
1588 2081 1693 2118 lentos
1724 2095 1816 2120 unus
1838 2084 1980 2121 Heinfii
1994 2111 2005 2128 ‚
2031 2092 2072 2122 ut
2092 2084 2171 2131 pas-

58 2142 228 2168 MANNUS.

109 2190 190 2227 320.
218 2185 446 2229 Stagnumque
466 2178 679 2232 locumque.]
709 2182 751 2220 In
774 2181 985 2232 quibusdam
999 2209 1009 2226 ,
1029 2181 1081 2217 la-

59 2241 214 2273 cumque.
241 2230 429 2266 Nauem.
463 2235 658 2282 Lacumque
685 2234 820 2281 primus
847 2232 968 2270 Vatic.
997 2232 1084 2269 Ber-

56 2290 140 2327 neg.
161 2278 310 2315 Cantab.
329 2279 452 2316 tertius
467 2280 505 2316 ὃς
522 2291 667 2330 quartus
695 2282 714 2320 ὲ
734 2282 925 2320 Mediceis.
976 2283 1085 2329 Quo-

14 2352 15 2359 1
57 2328 174 2366 modo
194 2340 281 2365 mox
296 2355 307 2371 ,
334 2332 414 2363 Ecce
431 2327 525 2365 latas
543 2332 659 2369 medio.
686 2345 772 2370 nam
794 2334 842 2370 ita
861 2331 1084 2370 Berberinia·

58 2390 145 2423 nus,
173 2390 239 2426 pro
257 2377 344 2414 lacu.
373 2377 450 2414 Nisi
471 2378 542 2416 illic
567 2380 627 2417 loci
646 2383 755 2419 medio
768 2394 931 2429 reponas.
984 2383 1084 2419 Nam

15 2458 16 2462 ,
58 2429 96 2466 in
119 2427 244 2464 medio
261 2426 343 2465 lacu
366 2439 462 2464 aram
486 2427 586 2466 fuiffe
605 2432 667 2468 vix
685 2432 733 2469 est
743 2432 1086 2469 verisimilel-Ifim-

15 2503 17 2505 -
61 2489 150 2516 stus.
177 2478 257 2525 Ego
276 2477 385 2513 locum
400 2478 566 2525 praefero
581 2491 686 2522 ‚cum
714 2483 798 2529 quia
820 2482 894 2518 fere
917 2481 1016 2518 idem
1039 2481 1088 2518 est

59 2528 222 2576 stagnum
244 2528 281 2564 ὃς
300 2527 417 2570 lacus,
444 2535 523 2565 tum
544 2530 628 2577 quia
650 2530 751 2579 saepe
764 2531 892 2567 Noster
903 2531 996 2567 hanc
1017 2542 1087 2567 vo-

62 2589 142 2615 cem
162 2578 263 2614 alteri
281 2578 355 2621 rei,
381 2588 475 2626 quae
496 2577 543 2615 est
565 2580 603 2616 in
622 2579 709 2617 loco
723 2608 734 2625 ,
762 2580 807 2618 de
816 2591 892 2629 quo
911 2581 998 2630 agit,
1009 2579 1088 2618 sub·

58 2629 171 2677 jicere
189 2627 287 2664 solet.
317 2639 369 2664 vr.
394 2626 483 2664 Fast.
503 2639 587 2677 423.

162 2691 240 2728 Vidi
257 2692 486 2741 templumque
504 2691 692 2744 locumque.

65 2761 129 2790 m.
151 2752 231 2791 Art.
252 2756 334 2803 363.

165 2820 265 2866 Quae
281 2818 415 2868 praebet
433 2819 556 2857 leffium
572 2819 787 2872 studiosaque
810 2820 997 2870 locumque.

69 2879 123 2906 xx.
141 2880 221 2912 472.

169 2923 323 2954 Renovat
340 2918 505 2968 leb‘iusque
521 2920 683 2970 locusque.

70 2965 119 3005 Et
138 2967 220 3004 alibi
243 2968 355 3016 saepe.
383 2968 644 3008 BURMANNUS.

122 3027 203 3064 321.
230 3017 382 3065 Prodigio
399 3020 558 3069 notum]
596 3019 751 3066 Malim,
786 3031 906 3066 notas,
934 3020 959 3059 fi
982 3022 1023 3058 τὸ
1041 3020 1095 3057 la-

73 3077 149 3118 cum
159 3077 235 3102 non
246 3067 480 3106 admittimus.
502 3069 538 3105 ὅτ
555 3070 717 3117 grandior
737 3072 817 3109 aevi
837 3083 902 3121 pro
915 3085 998 3108 aevo
1019 3080 1094 3110 tam

72 3113 157 3156 hie,
176 3126 284 3161 quam
306 3116 413 3154 Trist.
439 3129 490 3153 1v.
514 3118 591 3167 eleg
615 3121 678 3157 ult.

103 3211 109 3217 .
126 3165 314 3218 Saepesuas
335 3166 486 3202 volucres
503 3166 580 3214 legit
599 3169 686 3205 mihi
703 3171 867 3216 grandior
885 3171 976 3211 aevi.

76 3210 134 3247 Sic
153 3223 231 3248 aevt
258 3223 424 3252 maturus.
452 3217 534 3253 vide
552 3218 641 3254 infra
662 3231 749 3255 vm.
771 3221 852 3256 618.
873 3221 998 3269 integer
1018 3225 1099 3261 aevi

74 3260 135 3300 lib.
150 3273 204 3300 1v.
223 3273 259 3300 v.
285 3274 365 3309 44¹·
376 3264 473 3305 Vide
487 3266 532 3305 ad
545 3267 734 3308 Claudi-an.
757 3280 805 3310 11.
817 3271 855 3308 in
867 3271 1001 3311 Stilich.
1015 3274 1101 3325 348,

1136 2133 1201 2170 fim
1222 2132 1318 2168 tardi
1338 2132 1449 2170 boves.
1474 2132 1557 2178 vel,
1584 2140 1624 2171 ut
1636 2132 1680 2170 ad
1697 2133 1865 2181 pascendi
1881 2145 2026 2172 morem
2038 2135 2173 2181 referat

1134 2191 1216 2228 tur,
1244 2191 1283 2221 ut
1301 2183 1361 2221 lib.
1382 2195 1448 2221 111.
1470 2195 1526 2231 15.

1238 2249 1342 2281 Lente
1359 2243 1458 2283 videt
1473 2243 1521 2281 ire
1535 2244 1737 2292 juvencam.
1768 2243 1894 2281 Euam.

1190 2317 1273 2355 327.
1300 2311 1346 2342 Et
1361 2315 1488 2355 parvo,
1502 2307 1631 2352 faveas
1650 2304 1759 2348 mihi,
1787 2317 1964 2341 murmure
1979 2302 2102 2355 dixit]
2123 2305 2174 2345 E-

1138 2357 1272 2394 menda
1283 2368 1327 2393 ex
1346 2357 1487 2394 duobus
1507 2358 1596 2393 meis
1615 2357 1652 2393 ὅ(
1672 2355 1811 2403 aliquot
1823 2355 1897 2391 aliis
1911 2382 1921 2398 ,
1945 2355 2074 2403 pavido
2087 2384 2098 2400 ‚
2108 2357 2175 2400 fa-

1139 2406 1353 2450 warnabi,
1381 2420 1560 2443 murmure
1580 2406 1684 2442 dixit.
1713 2407 1924 2441 (IonANus.
1946 2406 2056 2441 Paulo
2076 2419 2175 2443 mur-

1141 2470 1238 2493 mure
1259 2457 1421 2494 Florent.
1449 2456 1484 2494 S.
1511 2456 1654 2499 Marci,
1683 2455 1797 2502 Neap.
1835 2456 1940 2502 prim.
1971 2455 2080 2493 Pal-at.
2105 2456 2177 2494 sec.

1142 2506 1333 2543 Mediceus
1356 2533 1365 2548 ,
1403 2513 1557 2554 uterque
1585 2505 1720 2542 Erfurt.
1750 2505 1788 2541 ὃς
1820 2505 1948 2542 decem
1978 2505 2046 2543 alii.
2072 2505 2177 2554 quod

1142 2555 1374 2603 Zinzerlingo
1393 2555 1566 2592 Promuls.
1586 2566 1661 2603 cap.
1686 2567 1739 2591 1v.
1766 2554 1962 2598 arridebat,
1982 2566 2059 2592 non
2073 2556 2178 2593 mihi.

1144 2606 1249 2642 Unus
1267 2605 1465 2692 ¹ivgediceus
1481 2633 1491 2650 ‚
1512 2605 1630 2654 pavie.
1657 2604 1743 2642 hinc
1755 2604 1861 2654 paulo
1879 2616 2066 2654 perperam
2079 2606 2182 2652 fece:

1146 2663 1241 2693 runt.
1268 2667 1290 2692 n
1320 2683 1328 2692 .
1351 2666 1477 2704 21:273.

1478 2722 1570 2754 Cum
1587 2730 1727 2754 munere
1731 2718 1878 2763 sanstus
1895 2719 1943 2755 ad
1960 2732 2042 2756 aras

1203 2767 1363 2814 Constitit
1385 2797 1395 2811 ‚
1432 2778 1476 2807 (9⁸
1503 2767 1626 2805 timide
1643 2796 1654 2813 ,
1668 2766 1717 2817 ‘fi
1734 2795 1746 2813 ,
1773 2768 1810 2805 cli
1829 2796 1841 2814 ,
1867 2768 1951 2808 dare
1970 2770 2092 2808 ceneta
2123 2772 2182 2820 po-'j

1322 2817 1433 2864 testis,

1201 2867 1251 2903 Sit
1269 2868 1417 2917 conjunx
1437 2877 1528 2918 opto,
1554 2867 1784 2914 dixit‚'mea.

1148 2916 1197 2955 Et
1216 2917 1275 2955 lib.
1289 2931 1378 2956 vm.
1400 2918 1484 2957 682.

1199 2968 1402 3018 Concipiunt
1423 2970 1609 3020 Baucisque
1624 2980 1733 3020 preces
1749 2967 2158 3018 timidusquePhilemore.

1148 3029 1320 3075 proximo
1343 3029 1467 3073 versu,
1495 3036 1628 3066 Faveas
1643 3059 1652 3075 ,
1670 3043 1733 3078 ego.
1760 3040 1835 3067 non
1858 3029 1969 3070 mihi,
1997 3038 2080 3064 cum
2101 3037 2183 3080 nie-

1147 3077 1305 3115 lioribus.
1332 3078 1479 3128 Apulej.
1510 3080 1646 3117 Florid.
1670 3081 1788 3118 initio.
1816 3077 1979 3125 Religiofis
2000 3078 2181 3112 vitmttum

1150 3128 1253 3164 moris
1272 3128 1332 3174 est,
1361 3142 1438 3165 cum
1457 3128 1582 3178 aliquis
1603 3130 1692 3166 locus
1716 3131 1859 3177 sanstus
1889 3129 1927 3162 in
1960 3125 2021 3160 via
2047 3124 2183 3162 oblatus

1150 3177 1216 3223 est,
1245 3187 1366 3214 votum
1390 3179 1566 3226 postulare.
1594 3180 1805 3216 Heinsius.
1864 3175 1999 3211 hadem
2031 3176 2185 3213 varietas

1158 3238 1213 3264 xx.
1231 3227 1310 3273 568.
1330 3227 1389 3264 ubi
1416 3228 1499 3264 vide
1733 3269 1736 3271 ,

1206 3286 1291 3326 330.
1318 3281 1408 3314 Cum
1431 3277 1518 3314 talia
1538 3276 1657 3315 retulit
1675 3273 1817 3324 hospes.]
1843 3274 1911 3314 Cui
1939 3275 2075 3324 primus
2098 3275 2189 3312 Mo..

1648 3326 1788 3363 Fffz
1934 3344 1939 3347 -
2094 3326 2189 3371 mn,
