2483 3616
226 83 1490 193 *METAMORPHOSEON
1564 130 1708 186 Lm.
1781 133 1899 191 vti,

2074 141 2175 207 459

318 238 519 293 Currus
542 231 699 286 adest.
741 230 923 285 aderat
947 230 1195 287 demissus
1219 231 1283 287 ab
1307 232 1524 288 aethere
1546 247 1746 285 currus,

175 328 280 363 220
319 310 446 381 Quo
472 305 618 373 simul
644 303 951 365 adscendit;
995 303 1305 379 frenataque
1332 306 1469 359 colla
1496 304 1796 359 draconum

314 376 617 440 Permulfit,
657 375 1004 449 manibusque
1031 380 1173 433 leves
1198 379 1413 450 agitavit
1441 377 1666 432 habenas
1684 395 1714 438 3:

312 451 557 506 Sublimis
581 449 809 520 rapitur:
849 449 1153 525 sublataque
1180 451 1240 506 T
1242 449 1428 506 heffala
1454 448 1671 522 Tempe

310 523 579 593 Despicit,
620 524 674 574 δε
700 523 892 577 Creteis
918 524 1225 595 regionibus
1252 523 1481 596 adplicat
1507 539 1731 594 angues:

304 596 376 652 Et
400 613 528 668 quas
552 594 675 649 Ossa
701 597 849 659 tulit,
887 614 1014 669 quas
1040 599 1172 652 altus
1199 597 1387 651 Pelion
1414 594 1631 658 herbas,

162 688 257 744 225
301 669 642 739 Othrysque,
680 668 1017 742 Pindusque,
1055 671 1110 725 &
1136 668 1312 724 Pindo
1337 668 1505 740 major
1531 667 1793 742 Olympus
1812 712 1827 733 ,

308 740 591 814 Perspicit:
634 740 690 794 &
713 742 905 815 placita
932 744 1126 814 partim
1151 743 1332 798 radice
1359 742 1596 806 revellit;

20 953 307 1002 PAULLUS
353 953 711 994 MANUTiUS
751 953 1050 993 HERCULI

186 1019 585 1060 CIOFANo
636 1018 774 1057 suo
830 1017 864 1055 s,

40 1104 42 1107 v
68 1123 314 1173 Inscriptiones
348 1120 429 1159 illae
456 1120 548 1158 nihil
567 1120 703 1158 habent
721 1119 823 1170 quod
842 1118 1062 1157 oblectatio-

17 1171 99 1215 nem
113 1204 123 1219 ‚
141 1183 201 1213 aut
220 1174 423 1212 doctrinam
435 1171 639 1220 legentibus
657 1170 783 1208 afferre
795 1168 1062 1219 possint.Quod

17 1226 44 1265 fi
55 1227 120 1264 tibi
130 1225 256 1263 similes
267 1224 512 1265 occurrerint,
541 1223 689 1260 inanem
703 1222 866 1259 laborem
884 1221 1059 1269 suscipere
1074 1237 1082 1243 -

19 1284 54 1314 te
73 1277 178 1314 nolo.
222 1276 281 1313 De
315 1274 442 1312 Ovidii
473 1274 561 1310 loco
584 1301 593 1315 .
635 1273 680 1311 ad
708 1282 810 1310 tuam
838 1272 1055 1310 sententiam

17 1327 227 1375 opinionem
251 1338 371 1364 meam
395 1324 567 1362 adscribas
588 1324 686 1362 licet.
716 1325 851 1373 Regius
872 1323 930 1361 ille
951 1322 1055 1371 saepe

15 1376 257 1415 hallucinatur.
277 1378 342 1415 Tu
360 1376 385 1414 fi
404 1387 529 1425 perges
544 1402 554 1419 ‚
578 1383 616 1412 ut
632 1375 781 1423 coepisti
796 1403 805 1419 ‚
835 1377 986 1423 poetam
999 1375 1057 1410 in-

15 1428 198 1477 geniosum
221 1456 231 1473 ,
259 1429 380 1466 civem
401 1436 531 1471 tuum,
568 1424 589 1463 a
623 1425 843 1464 mendarum
870 1425 951 1462 labe
976 1435 1055 1461 non

17 1477 190 1517 mediocri
215 1489 276 1517 tua
296 1491 380 1517 cum
402 1477 508 1516 laude
527 1476 739 1515 vindicabis.
766 1476 873 1514 Vale.
895 1476 1054 1512 Romae.

15 1527 129 1566 Pridie
157 1529 312 1567 Kalend.
341 1529 438 1567 Sext.
478 1540 525 1564 00
544 1556 553 1565 .
596 1539 634 1564 D.
677 1539 778 1564 Lxxx.
832 1527 1057 1563 Cmmnus.

17 1579 147 1621 Rudem
168 1579 285 1628 fhmni
319 1580 411 1616 bene
438 1579 626 1626 Junianus.
662 1578 766 1626 quod
789 1579 825 1615 in
846 1577 913 1614 suis
941 1578 1053 1614 etiam

16 1628 216 1677 Naugerius
237 1642 312 1667 non
334 1630 561 1667 intellec‘tum
582 1629 784 1666 invenerat.
811 1628 859 1666 fic
873 1627 971 1664 rudes
981 1636 1052 1676 ope-

17 1691 93 1715 rum
115 1680 259 1729 juvenci
289 1680 351 1718 lib.
375 1693 406 1718 1.
438 1680 525 1717 Fast.
547 1680 606 1729 83.
633 1691 700 1727 pro
729 1680 860 1727 ignaris
884 1690 1053 1726 operum.

16 1729 106 1766 rudis
135 1743 313 1768 armorum
340 1730 436 1778 apud
465 1731 619 1768 Statium
647 1730 708 1767 lib.
737 1742 791 1767 1v.
825 1729 948 1766 Theb.-
969 1739 1052 1775 247.

13 1779 174 1818 ubimale
196 1781 407 1819 Scholiastes
424 1794 609 1818 annorum.
629 1781 835 1819 Horat.111.
849 1779 924 1817 Od.
941 1793 973 1817 z.
990 1793 1052 1816 ru-

17 1829 67 1866 dis
83 1831 274 1879 agminum.
303 1832 436 1869 Noster
464 1831 627 1870 1v.Fast.
654 1833 737 1880 336.
773 1840 907 1880 operum
937 1832 1054 1879 conju-

11 1879 120 1931 giique
142 1882 274 1920 rudem.
310 1882 455 1919 rubrum
487 1882 536 1920 est
565 1883 604 1919 in
633 1882 756 1919 multis
782 1883 927 1930 scriptis.
956 1881 1054 1917 rudis

15 1931 241 1980 exemplorum
268 1933 364 1982 apud
385 1933 607 1971 Ciceronem
630 1945 694 1980 pro
718 1932 840 1970 Balbo.
864 1945 922 1969 zo.
941 1940 1053 1980 atque

17 1980 64 2018 ita
82 1982 206 2030 paffim
234 1983 432 2032 scriptores.
469 1983 518 2021 fic
545 1984 583 2020 8<
617 1983 713 2020 rudis
743 1983 917 2021 malorum
946 1982 1056 2021 Trist.

13 2029 72 2068 lib.
91 2044 154 2071 111.
174 2033 276 2081 Elcg.
289 2047 351 2071 111.
364 2036 425 2071 ubi
444 2035 555 2082 plura.
583 2034 723 2071 Hiems.

63 2093 148 2130 215.
187 2089 370 2120 Renovata
388 2085 591 2134 senefiam]
645 2091 817 2121 Revocata
853 2084 989 2132 Regius
1019 2084 1057 2122 δί

10 2130 157 2178 Sprotii.
183 2133 483 2176 Jziventusetiam
505 2147 596 2174 unus
606 2135 755 2173 Moreti.
776 2135 849 2173 vid.
866 2135 958 2182 supr.
973 2146 1052 2181 177.

13 2181 188 2219 Heinsius
205 2183 365 2221 tentabat
381 2184 494 2229 olim,
512 2188 619 2233 fhcero
644 2196 814 2226 renovata
836 2185 990 2235 senectus
1010 2185 1052 2222 in

4 2230 128 2281 florem
147 2242 187 2269 ut
208 2233 333 2270 redeat.
363 2234 489 2272 Euam.
843 2246 845 2248 '

61 2288 146 2320 2520.
173 2285 252 2331 Qo
263 2282 372 2332 simul
391 2285 580 2335 ascendia]
611 2290 724 2336 Qem
734 2288 959 2333 Vaticanus,
974 2285 1051 2326 duo

15 2332 209 2371 Leidenses
232 2335 270 2371 ὅ(
291 2334 366 2372 duo
387 2336 457 2372 alii.
483 2336 530 2373 fic
550 2337 659 2374 Trilt.
681 2351 744 2374 111.
766 2338 799 2374 8.
824 2350 854 2375 1.

12 2432 29 2471 Ι
60 2389 164 2420 Nunc
185 2398 238 2433 ego
266 2385 462 2435 Triptolemi
479 2396 626 2436 cuperem
647 2388 856 2436 conscendere
879 2400 1012 2426 currus.

34 2446 126 2473 DEM.
455 2456 457 2459 .

61 2497 140 2522 222.
169 2485 389 2536 Subjeffl‘aque
411 2487 564 2538 Thessala
583 2493 700 2537 Tempe
724 2487 911 2537 Despicit.]
953 2487 1053 2535 Thes-

5 2533 84 2581 sala
103 2541 220 2585 Tempe
239 2553 249 2572 :
279 2538 336 2575 Sic
367 2539 542 2576 Horatius
574 2539 660 2576 Oda
691 2549 760 2575 v11.
780 2539 839 2576 lib.
867 2550 896 2575 1.
925 2537 1048 2575 Carm.

12 2588 92 2622 Aut
124 2586 275 2636 Thessala
309 2593 437 2638 Tem-pe.
490 2591 617 2638 Quem
651 2589 776 2626 locum
813 2590 1051 2637 interpretans

15 2636 169 2682 Joannes
190 2639 395 2683 Caesarius,
422 2641 476 2677 vir
491 2639 574 2677 sane
594 2639 743 2681 donus.
771 2639 863 2676 haec
887 2639 977 2677 scitu
997 2639 1052 2677 di-

17 2697 84 2733 gna
105 2688 154 2726 ibi
176 2689 342 2737 collegit:
371 2691 521 2738 Tempe
535 2719 545 2734 ,
570 2692 652 2728 loca
665 2689 1052 2727 amoeniffimaThes-

15 2736 114 2776 saliae
131 2739 223 2777 inter
243 2740 450 2790 Olympum
463 2743 499 2778 &
513 2741 640 2779 Offam
654 2769 664 2786 ,
686 2738 891 2778 Thessaliae
908 2749 1054 2778 montes

20 2787 222 2834 altiffimos,
246 2802 340 2838 quae
363 2792 514 2840 quidem
537 2793 673 2829 aestivo
696 2801 866 2839 tempore
883 2791 1054 2829 arborum

18 2840 216 2886 opacitate,
245 2841 403 2879 fontium
431 2843 667 2892 scaturigine,
696 2844 820 2880 avium
842 2851 1053 2887 concentu,

21 2886 57 2924 ὃς
75 2889 149 2927 leni
167 2890 270 2928 instar
290 2891 364 2928 olei
390 2893 504 2930 Penei
533 2894 692 2931 fluminis
725 2893 822 2930 fluxu
851 2893 1052 2930 maximam

19 2936 252 2984 spectantibus
273 2940 428 2978 afferunt
445 2943 686 2982 hilaritatem:
715 2943 821 2992 liquis
841 2944 977 2981 horum
998 2944 1055 2981 lo-

16 2998 147 3031 corum.
162 2989 268 3028 fitum
283 2992 501 3039 cognoscere
514 2995 600 3031 velit
614 3023 624 3039 ‚
644 2995 737 3043 legit
753 2995 900 3032 tertium
919 2994 1052 3032 librum

18 3037 159 3096 Aeliani
177 3040 222 3078 de
243 3041 353 3079 Varia
376 3042 544 3081 Historia.
574 3045 820 3083 Callimachus
843 3046 956 3083 etiam
975 3056 1054 3084 me-

17 3097 146 3127 inmit:

70 3139 215 3181 Πηνειὸς
237 3139 458 3187 ἑλισσόμενος
475 3142 534 3180 &aa
555 3146 741 3189 Τὲμπέων,
765 3176 768 3178 -

21 3207 149 3258 Peneus
168 3229 178 3245 ‚
211 3204 270 3251 qui
295 3206 451 3242 voluitur
481 3218 538 3255 per
565 3213 694 3257 Tempe.
747 3212 872 3256 Quare
893 3210 965 3246 sine
990 3209 1061 3248 du-

18 3251 285 3292 bloGraecum
314 3255 362 3292 est
387 3259 607 3298 vocabulum
632 3286 643 3306 ,
675 3267 802 3297 contra
834 3259 1060 3305 Lutatium,

1958 814 2160 871 Partim
2174 854 2176 856 ψ

1108 956 1173 1004 qui
1193 962 1296 1004 putat
1318 961 1436 1003 Tempe
1453 954 1548 993 dicta
1573 950 1643 992 esse
1664 967 1684 991 a
1702 953 1870 1004 temperie.
1925 951 2024 991 Scite
2049 955 2163 993 etiam

1109 1005 1262 1055 Tempe
1283 1006 1446 1045 describit
1467 1009 1579 1055 poeta
1599 1005 1768 1043 nosteri'n
1788 1005 1910 1054 primo
1937 1004 2045 1053 hujus
2068 1017 2163 1054 opes

1114 1068 1182 1094 ns:

1166 1106 1225 1156 Est
1265 1107 1355 1144 locus
1384 1105 1596 1144 Haemoniae
1615 1134 1626 1152 ‚
1667 1114 1856 1157 praerupta
1894 1107 1985 1157 quod
2012 1107 2181 1157 undique>

1296 1157 1430 1195 claudit

1168 1209 1267 1247 silva
1282 1238 1291 1254 ‚
1320 1219 1449 1245 vocant
1473 1214 1590 1258 Tempe
1602 1223 1612 1252 3
1637 1216 1697 1258 per
1716 1220 1803 1257 quae
1823 1214 1954 1246 Peneus
1976 1209 2021 1246 ab
2040 1208 2111 1247 imo

1165 1260 1301 1309 Effusas
1320 1259 1430 1296 Pindo
1442 1257 1606 1309 spumofis
1624 1259 1785 1295 volvitur
1803 1260 1906 1296 undis
1918 1288 1929 1304 ,

1163 1312 1372 1360 Dejec'luque
1389 1311 1496 1359 gravi
1519 1322 1635 1347 tenues
1654 1309 1829 1358 agitantia
1841 1310 1963 1355 fumos

1163 1362 1297 1399 Nubila
1321 1362 1501 1406 conducit,
1520 1360 1736 1410 summisque
1757 1360 1924 1409 aspergine
1937 1359 2044 1408 silvie

1164 1412 1308 1460 Influit,
1335 1423 1379 1452 (φ
1394 1413 1515 1460 sonitu
1532 1411 1719 1461 plusquam
1739 1411 1860 1448 vicina
1872 1412 2019 1460 fatigat.

1112 1464 1241 1503 Scribit
1275 1465 1419 1501 Servius
1448 1465 1486 1501 in
1518 1475 1564 1500 Π.
1606 1463 1746 1511 Georg.
1784 1468 1903 1511 Tempe
1924 1462 2055 1511 proprie
2081 1464 2160 1513 effi’,¹

1110 1529 1198 1566 quae
1218 1515 1257 1551 in
1280 1514 1447 1564 Theffalia
1458 1515 1546 1563 sunt
1563 1542 1572 1558 ‚
1600 1524 1644 1553 ω’
1664 1511 1807 1563 abufive
1828 1513 2020 1564 quamlibet
2048 1528 2162 1552 amoe-

1111 1567 1261 1603 nitatem
1287 1565 1406 1602 voeari
1435 1570 1568 1612 Tempe.
1624 1564 1739 1613 Cujus
1760 1564 1983 1612 opinionem
2003 1566 2160 1613 probare

1110 1617 1255 1655 videtur
1287 1617 1421 1654 Cicero
1446 1643 1456 1660 ‚
1493 1617 1595 1664 cujus
1626 1615 1718 1652 haec
1746 1614 1827 1652 sunt
1846 1615 1908 1652 lib.
1928 1627 1982 1651 IV.
1999 1615 2043 1652 ad
2062 1616 2165 1654 Atti-

1111 1680 1196 1707 cum
1217 1668 1286 1716 Ep.
1308 1678 1364 1716 ῖς.
1403 1667 1541 1703 Reatini
1570 1679 1623 1703 me
1651 1665 1698 1702 ad
1717 1667 1788 1713 sua
1807 1666 1941 1710 Τέμπη
1963 1665 2163 1713 duxerunt,

1110 1729 1151 1756 ut
1180 1731 1312 1767 agerem
1333 1716 1481 1766 cauffam
1503 1727 1622 1753 centra
1644 1723 1902 1753 Interamnates
1921 1716 2012 1765 apud
2030 1718 2165 1766 Consu·

1111 1769 1199 1814 lem,
1228 1780 1271 1809 ξφ
1303 1768 1415 1805 decem
1445 1767 1592 1817 legatos,
1618 1768 1708 1817 quod
1739 1766 1834 1803 lacus
1858 1767 1994 1804 Velinus
2012 1766 2037 1803 ἂ
2058 1774 2166 1806 Man,

1108 1821 1214 1857 Curio
1237 1819 1367 1869 emissus
1385 1848 1394 1864 ,
1423 1818 1578 1868 interciso
1596 1828 1733 1862 monte,
1761 1818 1799 1854 in
1820 1824 1899 1854 Nar
1920 1816 2053 1867 defluit.
2067 1818 2165 1856 C10-

1109 1884 1247 1909 FANUS.
1285 1870 1550 1908 Gronovianus
1566 1867 1794 1919 ‚sublataque
1804 1867 1958 1916 Theſjala
1970 1873 2088 1918 Tempe
2105 1870 2167 1907 den

1099 1922 1214 1972 spicit.
1254 1922 1308 1959 Ut
1326 1921 1463 1959 Medea
1491 1920 1779 1969 subintelligatur
1801 1918 1933 1957 sublata
1949 1947 1960 1964 ,
1986 1920 2025 1957 in
2042 1921 2160 1960 altum

1110 1981 1209 2023 rapta
1223 2000 1233 2017 ,
1263 1984 1369 2010 more
1380 1973 1486 2022 plane
1508 1971 1714 2008 Ovidiano.
1740 1971 1790 2008 ita
1809 1970 1873 2007 inf.
1894 1981 1978 2019 355.

1162 2038 1229 2071 Ηίε
1248 2043 1301 2093 epe
1324 2033 1572 2084 Nympharum
1584 2032 1746 2082 sublatus
1767 2033 1805 2069 in
1825 2035 1909 2069 a'e'ra
1923 2033 2058 2082 pennis,

1114 2099 1235 2142 Poss'et
1252 2102 1290 2138 &
1305 2128 1315 2146 ‚
1336 2099 1583 2150 subveeiaque.
1611 2106 1651 2136 ut
1670 2098 1731 2136 lib.
1755 2098 1943 2146 ιτα-196.

1237 2182 1289 2190 --
1316 2163 1382 2200 Illa
1404 2163 1486 2200 dato
1499 2161 1667 2211 sub-vesta
1681 2170 1740 2212 per
1757 2165 1842 2199 a'e'ra
1864 2174 1969 2199 curru

1159 2215 1313 2252 Devenit
1329 2214 1368 2251 in
1390 2214 1582 2263 Scythiam.

1109 2279 1207 2317 Nam
1241 2278 1377 2328 despicit
1404 2277 1565 2315 sufficere
1595 2276 1743 2316 videtur
1763 2305 1775 2322 ,

1107 2329 1271 2379 subjeff'ta
1285 2331 1368 2366 loca
1388 2329 1559 2378 spectare.
1587 2328 1634 2366 sic
1648 2340 1712 2365 111.
1733 2339 1793 2377 43.

1410 2396 1516 2426 Leves
1537 2391 1661 2427 ereans
1683 2389 1722 2427 in
1739 2402 1847 2427 auras

1160 2441 1311 2490 Despicit
1328 2454 1426 2478 omne
1445 2453 1577 2477 nemus.

1108 2516 1161 2541 xr.
1184 2516 1267 2552 552.

1814 2276 1917 2327 quod
1943 2275 1991 2315 est
2011 2287 2056 2314 ex
2079 2275 2178 2315 alto³

1384 2551 1566 2603 spoliisque
1591 2550 1746 2601 animosa
1762 2551 1957 2602 fitperstans

1159 2602 1259 2639 Unda
1272 2632 1281 2648 ,
1310 2602 1408 2640 velut
1428 2603 1560 2640 vie‘lrix
1574 2631 1583 2648 ‚
1602 2602 1768 2652 sinuatus
1786 2603 1919 2654 despicit
1940 2603 2067 2643 undas.

1107 2654 1155 2699 Et
1175 2655 1322 2692 centies.
1359 2655 1487 2692 Euam.

1162 2717 1245 2754 223.
1274 2711 1320 2742 Et
1342 2705 1475 2753 cretis.]
1515 2704 1667 2742 Secretis
1694 2716 1736 2742 ac
1766 2704 1939 2750 semotis,
1966 2712 2029 2744 aut
2059 2704 2157 2744 certe

1110 2755 1193 2793 visis
1226 2757 1263 2794 &a
1294 2755 1478 2805 adspeffis.
1513 2757 1682 2793 Remus.
1739 2757 1814 2794 Aut
1846 2757 1959 2794 etiam
1991 2757 2158 2795 decretis.

1112 2807 1209 2844 Nam
1235 2808 1272 2844 ὃς
1296 2807 1379 2844 alibi
1398 2807 1564 2844 invenias
1597 2819 1747 2850 eernere,
1775 2819 1842 2856 pro
1873 2806 2069 2845 decernere
2088 2820 2157 2856 po-

1109 2857 1228 2895 situm.
1268 2858 1422 2895 Tacitus
1450 2869 1503 2905 ¹5·
1526 2857 1626 2894 Anu.
1665 2857 1771 2895 Illum
1797 2858 1906 2894 locum
1923 2887 1932 2902 ,
1961 2864 2154 2907 tempusque

1111 2908 1343 2955 destinatum,
1372 2907 1456 2956 quid
1488 2907 1527 2944 de
1550 2908 1722 2944 Armenia
1750 2919 1949 2946 cernerent?
1978 2910 2155 2945 MicrtL²

1112 2959 1235 2996 Cretis.
1262 2960 1285 2996 i.
1312 2959 1478 3002 secretis,
1507 2961 1544 2996 ὅ(
1563 2960 1716 2996 remotis
1736 2960 1890 3007 exponit
1904 2959 2154 3010 Rapbaehiizit

1112 3018 1208 3047 certe
1231 3009 1313 3047 vifis
1333 3012 1370 3048 ὅ(
1393 3009 1552 3059 aspectis.
1580 3009 1639 3047 sed
1669 3009 1715 3047 sic
1736 3010 1756 3047 {1
1780 3023 1875 3047 cerno
1904 3008 1999 3046 esset.
2018 3009 2054 3043 &
2073 3011 2155 3052 visis
2176 3021 2181 3027 ²

1112 3062 1336 3109 congruebat
1358 3061 1468 3098 etiam
1492 3061 1654 3098 carmini.
1684 3061 1833 3110 quidam
1855 3060 1965 3096 cretis
1984 3068 2049 3104 pro
2070 3060 2155 3108 Cre-

1115 3111 1176 3147 teis
1196 3110 1461 3159 exponendum
1485 3120 1672 3159 putavere.
1709 3122 1795 3147 nam
1816 3109 1977 3146 laudatur
2000 3104 2154 3160 Thella-

1113 3161 1182 3198 lica
1206 3162 1325 3198 Creta.
1364 3173 1433 3209 ego
1463 3161 1610 3197 lectoris
1627 3159 1769 3207 judicio
1798 3160 1977 3205 relinquO.
2003 3164 2153 3210 tertium

1117 3210 1250 3246 deinde
1273 3210 1599 3256 carmenJambum
1619 3210 1725 3246 habet
1744 3210 1830 3245 loco
1852 3207 1981 3251 tertio,
2003 3205 2061 3242 led
2075 3217 2157 3242 cae-

1116 3258 1195 3297 sura
1214 3260 1372 3298 excusari
1394 3260 1521 3309 potest.
1550 3260 1799 3298 (simetrius.
1839 3257 1942 3305 Lege
1959 3283 1970 3302 ,
1993 3263 2155 3344 cxl-{ctu

2053 3318 2063 3343 i
2089 3317 2159 3351 ωδ,
