2483 3616
227 155 335 230 &a
739 141 1292 205 P.0V1D11

1365 139 1896 200 NASONIS

528 251 654 325 Qua
675 264 824 327 pater
854 251 1156 307 Alcidamas
1177 245 1441 318 placidam
1465 246 1534 302 de
1561 264 1794 320 corpore
1820 256 1977 301 natae

388 342 491 394 370
527 325 823 385 Miraturus
847 338 957 381 erat
980 320 1119 379 nasci
1141 318 1369 392 potuiss'e
1395 319 1717 375 columbam.

724 472 871 520 FAB.

766 601 953 666 Cycnus
988 600 1035 646 in
1070 598 1280 647 Olorem.

939 467 1117 516 XIII.
1155 464 1204 512 δε
1237 464 1404 515 XIV.
1439 465 1893 513 ARGUMENTA.

1348 595 1500 660 Hyrie
1533 595 1581 642 in
1616 592 1843 659 stagnum.

308 741 413 802 Post
445 742 546 788 haec
577 741 713 787 lacum
744 739 900 798 Ilyries
923 773 939 798 ,
986 738 1041 791 &³
1078 738 1204 797 Cycni
1239 741 1254 761 ²
1277 733 1453 796 Tempe:
1488 736 1533 781 in
1567 734 1717 795 quibus
1750 734 1847 779 locis
1881 747 1973 780 cum
1997 728 2194 790 Phyllius
2216 736 2387 795 quidum·

241 810 375 872 gravi
408 804 425 830 ι’
447 821 586 852 umore
601 806 729 865 pueri
752 814 989 862 teneretur,
1026 803 1277 863 &imperio
1312 801 1398 861 ejus
1432 802 1621 847 volucres
1654 799 1880 845 indomitus
1913 813 1963 843 ac
1993 798 2144 843 leonem
2181 803 2195 821 Γ
2217 815 2384 849 manum·

238 875 339 934 pati
358 871 563 932 coe'gcffet,
597 880 847 929 taurumque
869 869 1060 929 viciffet‚
1095 883 1218 928 neque
1251 866 1340 912 ideo
1375 860 1393 890 ‘³
1413 866 1532 911 labor
1563 863 1648 924 ejus
1664 863 1852 925 potiendi
1873 877 2022 909 merces
2044 861 2285 923 exstitiſjet‚
2319 868 2382 913 in-

246 937 469 997 dignatus,
504 939 520 959 ⁶
543 950 634 979 cum
645 932 694 996 fh
718 950 768 979 ex
786 935 1011 994 praecipiti
1031 935 1112 979 loco
1147 934 1237 979 odio
1273 932 1430 978 laboris
1448 930 1612 990 jaceret
1626 963 1642 988 ,
1677 931 1722 974 in
1745 929 1955 973 volucrem
1980 927 2150 973 Olorem
2174 930 2388 991 conversus.

246 1000 315 1060 est.

244 1066 388 1113 cordia
423 1070 440 1099 Β
464 1066 662 1123 delicuit,
698 1063 892 1126 quodsui
914 1065 1091 1110 nominis
1113 1064 1225 1125 effer.

246 1274 407 1316 quatuor
424 1265 602 1312 habebat,
628 1265 769 1314 Julida,
790 1266 992 1309 Canthace,
1021 1263 1205 1303 Careffam
1219 1293 1229 1310 ‚
1250 1264 1290 1303 &

248 1316 464 1355 Phoceffam
479 1346 490 1362 ‚
516 1330 562 1355 ex
585 1317 714 1367 quibus
736 1317 810 1355 duo
834 1315 1051 1355 intercidere
1075 1315 1292 1360 Cereffa,&

246 1366 434 1406 Phoceffa.
461 1380 506 1406 ex
535 1369 603 1406 hac
633 1368 836 1417 profectam
861 1367 1096 1406 delectationi
1119 1368 1294 1405 foeminis

247 1418 386 1456 vestem
410 1447 420 1464 ‚
458 1418 586 1457 auclor
613 1419 660 1456 est
691 1420 822 1457 Varro.
850 1420 1015 1457 Remus.
1068 1419 1293 1467 Stephanum

245 1468 387 1508 secutus
411 1469 457 1507 est
478 1472 538 1507 hic
561 1471 720 1519 Regius,
749 1471 811 1520 qui
839 1475 914 1506 Con
947 1471 984 1507 ὃ(
1015 1474 1106 1506 Ceon
1137 1469 1294 1508 eandem

246 1520 336 1558 facit
359 1548 368 1564 ,
399 1520 459 1558 sed
488 1520 575 1558 falso
601 1535 609 1558 ε
646 1520 726 1559 sunt
754 1521 853 1558 enim
886 1520 1047 1558 diversae
1085 1519 1230 1558 insulae.
1260 1519 1297 1558 id

247 1569 352 1618 quod
372 1571 410 1607 &
430 1571 579 1620 gentilia
614 1571 699 1609 inde
728 1571 822 1609 fasta
851 1571 1026 1609 indicant.
1055 1569 1076 1608 ὲ.
1100 1576 1165 1607 Cos
1196 1571 1297 1608 enim

251 1625 343 1657 Cous
380 1620 420 1658 fit
443 1650 455 1666 ‚
505 1630 544 1659 ut
574 1627 663 1659 Cous
687 1621 841 1659 Philetas
872 1622 967 1671 apud
1001 1622 1244 1670 Propertium.
1277 1620 1298 1659 a

250 1674 333 1706 Ceos
353 1679 476 1709 autem
491 1699 502 1716 ‚
530 1684 641 1722 quarn
675 1674 712 1711 δε
731 1679 839 1710 Ceam
860 1673 1000 1710 Latinis
1029 1672 1100 1710 dici
1121 1700 1131 1717 ‚
1160 1673 1295 1711 Plinius

251 1720 379 1758 aufior
400 1722 447 1759 est
462 1751 472 1766 ,
503 1729 590 1760 Ceus
611 1738 626 1760 e
641 1723 776 1772 longa,
808 1726 845 1760 ὃς
869 1726 970 1760 Ceius
990 1723 1100 1761 tribus
1130 1723 1270 1772 syllabis
1284 1751 1294 1769 ,

248 1772 401 1818 perinde
423 1782 461 1810 ur
482 1773 502 1810 a
529 1779 628 1819 Teos,
660 1777 769 1811 Teius.
797 1775 834 1811 ὅ(
857 1774 942 1811 Con
960 1774 1055 1811 inter
1075 1774 1219 1811 Caricas
1240 1775 1296 1812 in-

249 1820 339 1859 sulas
362 1822 495 1861 Plinius
516 1824 699 1868 recenset,
738 1825 856 1862 Ceam
875 1833 999 1862 aurem
1022 1826 1115 1863 inter
1138 1825 1297 1864 Graecas

255 1872 296 1910 &
319 1873 474 1921 Aegeas.
504 1875 728 1912 Mrcnrus.

302 1923 386 1972 368.
416 1923 596 1974 Carchefia
616 1925 788 1975 moenia]
813 1926 870 1964 Sic
881 1926 1032 1975 quidem
1052 1926 1209 1976 legitur,
1235 1926 1297 1966 sed

250 1974 424 2022 corrupte
439 2002 448 2018 ,
477 1985 516 2012 ut
536 1976 627 2013 mihi
651 1976 821 2022 videtur,
852 1977 1043 2015 Carthae'z'a
1064 1977 1155 2015 vero
1177 1978 1224 2015 est
1244 1978 1297 2016 le-

249 2024 427 2072 gendum.
456 2037 541 2063 nam
574 2026 751 2064 Carthaea
783 2039 853 2065 una
876 2028 923 2065 est
954 2040 998 2065 ex
1023 2037 1181 2078 quatuor
1203 2029 1299 2067 urbi-

249 2074 317 2111 bus
337 2074 457 2113 Caeae
487 2076 620 2114 insulae
661 2076 681 2114 31
705 2078 889 2115 Carthaeo
910 2078 960 2116 ibi
983 2087 1134 2117 mortuo
1156 2091 1299 2128 cogno-

248 2125 400 2163 minata.
429 2126 606 2164 Carthaea
628 2128 717 2165 item
758 2130 840 2166 urbs
864 2129 913 2166 est
946 2129 1095 2167 Iberiae.
1130 2131 1299 2169 Remus.

245 2174 339 2212 Hoc
358 2175 407 2213 est
421 2203 430 2220 ,
461 2177 656 2225 Hispaniae
671 2206 680 2222 ‚
708 2179 768 2217 sed
788 2180 880 2217 haec
899 2179 1075 2228 posterior
1097 2180 1228 2230 absque
1248 2182 1300 2219 as—

247 2226 429 2273 piratione
449 2228 609 2267 scribitur
628 2231 739 2268 eriam
760 2229 858 2279 apud
876 2231 1098 2279 Stephanum
1116 2260 1126 2275 ,
1155 2244 1199 2268 ex
1216 2244 1293 2280 quo

245 2277 338 2314 haec
358 2276 378 2314 a
397 2278 516 2327 Regio
533 2280 696 2318 transsata
715 2280 807 2319 sunt.
833 2282 949 2320 Porro
966 2282 1070 2331 quod
1080 2282 1125 2320 ad
1136 2282 1294 2321 fabulam

249 2329 380 2382 attinet
401 2357 412 2374 ,
451 2342 522 2379 qua
555 2329 854 2370 Alcidamantem
883 2342 1006 2371 morte
1051 2342 1293 2382 praeventum

249 2380 388 2422 fertur,
414 2391 460 2416 ne
479 2380 590 2419 filiam
614 2383 651 2419 in
673 2383 887 2421 columbam
916 2390 1094 2421 mutatam
1128 2384 1294 2430 videret,

251 2426 298 2464 de
320 2428 393 2481 ‘hac
420 2430 502 2486 alibi
515 2459 535 2486 ι,
573 2440 828 2483 praeterquam
860 2434 963 2483 quod
983 2432 1002 2471 a
1030 2435 1226 2473 Lactantio
1253 2436 1291 2474 in

249 2479 424 2524 perlocha
452 2480 606 2525 dicitur,
633 2484 724 2521 nihil
751 2484 927 2522 traditum
958 2486 1179 2523 invenimus.
1208 2498 1292 2534 pro-

252 2534 376 2573 pterea
394 2530 496 2578 quod
524 2532 709 2578 auctores,
736 2535 800 2581 qui
827 2535 1051 2573 obscuriores
1070 2536 1285 2585 hujusmodi

255 2576 472 2624 metarunt,
486 2592 608 2631 neque
617 2585 712 2632 apud
732 2586 894 2624 Graecos
907 2598 1051 2635 ,neque
1071 2587 1167 2636 apud
1188 2588 1293 2626 Lati-

252 2637 322 2663 nos
342 2630 427 2665 certi
456 2640 564 2681 arque
594 2633 718 2672 idonei
750 2636 861 2685 aliqui
891 2637 1033 2675 restant.
1071 2639 1295 2677 Mrcrttus.

255 2681 346 2713 Ceae
371 2677 565 2726 legendum
597 2683 743 2721 Graecis
768 2687 870 2729 Κεῖος
891 2714 901 2730 ,
930 2693 1001 2725 Cea
1029 2689 1182 2727 Latinis.
1211 2702 1299 2728 nam

250 2727 356 2775 quod
376 2731 470 2784 apud
489 2731 694 2771 Phaedrum
712 2734 772 2772 lib.
790 2748 845 2775 xv.
871 2738 943 2776 fab.
965 2751 1026 2777 21.
1062 2739 1107 2778 de
1136 2741 1300 2779 Simoni-

255 2776 302 2816 de
322 2777 475 2827 legitur:

307 2833 396 2884 Erat
418 2841 536 2867 autem
556 2842 660 2870 natus
673 2862 682 2877 ‚
712 2844 752 2871 ut
772 2836 875 2884 ajunt
889 2865 899 2880 ‚
927 2837 966 2874 in
986 2844 1051 2876 Ceo
1073 2840 1200 2889 insula.

256 2877 496 2918 scribendum
518 2884 674 2930 opinor,
701 2884 740 2920 in
760 2892 829 2922 Cea
854 2887 992 2933 insula,
1030 2891 1091 2927 vix
1111 2893 1210 2929 enirn
1233 2894 1297 2930 ali-

254 2937 311 2984 rer
329 2930 493 2970 Romani
522 2933 721 2980 scriptores.
752 2935 964 2974 Hmsms.
1017 2939 1209 2978 Confundi
1235 2943 1295 2980 has

256 2980 388 3018 insulas
423 2981 551 3021 docuit
579 2984 739 3022 Broukh.
770 2985 813 3023 ad
842 2987 1004 3035 Propert.
1028 3001 1054 3025 1.
1079 2989 1170 3038 eleg.
1194 3003 1237 3027 11.
1261 3004 1297 3031 2.

252 3030 414 3088 fabulam
434 3033 528 3071 hanc
545 3034 648 3073 latius
671 3037 780 3073 refert
791 3036 973 3075 Antonin.
994 3039 1166 3077 Liberalis
1180 3052 1254 3089 cap.
1267 3055 1295 3080 1.

253 3092 320 3136 qui
348 3082 459 3122 filiam
488 3084 752 3125 Alcidamantis
777 3088 974 3136 Ctesyllam
998 3099 1130 3131 vocar,
1160 3092 1198 3127 &
1215 3103 1294 3130 non

257 3142 295 3168 in
310 3132 509 3179 Carthaea,
536 3135 597 3174 sed
615 3137 734 3183 Julide
755 3137 852 3176 Ceae
874 3138 961 3176 urbe
981 3138 1145 3177 accidisse
1164 3151 1293 3181 narrat,

255 3183 434 3221 Carthaea
453 3199 556 3222 arva,
575 3188 658 3225 infr.
682 3187 743 3226 lib.
762 3200 796 3226 x.
822 3201 904 3237 109.
941 3190 1065 3227 Aliam
1087 3191 1294 3230 Metamor-

255 3232 396 3275 pholinv
414 3236 606 3275 Peristerae
636 3239 836 3287 Nymphae
866 3242 901 3277 in
932 3240 1143 3280 columbam
1175 3253 1294 3284 narrat

254 3278 379 3322 Lutat.
395 3284 442 3325 ad
463 3286 550 3327 Stat.
569 3300 625 3329 xv,
645 3289 720 3331 Th.
742 3291 824 3330 226.
851 3290 1120 3332 Buamunua

384 997 399 1025 f
428 1001 565 1058 Hyrie
586 1010 729 1045 autem
750 1009 886 1044 mater
909 998 994 1059 ejus
1007 998 1151 1058 flendo
1183 998 1354 1059 udfidue
1377 995 1519 1060 cusum
1532 996 1625 1057 filii
1636 993 1713 1057 sui
1726 1026 1741 1053 ,
1776 995 1820 1040 in
1834 992 2032 1056 stagnum
2052 992 2220 1039 deorum
2233 995 2385 1057 miseri-

2264 1121 2394 1180 Inde·

1399 1263 1484 1314 369.
1514 1261 1708 1301 placidam.
1729 1261 1746 1312 ]
1801 1260 1966 1300 placidae
1982 1259 2137 1300 Cantab.
2166 1260 2206 1299 ὃς
2227 1262 2386 1313 quinque

1348 1314 1419 1356 alii,
1443 1314 1611 1365 placitam
1632 1327 1684 1364 pr.
1701 1315 1843 1352 Moret.
1870 1313 2008 1362 placido
2033 1323 2126 1352 unus
2149 1312 2320 1352 Gronov.
2335 1323 2387 1364 pe-

1349 1368 1436 1403 crore
1464 1365 1571 1403 Leid.
1600 1367 1637 1403 &
1658 1365 1787 1403 Ambr.

1399 1425 1415 1444 τι
1442 1416 1597 1467 Tempe]
1630 1422 1748 1466 Tempe
1766 1416 1860 1453 vidit
1886 1417 2043 1454 Raener.
2063 1414 2194 1453 Heins.

1402 1468 1420 1495 b
1448 1473 1580 1505 Amore
1590 1467 1733 1517 pueri]
1757 1471 1889 1505 Amore
1914 1467 2025 1516 Cycni
2045 1465 2167 1515 Hyries
2177 1464 2250 1514 filii
2271 1474 2298 1504 t.
2309 1466 2390 1516 ejus-

1351 1532 1416 1569 que
1436 1519 1554 1568 imper.
1582 1532 1638 1556 vo.
1665 1519 1687 1555 i.
1713 1531 1748 1556 a.
1773 1528 1800 1557 t.
1835 1517 1979 1568 cepiffet,
2000 1529 2040 1553 ac
2066 1516 2125 1554 ubi
2154 1530 2301 1555 manum
2314 1517 2399 1567 pari·2

1353 1570 1519 1618 coegiffit,
1546 1570 1575 1607 ei
1592 1569 1803 1618 tradidisset,
1831 1583 1938 1619 neque
1968 1568 2040 1606 ideo
2059 1567 2187 1619 potitus
2206 1581 2240 1605 eo
2250 1567 2388 1617 fuisset,

1353 1620 1558 1670 indignatus
1585 1634 1663 1657 cum
1693 1618 1867 1668 noviffi'me
1902 1630 2048 1657 taurum
2075 1618 2204 1669 viciſjet
2222 1647 2232 1664 ,
2260 1618 2398 1668 petentit

1345 1681 1448 1721 puero
1467 1672 1620 1720 negavit.
1648 1671 1737 1722 quod
1747 1684 1842 1720 aegre
1855 1672 1974 1719 ferens
1987 1679 2089 1720 puer,
2102 1682 2180 1707 oum
2189 1670 2225 1718 se
2242 1683 2283 1706 ex
2292 1678 2392 1719 praef

1353 1722 1446 1773 cipiti
1468 1722 1536 1759 loco
1550 1722 1679 1771 jaceret
1700 1722 1738 1759 in
1759 1737 1797 1759 v.
1817 1736 1844 1760 0.
1866 1735 1892 1760 c.
1915 1736 1943 1760 e.
1971 1723 2126 1759 Raener.
2147 1719 2274 1758 Heins.
2410 1760 2415 1764 ἢ

1403 1781 1419 1800 c
1447 1779 1602 1810 Manum
1616 1772 1732 1822 [καὶ]
1772 1773 1815 1810 Id
1834 1773 1883 1810 est
1902 1773 2133 1810 mansuetum
2160 1783 2229 1809 nec
2247 1771 2364 1808 ferum
2378 1798 2390 1816 ,

1351 1823 1414 1862 sed
1434 1824 1579 1862 facilem
1600 1825 1638 1861 &
1657 1823 1906 1862 commodum
1930 1822 2021 1868 effe,
2048 1822 2168 1861 Barth.
2187 1820 2284 1859 Adv.
2303 1832 2402 1859 vm..

1357 1886 1413 1921 17.
1430 1876 1467 1912 ἃ
1489 1889 1525 1913 x.
1551 1875 1584 1912 8.
1620 1875 1668 1913 ita
1691 1876 1728 1912 &
1758 1875 1928 1912 Lutatius
1960 1874 2021 1911 lib.
2043 1887 2080 1910 x.
2105 1885 2138 1922 3.
2175 1884 2317 1909 cervum
2330 1880 2390 1922 pa-

1351 1926 1494 1963 tientem
1514 1939 1651 1963 manus.
1671 1925 1850 1974 Quinctil.
1873 1924 1979 1962 Decl.
1999 1935 2101 1961 cccx.
2127 1929 2234 1960 Muta
2256 1923 2392 1960 anima-

1357 1976 1406 2013 lia
1419 2005 1429 2022 ‚
1456 1990 1544 2025 quae
1563 1977 1681 2013 venire
1700 1976 1748 2017 ad
1767 1988 1914 2012 manum
1941 1985 1986 2014 (γ’
2012 1973 2239 2023 mansuescere
2255 1983 2400 2023 queunt.»

1355 2027 1521 2066 Locutio
1544 2027 1629 2065 inde
1650 2026 1813 2064 desumra
1828 2054 1838 2070 ,
1866 2026 1969 2075 quod
1989 2025 2177 2063 mansueta
2189 2024 2340 2062 mulceri
2359 2023 2396 2062 se.

1355 2091 1468 2116 manu
1481 2106 1491 2123 ,
1519 2079 1619 2117 cibos
1635 2077 1695 2116 fibi
1710 2077 1896 2127 porrigi&
1911 2076 2040 2114 similia
2050 2077 2244 2125 patiantur.
2270 2075 2396 2121 Lucas·

1356 2140 1423 2168 nus
1450 2129 1510 2167 lib.
1531 2142 1584 2167 w.
1606 2140 1690 2178 237.

1408 2181 1462 2217 sic
1482 2179 1541 2217 ubi
1558 2181 1712 2229 desuetae
1722 2177 1825 2229 silvis
1846 2178 1886 2215 in
1907 2190 2037 2215 carcere
2058 2176 2170 2226 clauso

1403 2233 1634 2280 Mansuevere
1650 2232 1769 2278 serae,
1795 2241 1839 2269 ω·
1858 2229 1981 2266 vultus
1996 2230 2130 2279 posuere
2147 2227 2321 2275 minaces,

1405 2288 1528 2332 Atque
1551 2282 1724 2319 hominem
1748 2280 1894 2318 didicere
1906 2280 1995 2331 pati.

1352 2332 1429 2370 Ubi
1459 2333 1632 2370 hominem
1657 2332 1754 2382 pati,
1792 2331 1892 2370 idem
1921 2331 1969 2369 est
1998 2329 2103 2381 quod
2131 2330 2293 2376 Nostro,
2316 2332 2392 2368 mass·

1350 2397 1437 2421 num
1457 2384 1543 2431 pati.
1571 2384 1838 2422 BuRMANNus.
2398 2383 2410 2391 ”

1401 2432 1419 2461 d
1447 2434 1558 2471 Labor
1586 2436 1656 2484 ejus
1677 2434 1831 2484 potiendi
1863 2445 1987 2470 merces
2012 2430 2225 2481 exstitiffet.]
2266 2430 2382 2478 Justiu.

1346 2485 1408 2522 lib.
1425 2496 1454 2522 1.
1467 2497 1581 2533 cap.7.
1596 2486 1704 2522 Brevi
1708 2485 1777 2536 post
1789 2494 1934 2534 tempore
1944 2483 2057 2520 caedes
2067 2482 2248 2520 Candauli
2258 2481 2386 2525 nuptia-

1350 2549 1431 2573 rum
1447 2536 1598 2586 pretium
1611 2537 1701 2582 fuit.
1730 2538 1783 2574 lta
1803 2537 1962 2573 omnino
1983 2533 2181 2583 legendum
2206 2533 2386 2571 cumsum-
2462 2571 2463 2575 ,

1354 2598 1420 2624 mo
1439 2588 1520 2624 viro
1550 2588 1580 2634 J.
1612 2587 1716 2625 Fred.
1750 2587 1961 2624 Gronovio.
1990 2597 2067 2622 non
2091 2584 2298 2622 merebatur
2321 2583 2395 2621 elev
2462 2593 2463 2598 ¹

1350 2649 1438 2686 gans
1458 2638 1518 2676 ista
1539 2638 1717 2687 loquendi
1737 2639 1829 2675 ratio
1844 2665 1855 2682 ‚
1881 2644 1921 2674 ut
1942 2635 1962 2673 a
1977 2635 2160 2673 Raenerio
2187 2636 2387 2673 obliterare*

1354 2697 1424 2726 tur.
1451 2688 1625 2726 Fabulam
1647 2689 1742 2725 hane
1760 2689 1964 2726 luculenter
1992 2694 2110 2725 narrat
2128 2687 2308 2724 Antonin.
2327 2684 2395 2722 Li·-

1355 2738 1463 2776 beral.
1483 2751 1561 2788 cap.
1582 2751 1637 2776 12.
1670 2740 1942 2776 Muncrffirzm.

1407 2796 1424 2815 θ
1452 2795 1544 2826 Cum
1558 2790 1631 2840 se.]
1682 2795 1739 2827 Ex
1766 2799 1819 2839 pr.
1837 2791 1860 2828 l.
1879 2802 1958 2827 cum
1981 2790 2019 2839 fic
2049 2802 2077 2826 o.
2098 2787 2255 2826 laborum
2266 2787 2392 2838 jaceret·
2456 2829 2458 2838 .

1355 2839 1474 2877 Parm.
1495 2841 1615 2890 Lugd.
1636 2841 1779 2890 Micyll.

1404 2890 1420 2917 f
1445 2891 1588 2941 Hyrie]
1618 2892 1738 2940 Hyries
1756 2901 1869 2941 mater
1886 2891 1924 2929 in
1934 2889 2099 2939 stagnum
2124 2890 2244 2928 Patm‘.

1401 2948 1421 2976 g
1448 2941 1639 2990 Delicuit.]
1661 2942 1788 2979 Elicuit
1809 2943 1929 2980 Parm.
2453 2984 2454 2989 ,

1406 3001 1490 3039 371.
1524 2993 1606 3028 Inde
1624 2992 1719 3029 lacus
1741 2992 1900 3042 Hyriea]
1931 2992 2052 3041 Hyrie
2071 2992 2201 3030 fluvius
2212 2989 2384 3029 estBoeo·
2453 2995 2454 2999 ’

1351 3040 1424 3077 tiae
1444 3068 1453 3082 ‚
1480 3041 1526 3078 de
1555 3054 1632 3090 quo
1664 3043 1853 3080 Homerus
1883 3045 1920 3080 in
1954 3055 2000 3080 11.
2024 3042 2122 3080 lliad.
2150 3042 2199 3079 est
2220 3038 2384 3088 &Hyrie
2451 3060 2452 3071 κ

1352 3090 1455 3139 regio
1470 3092 1576 3139 juxta
1595 3093 1770 3131 Aulidem
1787 3106 1795 3130 :
1824 3093 1873 3130 est
1896 3095 1933 3131 δε
1953 3093 2036 3131 urbs
2047 3092 2198 3129 Isauriae
2215 3093 2315 3141 juxta
2325 3089 2383 3126 Se-

1351 3140 1530 3179 leuciam:
1561 3143 1607 3179 est
1626 3144 1736 3181 eriam
1751 3145 1786 3181 in
1798 3144 1950 3194 Japygia
1965 3142 2192 3180 Cretensium
2205 3152 2305 3190 opus.
2327 3136 2383 3177 sed

1345 3190 1444 3228 lacus
1464 3193 1600 3241 Hyries
1625 3195 1730 3242 juxta
1755 3195 1906 3244 Tempe
1935 3191 2006 3231 ess'e
2033 3193 2154 3230 innuit
2182 3195 2312 3239 poeta,
2339 3188 2383 3226 fic

1347 3240 1465 3280 dieros
1485 3242 1505 3279 a
1533 3244 1613 3281 casu
1639 3245 1795 3294 Hyries,
1822 3256 1919 3293 quae
1937 3242 2062 3280 flendo
2080 3241 2245 3280 amissum
2271 3240 2383 3278 filium

1343 3292 1386 3332 in
1408 3293 1553 3335 fontem
1576 3295 1628 3335 sui
1646 3296 1810 3335 nominis
1825 3293 1999 3335 conversa
2017 3294 2099 3334 fuit.
2125 3304 2211 3333 nam
2227 3289 2382 3389 Phygigs
