2483 3616
603 158 662 214 P.
736 153 1157 215 OVIDII

124 160 255 210 1062

1232 155 1761 214 NASONIS

264 288 364 339 575
405 270 658 346 Vinaque
683 274 772 328 dat
799 271 993 343 pateris
1018 290 1029 326 :
1069 271 1526 342 mactatarumque
1551 272 1864 337 bidentum,

406 346 558 417 Quid
583 347 673 401 fibi
699 345 1024 416 significent,
1062 343 1383 416 trepidantia
1407 343 1635 396 consulit
1664 359 1802 400 exta.

409 419 566 491 Quae
590 419 739 472 simul
768 418 996 490 inspexit
1021 417 1342 490 Tyrrhenae
1366 415 1539 487 gentis
1567 415 1856 487 haruspex3

408 492 612 562 Magna
639 490 863 562 quidem
887 507 1069 545 rerum
1095 489 1370 544 molimina
1395 488 1530 542 vidit
1559 488 1613 541 in
1639 487 1736 541 iliis
1753 530 1768 551 ‚

409 565 535 618 Non
564 563 836 617 manifesta
858 577 1053 618 tamen.
1093 579 1220 617 cum
1247 562 1376 615 vero
1402 561 1600 615 sustulit
1625 577 1747 614 acre

267 639 371 711 580
410 638 462 691 A
487 635 760 707 pecudum
783 637 926 691 fibris
951 636 1018 691 ad
1044 636 1170 708 Cipi
1197 652 1398 690 cornua
1423 635 1638 694 lumem
1795 706 1805 716 .

411 709 565 772 Rex,
602 710 702 774 ait,
740 711 774 763 ὀ
800 710 973 764 salve:
1018 709 1114 762 tibi
1140 709 1312 772 enim,
1353 707 1481 769 tibi,
1525 708 1693 779 Cipe,
1732 718 1944 779 tuisque

408 781 524 837 Hic
550 785 700 837 locus
719 823 734 848 ,
777 783 833 836 δε
862 783 1050 838 Latiae
1074 782 1337 854 parebunt
1363 780 1616 835 cornibus
1642 789 1807 834 arces}

407 855 504 910 Tu
529 856 696 910 modo
726 874 917 928 rumpe
943 873 1150 911 moram
1178 874 1189 909 :

1229 867 1518 927 portasque
1542 853 1739 908 intrare
1765 865 2008 925 patentes

419 929 742 1001 Adpropera
767 948 779 984 ε
821 929 890 984 fic
917 929 1022 983 fata
1046 928 1245 998 jubent.
1284 945 1516 1001 namque
1543 925 1692 980 Urbe
1719 941 1965 999 receptus

249 1059 252 1062 ,
274 1005 376 1074 585
415 1003 538 1058 Rex
564 1002 697 1064 eris;
740 1002 796 1057 Sc
821 1004 1034 1074 sceptro
1061 1016 1207 1057 tutus
1235 1001 1445 1075 potiere
1472 1000 1710 1072 perenni.

415 1075 628 1132 Retulit
658 1074 744 1130 ille
768 1075 964 1148 pedem
991 1094 1003 1129 ε
1045 1088 1363 1149 torvamque
1389 1076 1417 1128 a
1443 1073 1725 1129 moenibus
1750 1072 1912 1128 Urbis

385 1185 388 1188 -
417 1152 687 1204 Avertens
711 1150 933 1213 faciem,
972 1149 1202 1214 Procul,

1241 1150 1306 1203 ah
1332 1149 1523 1219 procul
1550 1147 1757 1210 omina,
1795 1147 1961 1212 dixit,

418 1222 577 1277 Talia
601 1221 674 1275 Di
700 1223 896 1292 pellant
923 1241 933 1276 :
976 1224 1259 1292 multoque
1288 1238 1391 1293 ego
1414 1220 1596 1291 justius
1621 1237 1813 1275 aevum

417 1295 581 1350 Exsul
606 1311 789 1366 agam3

831 1313 991 1368 quam
1020 1314 1107 1350 me
1133 1296 1351 1350 videant
1378 1294 1645 1366 Capitolia
1675 1310 1879 1366 regem.

270 1388 375 1443 590
414 1369 568 1424 Dixit
596 1385 607 1421 ε
650 1367 705 1422 Sc
729 1370 1005 1442 extemplo
1029 1370 1400 1443 populumque
1425 1385 1754 1442 gravemque
1781 1367 2038 1423 Senatum

124 1584 272 1633 Fontej.
309 1597 366 1632 17.
394 1585 512 1623 Nolite
534 1586 631 1636 pati,
661 1583 819 1636 judices‚'
847 1599 930 1624 aras
949 1587 1088 1627 deorum
1108 1585 1177 1625 im-

124 1636 328 1673 mortalium
350 1637 526 1688 Vestaeque
555 1638 680 1674 matris
709 1638 926 1687 quotidianis
950 1640 1100 1688 virginis
1124 1639 1178 1676 la-

125 1687 396 1724 mentationibus
419 1688 459 1724 de
477 1688 585 1735 vestro
601 1688 732 1737 judicio
753 1692 970 1730 commoneri.
999 1692 1132 1730 Bunm.

180 1751 262 1797 576.
290 1753 388 1797 Qud
407 1751 718 1803 fibifignificent.]
748 1755 850 1802 Qae
861 1752 930 1804 fibi
940 1753 1042 1805 signa
1055 1759 1182 1805 ferant

125 1800 298 1839 Leidens.
319 1803 414 1840 forte
438 1815 504 1851 pro
530 1804 626 1854 quid.

177 1872 261 1908 577.
287 1864 390 1910 (Qae
412 1861 520 1911 fimul
547 1864 741 1916 adspexit.]
783 1868 935 1917 Inspexit
964 1882 1049 1909 cum
1068 1871 1179 1920 prim.

125 1911 278 1949 Bonon.
310 1913 455 1951 Servius
486 1913 637 1952 AEneid.
670 1930 722 1954 iv.
754 1918 814 1964 64.
842 1922 1024 1970 Aruspices
1052 1924 1181 1972 proprie

127 1972 209 1998 exta
238 1962 406 2010 consulere
429 1964 619 2010 dicuntur,
649 1980 726 2003 cum
747 1968 945 2017 inspiciunt.
975 1974 1013 2010 &
1033 1974 1155 2012 Festus
1170 2003 1181 2019 ‚

125 2013 238 2060 Cujus
265 2013 314 2048 ad
339 2023 420 2050 exta
440 2015 647 2062 inspicienda
669 2018 908 2057 conducuntur
927 2022 1065 2061 harioli.
1092 2026 1181 2064 hinc

125 2063 268 2112 inspicia
291 2074 449 2101 extorum
470 2065 707 2104 Tertulliano
731 2078 858 2107 contra
883 2073 1142 2112 Marcionem:

731 2136 815 2184 poffe
835 2137 954 2175 videre

177 2189 352 2222 Extorum
370 2183 518 2233 inspiciis
531 2213 542 2229 ,
571 2198 691 2236 resque
710 2187 877 2236 explicare
886 2191 1047 2236 futuras.

129 2255 227 2304 apud
250 2255 426 2293 Nostrum
451 2254 569 2302 ipsum
589 2253 692 2302 supra
711 2255 938 2305 Pythagoras
953 2287 963 2303 ‚
996 2271 1078 2309 137.

181 2318 346 2355 Protinus
362 2326 491 2367 ereptas
510 2316 655 2354 viventi
670 2320 798 2364 pefflore
812 2320 923 2368 fibras

183 2370 368 2418 Inspiciunt
385 2396 395 2414 ,
424 2379 622 2418 mentesque
643 2369 747 2407 deum
771 2371 953 2411 rimantur
974 2373 1012 2412 in
1034 2374 1118 2415 illis.

131 2446 318 2494 juvenalis
342 2448 413 2487 Sat.
438 2460 504 2485 111.
523 2460 580 2495 44.

312 2531 483 2555 ranarum
509 2519 644 2569 viscera
665 2534 851 2573 nunquam

186 2569 332 2617 Inspexi.

136 2644 278 2683 Seneca
297 2647 462 2696 Thyeste
477 2679 487 2695 ‚
516 2663 601 2700 757.

190 2711 247 2745 At
268 2708 327 2745 ille
339 2709 449 2756 fibras
469 2718 600 2752 tractat
614 2745 624 2761 ,
653 2720 793 2765 &fata
815 2720 962 2772 inspicit.

135 2772 308 2829 exempla
336 2773 492 2831 plurima
522 2778 601 2816 sunt
628 2782 665 2817 in
699 2793 861 2828 promtu.
900 2785 1062 2834 Inspicere
1084 2801 1189 2826 avem

137 2823 301 2861 iormula
322 2826 502 2871 auguralis
522 2829 618 2874 apud
638 2831 805 2870 Servium
824 2835 868 2872 ad
888 2836 941 2876 jis.
957 2839 1190 2884 375.lib.1r1.

138 2873 293 2912 AEneid.
313 2875 412 2912 unde
434 2877 471 2911 ὃ(
498 2877 648 2924 auspicia
672 2880 739 2916 sint
759 2883 867 2920 dici-a.
898 2886 1039 2924 Huius.
1069 2889 1192 2926 Cicer.

139 2925 185 2962 dc
211 2925 337 2962 Divin.
365 2938 393 2963 1.
422 2927 642 2963 Democritus
660 2940 777 2965 autem
801 2936 1083 2982 censetsapientes
1095 2939 1192 2985 insti-

140 2975 236 3023 tuisse
268 2986 423 3019 veteres,
462 2988 501 3012 ut
533 2977 722 3022 hostiarum
754 2981 1019 3020 immolatarum
1053 2988 1192 3036 inspice-

141 3037 263 3062 rentur
281 3037 374 3063 exta.
393 3027 509 3064 Plaut.
533 3029 696 3066 Aulular.
719 3042 779 3068 111.
799 3031 843 3069 sc.
864 3045 917 3071 vr.
937 3046 996 3082 29.
1023 3031 1118 3074 Exta
1133 3038 1191 3075 in-

134 3078 260 3125 spicere
283 3077 319 3113 in
333 3077 404 3125 sole
424 3078 531 3114 etiam
552 3079 638 3115 vivo
661 3081 750 3118 licet.

196 3153 278 3187 579.
309 3141 452 3189 Sustulit
473 3142 588 3190 acre]
619 3149 747 3181 Acrem
761 3157 832 3184 eye.
845 3144 989 3182 vultum
1003 3159 1094 3185 unus
1105 3149 1195 3187 Mo-

145 3192 223 3227 reti.
254 3193 341 3246 atris
373 3206 394 3228 a
420 3194 560 3236 pecudis
584 3193 685 3240 fibris
704 3196 770 3233 sec.
793 3196 908 3233 Stroz.
925 3197 1066 3246 sustulit
1085 3213 1196 3249 augur

145 3252 237 3278 unus
260 3242 415 3280 Heiiilii.
437 3244 508 3280 alte
530 3245 638 3283 Leid.
661 3247 698 3285 ὃ(
719 3247 872 3284 Moreti.

197 3303 282 3351 580.
309 3309 345 3343 A
364 3307 504 3356 pecudis
517 3308 659 3361 floria]
691 3316 728 3349 A
744 3311 917 3361 secudum
936 3313 1193 3366 rectiusFranss

2137 1444 2286 1501 Con-

1233 1587 1307 1625 cof.
1328 1593 1369 1625 ut
1389 1585 1527 1624 vitetur
1550 1582 1723 1634 repetitio
1733 1582 1887 1633 syllabae
1901 1581 2067 1632 ejusdem
2081 1583 2121 1624 is.
2134 1584 2172 1623 δε
2185 1588 2290 1634 prae-f

1233 1639 1333 1677 ceffit
1354 1640 1661 1687 maciatarumque
1681 1635 1875 1673 bidentum.

1290 1715 1375 1764 581.
1404 1721 1433 1752 O
1455 1714 1579 1764 salve,
1607 1713 1673 1750 tibi
1694 1713 1809 1756 enim,
1838 1712 1904 1750 tibi
1923 1741 1932 1756 ‚
1957 1714 2081 1764 Cippe‚
2111 1714 2288 1767 tuisque]

1238 1767 1352 1805 Liber
1380 1778 1507 1811 meus,
1537 1765 1614 1802 Tibi
1644 1765 1738 1802 enim
1762 1766 1844 1814 jam
1870 1764 1971 1815 Cippe
1998 1766 2146 1817 tuisque.
2173 1768 2291 1817 Quod

1239 1819 1355 1868 magis
1374 1817 1504 1869 probo.
1534 1817 1704 1855 CxorAN.

1290 1893 1376 1941 582.
1403 1894 1624 1944 Parebunt]
1663 1893 1848 1932 Debebunt
1884 1896 1991 1944 prim.
2028 1896 2175 1934 Bonon.
2204 1894 2292 1933 vide

1236 1942 1329 2001 supr.
1348 1958 1431 1993 442.
1462 1947 1523 1987 sed
1543 1954 1632 1985 tunc
1651 1946 1876 1996 legendum,
1904 1945 1969 1982 tibi
1987 1946 2080 1982 enim
2100 1949 2162 1994 se,
2188 1946 2292 1995 Cipe,

1239 2004 1377 2048 tuisque
1394 2009 1466 2037 (9¹6.

1293 2061 1378 2110 583.
1404 2068 1536 2112 Rumpe
1574 2059 1730 2110 moras.]
1776 2066 1920 2097 Moram
1953 2060 2105 2100 Thuan.
2143 2063 2295 2102 Herm.

1240 2110 1289 2148 Et
1307 2112 1356 2149 ita
1373 2111 1434 2149 sex
1452 2113 1523 2150 alii.
1549 2122 1667 2161 rumpe
1685 2113 1765 2149 vias
1784 2112 1953 2150 Menard.
1978 2112 2061 2150 cod.

1295 2176 1380 2224 583.
1406 2183 1595 2227 Portasque
1623 2177 1757 2214 intrare
1779 2187 1936 2227 patentes
1958 2179 2194 2229 Appropera.]
2234 2180 2295 2219 Sic

1242 2226 1304 2265 lib.
1322 2227 1404 2264 Urs.
1421 2227 1484 2266 lib.
1506 2227 1597 2266 vero
1621 2228 1773 2266 Caciest.
1800 2236 1857 2266 Ha
1870 2238 2010 2279 propera
2035 2230 2146 2268 Liber
2164 2243 2268 2270 meus
2283 2259 2296 2275 ‚

1245 2283 1285 2315 A
1308 2287 1460 2328 propera.
1500 2279 1618 2327 Quod
1649 2279 1749 2317 idem
1781 2280 1840 2318 est.
1878 2283 1976 2318 Nam
2006 2286 2046 2317 A
2075 2282 2112 2319 ὅ(
2136 2288 2218 2327 Ha,
2253 2291 2295 2320 ut

1245 2328 1350 2378 supra
1378 2329 1523 2367 testatus
1550 2331 1626 2368 sum
1642 2358 1651 2374 ‚
1680 2342 1747 2379 pro
1770 2331 1906 2369 eodem
1927 2330 1948 2368 ὲ
1968 2331 2115 2370 librariis
2135 2334 2296 2382 antiquis

1242 2380 1483 2427 scriptitatum
1503 2380 1564 2418 est.
1586 2380 1606 2418 a
1627 2382 1890 2420 recentioribus
1913 2382 2003 2420 vero
2017 2383 2092 2420 Ah.
2121 2383 2296 2432 Superior

1242 2430 1358 2469 lectio
1381 2432 1494 2480 magis
1508 2432 1599 2470 mihi
1617 2432 1802 2480 probatur.
1830 2434 2001 2471 CrofAN.
2031 2441 2235 2484 Hapropera
2247 2434 2298 2472 cst

1245 2483 1284 2518 in
1308 2482 1397 2519 odio
1429 2483 1642 2521 codicibus:
1676 2492 1852 2534 oppropera
1872 2486 1908 2522 in
1930 2496 2019 2523 uno.
2040 2495 2079 2523 at
2097 2494 2239 2536 propera
2258 2485 2296 2524 in

1246 2532 1330 2570 alio.
1351 2545 1395 2573 cy·
1409 2562 1419 2579 ,
1447 2535 1484 2571 &
1503 2547 1544 2571 ac
1558 2544 1699 2584 propera
1721 2537 1758 2573 in
1779 2536 1868 2574 aliis.

1299 2597 1385 2648 585.
1417 2599 1602 2649 Perenni]
1634 2606 1700 2636 Per
1719 2613 1849 2637 aevum
1871 2600 2024 2641 Thuan.

1299 2663 1382 2712 586.
1412 2663 1649 2715 Illepedem.]
1680 2665 1765 2702 Inde
1787 2665 1863 2704 duo
1882 2666 1973 2704 libri.

1301 2728 1386 2775 587.
1420 2729 1547 2765 Procul
1582 2729 1636 2778 6.]
1686 2729 1809 2766 Procul
1846 2729 1894 2766 ah
1942 2737 2083 2767 veteres
2119 2728 2299 2780 plerique.¹

1246 2779 1394 2818 Hiems.
1423 2779 1545 2817 Procul
1564 2779 1644 2817 hinc
1664 2780 1833 2818 Leidens.

1301 2846 1384 2893 588.
1412 2847 1589 2897 Justius.]
1639 2847 1763 2883 Tutius
1798 2854 1867 2881 tres
1898 2843 1991 2882 libri.
2028 2844 2139 2882 multo
2168 2859 2300 2896 quoque

1247 2898 1420 2934 totidem.
1439 2910 1506 2945 pro
1529 2897 1687 2946 capitolia
1705 2903 1779 2933 erat
1803 2895 1839 2931 in
1862 2895 2074 2941 Tliuaneo,
2099 2897 2298 2946 depamina,

1247 2947 1351 2996 quod
1373 2949 1462 2996 quid
1484 2949 1573 2986 velit
1589 2947 1726 2984 nescio.

1304 3025 1389 3058 590.
1416 3017 1638 3060 Gravemque
1652 3011 1817 3059 senatum
1837 3011 2055 3062 Convocat.]
2086 3013 2300 3052 SicPlautus

1252 3062 1290 3098 in
1316 3061 1484 3109 Epidico.
1512 3063 1604 3107 Jam
1624 3067 1790 3110 senarum
1813 3063 1999 3099 convocabo
2017 3065 2056 3099 in
2078 3064 2171 3100 corde
2193 3063 2300 3113 confi-

1248 3111 1408 3150 liarium.
1439 3114 1492 3150 M.
1517 3113 1660 3149 Tullius
1682 3113 1717 3149 in
1742 3127 1766 3149 1.
1785 3121 1876 3149 orat.
1888 3114 1924 3150 in
1937 3115 2132 3152 Catilinam
2151 3128 2159 3152 :
2182 3116 2297 3163 Qid,

1251 3163 1342 3212 quod
1371 3163 1516 3210 hesterno
1543 3163 1620 3207 die,
1650 3163 1730 3199 cum
1758 3163 1851 3200 domi
1871 3177 1966 3201 meae
1978 3175 2085 3214 paene
2102 3166 2300 3212 interficias

1251 3216 1367 3262 estem,
1396 3220 1562 3250 Senatum
1592 3214 1631 3250 in
1659 3214 1777 3250 aedem
1796 3215 1906 3260 Jovis
1923 3215 2070 3252 Statoris
2090 3216 2229 3254 vocavi.
2257 3218 2298 3254 δζ

1250 3265 1309 3302 lib.
1331 3278 1364 3301 v.
1387 3265 1568 3302 Familiar.
1597 3265 1782 3301 Recordare
1807 3275 1916 3302 cetera
1928 3281 1940 3310 ;
1976 3279 2084 3315 quam
2107 3266 2171 3303 cito
2192 3273 2300 3314 Sena-5

1248 3326 1325 3367 tum
1346 3315 1404 3356 illo
1424 3315 1501 3363 die,
1520 3317 1623 3365 facia
1633 3315 1838 3369 sortitiene,
1867 3317 2038 3367 coegerim.
2068 3318 2235 3355 C10FAN.

1400 3368 1403 3370 '
2085 3379 2171 3418 591.
2201 3372 2302 3417 Ante
