2483 3616
328 152 1563 217 METAMORPHOSEON
1630 156 1778 216 Lm.

1852 162 1960 225 I‘X.
2125 171 2225 236 633
2284 233 2295 243 .

369 271 543 335 Mox,
579 283 640 325 ut
666 281 809 334 erat,
845 271 1200 347 pharetraque
1218 272 1421 347 gravi&
1457 271 1734 348 spolioque
1765 274 1961 342 leoniS,

376 344 548 414 (Nam
566 344 802 407 clavam,
838 344 894 398 &
918 362 1110 400 curvos
1136 359 1276 401 trans
1297 346 1467 417 ripam
1492 345 1702 400 miserat
1725 351 1910 418 arcus)

226 432 326 486 115
366 415 826 487 Quandoquidem
850 418 1037 490 coepi,
1078 418 1390 491 superentur
1414 417 1664 483 flumina,
1700 418 1854 480 dixit.

367 488 486 542 Nec
511 487 749 554 dubitat;
789 507 889 544 nec
914 492 1020 564 qua
1044 490 1106 546 fit
1129 490 1564 546 clementiffimus
1591 492 1759 547 amnis

360 559 624 632 Quaerit:
667 561 721 615 &
750 562 1007 636 obsequio
1023 563 1233 619 deferri
1258 564 1454 636 spernit
1480 580 1751 636 aquarum.

362 631 591 705 Jamque
617 646 803 690 tenens
828 636 993 708 ripam
1009 676 1024 700 ,
1061 636 1238 692 miffos
1264 653 1391 691 cum
1415 637 1634 708 tolleret
1661 654 1842 702 are-ug,

367 705 628 777 Conjugis
652 709 872 779 agnovit
894 727 1114 764 vocem:
1155 708 1426 782 Neffoque
1449 721 1666 781 parante

229 795 329 833 120
366 776 570 833 Fallere
594 779 895 851 depolitum
910 821 923 843 ,

962 782 1092 853 Quo
1122 795 1176 836 te
1198 782 1420 846 fiducia,
1459 783 1676 847 clamat,

369 849 523 906 Vana
547 852 777 923 pedum,
810 854 1075 916 violente,
1113 855 1282 926 rapit?
1321 855 1443 919 tibi,
1481 853 1638 910 Neffe
1663 855 1939 924 biformis,

366 923 648 988 Dicimus,
683 926 908 990 exaudi,
945 944 1046 980 nec
1072 944 1155 981 res
1186 928 1449 1000 intercipe
1474 926 1689 984 nostras.

369 995 425 1050 Si
451 1010 505 1050 te
531 999 670 1052 nulla
696 999 802 1052 mei
825 998 1124 1053 reverentia
1147 1001 1348 1061 movit;
1386 1013 1437 1054 at
1464 999 1620 1054 orbes

358 1069 704 1124 Concubitus
729 1070 925 1125 vetitos
950 1084 1197 1143 poterant
1225 1072 1465 1126 inhibere
1489 1074 1710 1142 paterni.

220 1159 283 1197 12
291 1159 319 1210 5
358 1139 528 1196 Haud
553 1155 732 1197 tamen
758 1141 981 1214 effugies
997 1184 1012 1208 ,
1050 1145 1290 1217 quamvis
1315 1162 1419 1216 ope
1440 1144 1558 1198 fidis
1584 1146 1795 1218 equina.

360 1213 629 1279 Vulnere,
664 1233 774 1270 non
799 1216 1023 1288 pedibus
1055 1231 1109 1271 te
1137 1217 1440 1290 consequar.
1479 1217 1663 1272 ultima
1683 1217 1826 1274 dicia

361 1286 451 1341 Re
471 1287 690 1359 probat:
732 1287 788 1342 δε
815 1286 960 1342 miffa
982 1289 1237 1361 fugientia
1262 1302 1411 1361 terga
1432 1289 1617 1360 sagitta

358 1358 604 1430 Trajicit.
645 1361 875 1416 exstabat
902 1362 1104 1417 ferrum
1133 1362 1202 1416 de
1229 1362 1446 1434 peelore
1474 1361 1762 1418 aduncum.

360 1432 531 1506 Quod
555 1432 704 1488 fimul
730 1433 965 1489 evulsum
991 1435 1092 1498 est,
1134 1435 1337 1506 sanguis
1361 1452 1457 1507 per
1483 1447 1776 1510 utrumque
1801 1437 2044 1500 foramen

216 1522 319 1571 ‘130
356 1503 624 1570 Emicuit,
664 1507 862 1561 mixtus
891 1507 1123 1562 Lernaei
1151 1506 1270 1562 tabe
1295 1506 1501 1562 veneni.

361 1578 579 1651 Excipit
603 1579 745 1634 hunc
770 1579 973 1635 Neffus⁴
1048 1581 1241 1652 Neque
1267 1581 1410 1634 enim
1434 1580 1728 1638 moriemur
1750 1584 1934 1651 inulti,

362 1650 557 1706 Secum
583 1651 682 1705 ait:
726 1652 778 1706 &
809 1652 983 1707 calido
1010 1653 1269 1707 velamina
1293 1652 1454 1706 tincla
1477 1670 1670 1708 cruore

362 1722 471 1779 Dat
501 1741 692 1780 munus
717 1738 928 1798 raptae,
966 1725 1112 1781 velut
1133 1726 1411 1781 irritamen
1434 1726 1650 1782 amoris.

72 1954 224 2006 Taphio
243 1957 347 1999 fuisse
367 1959 571 2010 sepultum,
598 1956 700 1998 unde'
711 1960 824 1998 mirus
843 1958 885 1998 ea
907 1960 942 1998 in
964 1962 1117 2012 regione

65 2008 191 2045 faetor
204 2035 214 2051 ‚
243 2011 282 2047 ὃς
301 2011 397 2048 rivus
415 2012 626 2059 purulentus
650 2011 669 2048 ὲ
689 2011 841 2059 Taphio
862 2012 976 2049 fluens
991 2040 1001 2057 ,
1020 2011 1116 2061 apud

72 2057 310 2107 Antigonum
340 2061 431 2099 Hist.
450 2062 608 2100 Mirabil.
639 2061 660 2101 ὲ
692 2062 851 2112 Myrfilo
872 2062 1016 2101 Lesbio
1031 2074 1116 2113 pro—

64 2106 181 2145 iditur.
209 2108 353 2147 Herus.

125 2170 206 2196 102.
236 2161 430 2209 Trajefium
454 2171 546 2210 terga
557 2162 741 2214 fagitati]
781 2169 839 2201 Tr.
869 2162 1000 2213 viscera
1020 2165 1115 2212 ferro

70 2207 266 2247 Mediceus
276 2222 383 2255 unuS,
401 2212 464 2259 qui
486 2214 525 2249 &
547 2212 716 2262 deinceps
729 2243 739 2260 ,
758 2215 907 2264 jamque
926 2228 1031 2252 nova.

128 2271 208 2308 105.
236 2260 371 2298 Uberior
396 2261 534 2311 solita]
587 2262 726 2302 Uberius
758 2265 856 2303 reele
882 2277 949 2314 pro
979 2264 1117 2304 diversa

67 2308 235 2348 3e6rione
257 2312 471 2360 ssernegger.
491 2313 598 2360 prim.
617 2315 788 2353 Gronov.
818 2317 855 2353 &
878 2328 972 2354 unus
991 2316 1117 2354 Medi-

68 2370 167 2398 ·oeus.
196 2373 286 2399 mox
300 2389 308 2405 ‚
335 2361 461 2398 nimbis
474 2362 693 2411 pluvialibus
713 2366 800 2403 alter
812 2366 1116 2415 Hamburgenfis,

76 2411 113 2447 &
131 2422 197 2459 pro
216 2412 352 2450 diversa
371 2412 533 2450 leffione
555 2414 791 2453 Graevianus.
819 2416 960 2453 Herus.
999 2417 1115 2454 Reiie

72 2471 162 2499 fvero
176 2463 289 2501 Poeta
310 2463 481 2501 Evenum
504 2464 720 2502 hiemalibus
738 2464 871 2501 nimbis
889 2466 1039 2502 auetum
1057 2467 1115 2503 in-

67 2509 192 2551 ducit:
214 2514 436 2551 exsuitenim
458 2515 719 2552 mortalitatem
731 2514 910 2552 Hercules
931 2515 1113 2553 circaHe-

67 2563 377 2602 catombaeonem
397 2564 559 2602 mensem
578 2593 587 2609 ,
607 2566 732 2602 hieme
764 2565 1045 2613 praecipitante,
1072 2573 1112 2604 ut

67 2615 211 2652 ‚notavit
234 2616 368 2653 Petitus
390 2616 663 2653 commentario
681 2617 719 2653 in
743 2616 862 2664 Leges
877 2616 1016 2654 Atticas
1029 2628 1112 2665 pag.

72 2664 130 2701 26.
165 2664 298 2703 uberior
318 2666 382 2714 sol.
412 2665 605 2715 nimbisque
631 2665 665 2702 h.
695 2679 728 2702 a.
774 2666 832 2702 sex
861 2665 939 2703 libri
966 2694 976 2710 ‚
1015 2668 1114 2704 acras

67 2714 178 2753 etiam
200 2718 376 2766 quinque.
407 2717 565 2754 conferri
596 2717 730 2754 debent
758 2716 812 2753 his
835 2715 1027 2753 Ovidianis
1054 2717 1113 2755 illa

69 2763 228 2804 Senecae
246 2768 282 2805 in
307 2768 417 2804 Herc.
441 2768 589 2804 Oetaeo
601 2767 750 2815 fiss405.
767 2768 805 2804 &
826 2766 925 2816 seqq.
954 2766 1084 2805 Euam.

126 2827 205 2863 107.
231 2823 362 2854 Curam
384 2818 424 2854 de
441 2819 575 2866 conjuge
596 2818 789 2867 agentem]
831 2818 979 2854 Plurimi
1001 2818 1107 2856 codi-

69 2867 130 2902 ces
149 2898 154 2908 ,
180 2867 371 2904 habentem,
401 2877 439 2905 ut
460 2869 555 2916 apud
574 2869 699 2915 Justin.
720 2880 832 2905 xrnr.
854 2880 888 2913 4.
924 2881 1023 2904 curas
1042 2868 1108 2905 ha-

70 2913 155 2953 here.
181 2919 350 2966 quamvis
378 2931 478 2955 curas
507 2932 601 2967 agere
631 2919 831 2967 elegantius
858 2927 996 2967 putem.
1029 2919 1112 2957 vide

69 2965 117 3002 ad
142 2968 245 3015 Epist.
269 2980 352 3005 xvi.
374 2979 455 3017 302,
472 2979 530 3017 pro
551 2970 686 3019 conjuge
707 2970 817 3007 etiam
829 2968 916 3007 duo.
943 2980 987 3008 (9·
1005 2970 1113 3007 intre-

67 3014 189 3065 pidum
209 3019 296 3066 deſse
318 3030 400 3055 tres.
433 3021 542 3056 IDEM.

129 3068 208 3105 108.
233 3069 409 3118 scitusque
429 3069 640 3119 vadorum]
670 3070 757 3107 Erat
778 3071 875 3108 enim
891 3071 1110 3118 portitoribi

0 3113 1 3137 ³
71 3117 306 3163 constitutus,
346 3128 383 3155 ut
420 3120 455 3155 8<
495 3120 620 3157 Strabo
644 3121 815 3157 meminit
833 3121 925 3158 libro
950 3121 1111 3159 decimo.

0 3167 1 3201 i
74 3164 296 3206 chrttns.
349 3169 526 3205 Sallustius
553 3171 590 3206 in
615 3182 694 3206 111.
718 3171 853 3207 Histor.
893 3177 986 3207 Unus
1009 3171 1112 3220 consi-

0 3231 1 3253 ³
70 3214 131 3259 stit
149 3216 185 3252 in
220 3232 297 3267 agro
331 3225 486 3262 Lucano,
514 3232 643 3267 gnarus
665 3219 725 3255 loci
749 3249 755 3259 ,

785 3221 922 3256 nomine
944 3222 1114 3270 Publipor.

0 3271 1 3274 ’
75 3263 237 3307 Valerius
260 3270 407 3308 Flaccus
427 3270 487 3308 lib.
514 3282 552 3308 11
565 3281 594 3308 1.
609 3268 693 3308 208.
720 3275 793 3306 Nec
810 3270 894 3306 dum
914 3284 1008 3308 mens
1025 3284 1113 3319 gna-

2062 1819 2214 1877 FAB.

1172 1974 1212 1998 ra
1243 1961 1406 2001 locorum.
1454 1961 1562 2000 Idem
1590 1960 1776 2006 Sallustitxs,
1798 1963 1836 2001 in
1866 1963 2033 2013 Jugurth.
2066 1965 2216 2004 locorum

1164 2012 1307 2059 scientes
1335 2022 1447 2051 erant.
1484 2013 1704 2050 ConANUS.
1732 2013 1774 2050 In
1795 2026 1872 2051 uno
1895 2015 2037 2053 Heinfii
2052 2044 2062 2059 ,
2073 2018 2216 2063 fretus,

1171 2064 1270 2103 unde
1287 2065 1347 2103 ille
1367 2064 1457 2103 olim
1485 2064 1695 2113 conjecerat
1717 2090 1726 2107 ,
1746 2065 1890 2110 suetus,
1925 2065 1985 2103 sed
2014 2066 2065 2102 nil
2090 2075 2216 2105 muta:

1170 2114 1220 2151 ita
1232 2115 1343 2162 scitus
1362 2124 1482 2152 arator
1509 2115 1684 2151 German.
1716 2115 1815 2150 Arar.
1842 2125 1897 2162 13.
1928 2123 1969 2151 ut
1986 2116 2136 2153 Grotius
2156 2129 2214 2154 re-

1172 2164 1229 2202 <ste
1249 2165 1400 2204 restituit
1419 2177 1485 2213 pro
1504 2165 1619 2201 doetus
1633 2179 1643 2199 :
1680 2164 1718 2200 &
1733 2163 1864 2201 Noster
1885 2175 1919 2201 v.
1938 2164 2030 2202 Fast.
2051 2177 2109 2213 54.
2137 2179 2216 2202 cur-

1172 2228 1239 2252 vae
1252 2217 1348 2266 scita
1379 2215 1506 2254 Thalia
1535 2215 1641 2264 lyrae.
1669 2214 1731 2252 ubi
1760 2215 1895 2258 etiam,
1933 2215 2032 2251 dotia
2052 2216 2215 2263 plurimi.

1171 2265 1305 2306 huam.

1228 2330 1308 2356 110.
1333 2324 1430 2356 Utere
1455 2314 1613 2366 nanda]
1657 2313 1792 2352 Mando
1820 2315 1967 2353 Lovan.
1987 2315 2099 2353 nandi
2123 2317 2214 2355 Me-

1172 2368 1288 2406 nardi.

1225 2431 1240 2455 1
1252 2431 1264 2455 1
1277 2431 1306 2455 1.
1333 2417 1595 2465 pallentemque
1605 2425 1699 2453 metu
1712 2443 1721 2458 ‚
1742 2413 1969 2465 fluviumque
1984 2416 2158 2466 ipsumque
2168 2417 2217 2455 ti-

1171 2468 1364 2516 mentem]
1394 2467 1620 2504 Vetustiores
1639 2466 1802 2514 plerique
1829 2466 1928 2503 hunc
1951 2467 2094 2504 versum
2112 2478 2218 2516 prae·

1167 2526 1314 2564 ponunt
1331 2518 1405 2560 illi,
1434 2517 1535 2564 cujus
1554 2517 1700 2554 initium
1721 2543 1732 2558 ,
1762 2515 1924 2553 Tradidit
1950 2517 2100 2556 Aonius.
2130 2518 2213 2566 Ego

1169 2578 1254 2604 cum
1279 2568 1356 2605 aliis
1386 2567 1511 2604 multis
1542 2566 1586 2603 ab
1615 2565 1733 2604 aliena
1761 2577 1874 2604 manu
1902 2568 2062 2615 procufis
2081 2568 2214 2606 censeo

1167 2617 1367 2655 delendum
1389 2616 1471 2655 effe.
1500 2618 1705 2655 Hzmsms.
1733 2616 1901 2654 fluvium
1922 2619 2130 2668 Neffumque
2147 2618 2218 2656 Vi-

1169 2679 1266 2705 vian.

1225 2730 1305 2764 114.
1333 2718 1482 2766 Miserat
1501 2717 1638 2767 arcun]
1670 2717 1710 2755 In
1735 2728 1824 2755 meo
1846 2719 2057 2767 antiquiore
2076 2746 2087 2763 ,
2115 2719 2217 2765 Jece-

1169 2778 1227 2804 rat
1246 2782 1358 2806 arcus.
1381 2769 1554 2812 Reffius,
1583 2776 1623 2806 ut
1645 2777 1750 2817 puto.
1778 2768 1947 2806 Croran.
1983 2770 2096 2808 Male.
2117 2778 2216 2818 patet

1166 2830 1211 2856 ex
1235 2820 1479 2867 repetitione,
1518 2818 1626 2867 missos
1653 2832 1730 2855 cum
1753 2819 1882 2856 tolleret
1911 2833 2021 2856 arcus.
2072 2819 2213 2857 Eadem

1171 2871 1323 2907 varietas
1343 2870 1403 2907 lib.
1431 2882 1510 2907 xri.
1531 2872 1613 2906 261.
1644 2869 1798 2906 medium
1827 2869 2056 2918 Lapitharum
2073 2869 2155 2918 jecit
2174 2869 2214 2905 in

1168 2933 1301 2968 agmen.
1330 2921 1389 2958 ubi
1410 2918 1503 2969 misit
1523 2921 1680 2968 plurimi.
1712 2921 1841 2957 Bam.

1226 2983 1304 3019 119.
1334 2970 1522 3020 paranti]
1571 2977 1726 3007 parante
1766 2971 1946 3008 meliores.
2002 2970 2214 3005 Hzxxsrus.

1171 3027 1363 3059 parantem
1386 3021 1524 3059 Medic,
1556 3022 1594 3059 &
1613 3021 1712 3059 alius.
1738 3021 1880 3057 audivit
1904 3032 2019 3055 vocem
2042 3019 2214 3055 Gronov.

1171 3072 1209 3109 ὃ(
1232 3073 1331 3110 alius.

1218 3135 1296 3160 122.
1326 3129 1397 3159 Nec
1415 3121 1506 3170 rein]
1537 3120 1707 3159 Heinsius
1725 3120 1903 3159 malebat,
1933 3131 1973 3152 ne
1994 3130 2055 3153 res.

1226 3185 1305 3220 ης.
1335 3173 1514 3220 {Quamvis
1533 3182 1586 3220 ope
1599 3170 1683 3217 fidis
1699 3169 1838 3217 equina.
1853 3168 1867 3216 ]
1883 3166 1985 3202 Fidus
2006 3167 2064 3204 sex
2083 3167 2216 3217 scripti.

1169 3223 1282 3260 Forte
1309 3234 1399 3269 pr0‚
1421 3221 1513 3268 fisus²
1546 3222 1682 3257 Hiems.
1715 3225 1822 3254 Tutus
1838 3216 2004 3254 Leidens.

1226 3282 1308 3317 127.
1335 3277 1381 3308 Re
1399 3271 1534 3320 probat.
1560 3270 1575 3319 ]
1630 3269 1739 3306 Multi
1769 3279 1814 3303 ex
1844 3268 2093 3307 vetustioribus
2114 3296 2124 3312 ‚
2152 3282 2219 3306 res.

1655 3317 1756 3356 Llll
1782 3328 1803 3353 2.
2084 3320 2219 3366 Hleg
