2483 3616
275 184 381 236 950

772 169 832 224 P.
908 166 1325 225 OVIDII
1395 171 1926 230 NASONIS

553 269 670 324 Ter
696 285 884 343 quater
910 269 1095 338 adfligi
1121 269 1390 324 sociorum
1418 289 1646 342 corpora
1671 286 1862 328 terrae.

554 343 709 417 Quae
738 344 889 415 super
914 343 1022 414 ipse
1042 341 1252 412 jaeen5‚
1291 343 1476 397 hirsuti
1502 358 1655 398 more
1677 347 1877 410 leoniS‚

262 553 348 590 dum
359 553 462 603 super
482 554 546 605 ipse
556 555 696 603 jacens,
725 552 886 603 denique
902 554 977 591 hoc
993 565 1146 605 quoque
1158 562 1315 593 annota-

260 605 367 642 tione
397 617 475 643 non
504 606 695 653 indignum
720 633 730 649 ,
768 605 871 653 quod
900 604 1014 654 viscus
1041 619 1173 643 omnes
1195 618 1314 653 expo-

259 664 356 694 nunt
384 669 550 699 carnem,
580 668 666 693 cum
692 656 807 694 Poe'ta
830 657 904 693 hoc
925 658 962 693 in
980 657 1068 694 loco
1091 657 1312 702 connetftat,

261 706 457 757 Visceraque
476 711 513 744 ὃς
536 720 674 752 carnes,
700 707 775 753 sed,
789 716 969 756 quantum
984 708 1076 746 mihi
1091 708 1249 759 videtur,
1266 709 1310 747 il-

259 756 324 795 lud
352 759 469 795 Hom.
490 756 619 808 Odyff.
642 772 670 796 1.
699 759 906 808 exprimere
930 759 1061 797 voluit.

313 809 484 852 Ε’γκοιτεέ
511 823 553 845 τε
567 838 577 853 ,
599 811 736 853 σάρκας
759 822 801 845 τε
818 838 827 852 ,
847 813 911 846 καὶ
933 809 1021 851 &eea
1043 811 1259 853 μυελόεντα.

261 860 471 897 GLAREAN.
499 861 666 910 Plerique
691 861 767 909 post
787 870 837 896 ter
852 860 1101 907 distinguunt,
1130 869 1169 898 ut
1180 862 1313 900 fitsen-

259 909 336 953 sus,
365 923 442 958 quo
456 919 626 959 tempore
649 912 722 948 vidi
742 919 870 960 quater
887 911 999 960 affligi
1011 921 1127 949 terrae
1138 920 1193 949 ter
1203 913 1286 950 bina
1300 942 1310 958 ‚

256 960 333 998 hoc
354 963 401 999 est
421 962 480 999 sex
501 974 655 1010 corpora
677 973 859 999 meorum.
888 964 1067 1011 quoniam
1093 964 1120 1001 is
1133 975 1309 1002 numerus

256 1022 389 1050 eorum
405 1041 415 1057 ‚
444 1014 508 1062 qui
529 1024 547 1049 a
569 1013 738 1061 Cyclope
758 1012 881 1050 laniati
903 1013 1071 1057 fuerunt,
1099 1014 1143 1051 ab
1156 1015 1306 1052 Home-

256 1073 300 1099 ro
328 1065 489 1101 traditur.
545 1064 614 1100 Sed
642 1072 766 1100 tamen
789 1065 827 1101 &
846 1063 959 1101 altero
982 1064 1090 1112 paeto
1114 1065 1212 1103 reite
1233 1066 1305 1115 legi

256 1113 402 1152 videtur
433 1112 532 1162 poffe
548 1142 558 1158 ‚
587 1122 626 1151 ut
654 1124 705 1150 ter
726 1125 850 1162 quater
869 1115 1098 1164 conjuntstim
1123 1117 1303 1165 accipian-

257 1170 317 1200 tur
337 1177 403 1212 pro
421 1166 692 1213 multipliciter,
721 1165 781 1202 seu
807 1166 931 1203 multis
961 1167 1120 1210 vicibus,
1151 1176 1190 1204 ut
1212 1168 1309 1216 apud

255 1212 455 1263 Virgilium
473 1245 482 1260 ,
525 1221 651 1265 Terque
674 1227 865 1265 quaterque
895 1216 1011 1261 beati,
1049 1228 1090 1255 ut
1108 1218 1150 1255 sit
1168 1218 1307 1264 sensus,

256 1275 370 1312 quam
402 1267 479 1304 vidi
509 1266 651 1315 singulis
672 1267 845 1304 videlicet
870 1267 1007 1305 vicibus
1030 1268 1113 1305 bina
1136 1280 1309 1308 meorum

255 1326 411 1364 corpora
427 1346 437 1362 ‚
462 1326 579 1355 terrae
598 1318 846 1366 multipliciter
874 1329 916 1355 ac
928 1317 1065 1366 saepius
1086 1319 1194 1364 illisa,
1215 1321 1309 1359 abil-

253 1366 293 1404 lo
318 1367 497 1406 devorari.
527 1368 598 1405 Sed
616 1370 708 1405 haec
727 1368 878 1405 leviora.
919 1372 1092 1406 Μιςγιῐ..
1122 1370 1163 1407 ln
1182 1372 1308 1420 pleris-

255 1429 331 1466 que
360 1418 441 1457 Mff.
460 1431 537 1456 non
559 1419 664 1462 bina,
693 1419 753 1456 sed
775 1419 866 1455 viva
887 1433 1040 1457 meorum
1063 1430 1196 1469 corpora
1217 1423 1309 1471 legi-

254 1480 348 1506 mus.
389 1472 499 1518 Quae
520 1471 705 1519 castigatio
725 1471 867 1508 nemini
889 1483 967 1508 non
991 1471 1109 1509 statim
1129 1472 1305 1520 arriserit,

254 1520 562 1569 quandoquidem
595 1523 654 1559 sex
682 1523 867 1566 omnino,
905 1534 982 1560 non
1011 1522 1103 1560 duos
1134 1532 1304 1571 tantum,

252 1571 389 1619 Ulyffis
414 1573 531 1610 socios
551 1584 571 1608 a
593 1573 828 1621 Polyphemo
840 1573 1018 1611 laceratos
1033 1575 1224 1613 Homerus
1234 1584 1305 1614 tra-

254 1620 398 1660 diderit.
425 1624 485 1661 sed
516 1636 600 1662 cum
624 1624 797 1672 Virgilius
821 1624 935 1672 ipsum
960 1625 1071 1662 etiam
1094 1626 1307 1665 Achaeme-

251 1673 380 1711 nidem
397 1703 407 1719 ‚
436 1675 592 1713 eandem
618 1675 794 1724 Cyclopis
814 1675 1086 1714 immanitatem
1100 1677 1306 1716 itanarran-

252 1730 356 1768 tem,
384 1726 553 1769 inducat,
582 1726 641 1763 lib.
663 1738 725 1763 ιιι.
748 1727 833 1774 623.

309 1775 386 1811 Vidi
407 1787 531 1823 egomet
552 1777 618 1813 duo
638 1776 678 1812 de
697 1789 835 1812 numero
858 1789 936 1813 cum
955 1786 1090 1827 corpora
1104 1778 1211 1826 nostro
1231 1791 1303 1820 σε.

251 1837 379 1863 veram
408 1829 597 1876 utriusque
623 1827 825 1864 lethonem
849 1826 918 1864 effe
944 1828 1124 1866 tuendum
1147 1831 1221 1874 est,
1248 1841 1303 1870 at-

249 1887 324 1925 que
342 1889 387 1914 ex
413 1879 583 1915 Homero
606 1878 787 1926 sumptam
812 1878 1150 1918 demonstrandum.
1181 1883 1299 1930 Quod

248 1935 443 1976 tantopere
464 1929 631 1966 Servium
655 1928 757 1966 torfit
778 1930 825 1966 ita
846 1938 1076 1968 enarrantem
1093 1960 1102 1975 ‚
1134 1939 1300 1971 Homerus

251 1976 338 2014 dicit
365 1988 524 2027 quatuor
552 1993 574 2016 a
604 1979 803 2028 Polyphemo
829 1980 1058 2030 interemptos.
1111 1983 1210 2032 Ergo
1240 1987 1299 2023 vel

248 2028 424 2077 dissentit,
453 2029 512 2066 vel
541 2030 626 2066 dicit
649 2030 732 2066 duos
751 2029 897 2074 vidisse,
931 2031 991 2069 sed
1012 2042 1094 2082 quot
1114 2035 1272 2072 occiderit
1287 2064 1298 2080 ,

248 2081 384 2128 nescire.
438 2082 601 2118 Primum
635 2083 734 2118 enim
762 2083 842 2129 quis
874 2090 997 2130 putet,
1034 2085 1240 2130 praesertim
1259 2088 1297 2124 in

248 2131 383 2168 eodem
415 2141 520 2168 antro
541 2132 860 2170 Achaemenidem
884 2133 1041 2170 duorum
1067 2135 1216 2172 caedem
1243 2138 1299 2174 vi-

247 2180 361 2223 diffe,
387 2184 613 2231 reliquorum
637 2195 713 2219 non
735 2181 860 2220 vidiffe
883 2182 898 2219 ?
928 2184 1136 2232 Fugacerte
1147 2185 1297 2226 fibinon

246 2233 451 2277 consuluit,
480 2246 564 2270 cum
594 2245 664 2271 nec
694 2241 832 2281 pateret
855 2233 1057 2283 effugium,
1084 2235 1224 2284 ingenti
1246 2238 1297 2276 la-

243 2283 330 2330 pide
353 2283 522 2332 spelunca
542 2283 733 2322 obstruftzi.
788 2285 840 2322 At
862 2286 897 2322 in
922 2285 1007 2323 vasti
1029 2288 1122 2324 antri
1145 2287 1295 2327 diverti-

245 2333 326 2371 cula
368 2336 542 2383 providus
585 2334 729 2373 fortasse
765 2335 912 2373 seceffir.
967 2337 1121 2386 Egregia
1160 2338 1295 2378 scilicet

241 2384 318 2422 laus
340 2413 349 2428 ‚
385 2386 422 2423 in
452 2386 626 2424 latebram
656 2386 690 2424 se
720 2387 937 2424 indecorem
972 2387 1167 2437 conjecisse
1189 2418 1198 2434 ,
1234 2392 1295 2429 vel

243 2433 444 2485 Trojanis,
473 2446 583 2486 atque
604 2438 699 2475 adeo
717 2437 780 2485 ipfi
802 2438 946 2475 AEneae
973 2440 1070 2487 apud
1092 2441 1292 2479 Maronem

242 2487 304 2523 vel
327 2489 501 2525 Macareo
523 2489 619 2537 apud
643 2488 826 2527 Ovidium
843 2517 852 2530 ,
875 2490 1020 2527 referre.
1049 2491 1183 2540 Neque
1204 2493 1293 2531 illud

241 2538 353 2574 etiam
386 2540 684 2588 intempestivum
701 2567 711 2583 ,
750 2541 882 2577 faciem
913 2541 1037 2578 saltem
1060 2542 1103 2579 ab
1124 2543 1294 2592 adspectu

241 2587 446 2626 miserrimo
470 2589 646 2628 avertiffe.
676 2591 744 2628 Sed
762 2603 806 2628 au
821 2619 831 2636 ,
859 2592 944 2640 quia
957 2592 1071 2629 visum
1087 2592 1164 2637 fibi,
1187 2596 1294 2643 igno-

239 2645 360 2692 ratum
381 2652 532 2689 quoque
552 2653 681 2680 eorum
695 2653 891 2680 numerum
907 2642 1107 2690 putemus?
1136 2645 1295 2683 Praeser-

239 2695 309 2724 tim
336 2689 519 2727 sociorum
549 2694 794 2741 atrociterque
813 2702 1091 2741 peremptorum
1109 2723 1118 2739 ‚
1148 2708 1190 2733 ac
1208 2706 1288 2734 tan-

238 2737 327 2775 dem
348 2741 442 2776 inter
460 2742 622 2787 paucos?
641 2743 838 2780 dicendum
860 2745 968 2792 igitur
986 2745 1286 2795 adVirgilianum

240 2799 390 2827 carmen
413 2789 562 2828 allusisse
582 2793 775 2829 Ovidium.
809 2795 887 2831 Nec
901 2796 1179 2843 intelligendum
1196 2798 1288 2836 duos

241 2848 414 2883 tantum,
443 2841 503 2879 sed
536 2842 629 2879 duos
660 2842 753 2890 ipsos
776 2843 906 2886 simul,
935 2845 1147 2895 eodemque
1168 2858 1290 2887 rotatu

237 2890 342 2928 letho
365 2891 480 2929 datos.
510 2903 549 2930 ut
569 2894 655 2930 hinc
678 2899 711 2929 ἅ
734 2893 985 2940 indignitatem
1001 2898 1177 2943 geminati
1201 2899 1289 2936 faci-

238 2943 340 2979 noris
363 2971 372 2986 ‚
417 2944 455 2980 ὃς
492 2944 706 2980 violentiam
739 2945 1027 2993 Vastitatemque
1059 2949 1222 2994 corporis
1250 2949 1287 2986 in

237 2994 547 3042 anthropopliago
579 2995 812 3043 Polyphemo
837 2996 1013 3032 miremur
1036 3023 1046 3039 ,
1095 3005 1286 3046 terrorque

234 3042 392 3082 incussus
415 3048 562 3093 gravior
582 3047 814 3093 exprimatur.
846 3046 1034 3083 Homerus
1046 3047 1286 3095 quippeduos

234 3096 358 3141 primo
375 3125 383 3139 ,
413 3097 504 3134 duos
524 3097 609 3134 inde
627 3097 716 3134 alios
730 3124 740 3140 ,
767 3097 859 3134 duos
878 3097 966 3133 item
980 3097 1286 3145 postremolania-

236 3153 293 3182 tos
316 3147 600 3197 absumptosque
621 3157 824 3185 enumerat.
855 3148 899 3184 Et
917 3149 991 3184 hoc
1011 3148 1059 3185 est
1076 3158 1261 3196 praeterea
1275 3179 1285 3195 ,

234 3198 338 3243 quod
367 3199 449 3236 bina
480 3211 634 3248 corpora
656 3199 792 3247 saepius
814 3197 947 3236 afflicta
978 3199 1056 3236 solo
1088 3200 1185 3237 Naso
1204 3201 1282 3245 ait;

236 3249 462 3286 manifestius
485 3250 594 3288 etiam
619 3262 694 3287 non
709 3249 920 3299 nihilatque
932 3251 1171 3298 explanatius.
1198 3251 1286 3290 licet

233 3295 343 3336 Maro
366 3312 477 3338 mauu
496 3313 715 3351 magnanon
737 3300 859 3341 frustra
870 3300 1058 3340 addiderit.
1086 3301 1284 3343 Intelleetu

2299 419 2419 477 Vis-

1373 565 1461 603 ergo
1477 581 1488 597 ‚
1513 563 1627 603 quem
1657 552 1879 598 indidimus,
1905 554 1981 593 duo
2003 557 2099 605 apud
2118 557 2258 596 nostros
2283 569 2418 608 corpo-
2443 576 2454 588 ι

1371 617 1432 650 ra,
1460 604 1519 642 sex
1548 603 1613 652 ipfi
1640 603 1820 653 quidem,
1858 615 1937 641 non
1957 606 2061 645 fimul
2088 610 2244 657 pariter,
2272 609 2332 647 sed
2352 622 2417 659 per

1371 658 1471 694 vices
1492 654 1664 698 maetam,
1699 653 1888 704 fignificari
1909 654 2065 703 poffunt.
2092 661 2308 699 MARIANG.
2337 665 2419 709 Aeg

1373 720 1488 746 cuas.
1516 708 1552 744 in
1564 705 1748 744 Diatribis.
1767 705 1860 742 viva
1877 706 1989 743 etiam
2009 709 2114 746 multi
2135 711 2292 749 codices.

1425 770 1509 804 207.
1537 763 1629 795 Cum
1641 755 1784 806 sapen]
1813 759 1915 806 Qae
1928 757 2026 805 super
2044 758 2169 797 iidem.
2196 762 2341 800 HEms.

1422 809 1510 848 208.
1537 815 1698 859 Cumque
1725 806 1815 844 albis
1846 807 1911 856 offa
1939 807 2141 858 medullis]
2180 817 2338 861 Cumque
2359 813 2418 862 esis

1371 860 1440 899 sec.
1463 861 1572 899 Palat.
1595 862 1633 897 &
1655 870 1759 897 meus
1771 859 1991 896 chartaceus.
2005 871 2149 908 cumque
2159 860 2232 908 ipsis
2245 863 2417 903 Cantabr,

1367 913 1474 958 prim.
1503 913 1642 948 Moret.
1673 912 1711 948 δε
1742 910 1804 948 sex
1824 910 1897 947 alii.
1926 909 2045 958 placet
2070 910 2113 947 τὸ
2137 910 2206 960 esis.
2233 915 2330 952 utin
2350 915 2415 954 illo

1365 963 1512 1012 Virgilii
1532 975 1586 1000 1v.
1609 963 1692 999 Aen
1725 962 1784 998 66.

1420 1034 1423 1037 -
1596 1012 1639 1060 est
1659 1011 1774 1049 mollis
1789 1010 1939 1060 flamma
1962 1011 2146 1050 medullas.

1362 1069 1486 1101 Vorare
1509 1063 1653 1102 Caelius
1677 1062 1881 1101 Firmianus
1900 1062 1989 1100 dixit
2009 1065 2046 1101 in
2066 1063 2259 1103 Cataleffis
2270 1065 2418 1107 Pithoei

1361 1114 1406 1152 de
1437 1116 1603 1158 Livore,
1646 1115 1791 1150 Intafflis
1818 1123 1923 1150 vorat
1952 1111 2068 1162 affibus
2088 1115 2271 1154 medullas.
2300 1118 2416 1156 Plaut.

1362 1166 1489 1203 Sticho
1512 1180 1556 1204 Π.
1578 1179 1624 1203 11.
1657 1166 1711 1202 16.
1734 1165 1888 1213 peredere
1900 1164 2070 1201 medullas
2092 1164 2207 1210 dixit3
2227 1176 2267 1204 ut
2288 1167 2419 1207 Isacius

1362 1216 1550 1255 Pontanus
1574 1216 1617 1254 ad
1639 1216 1875 1253 Macrobium
1898 1215 1959 1253 lib.
1985 1228 2035 1253 VI.
2056 1227 2133 1264 cap.
2156 1229 2182 1253 1.
2202 1218 2310 1265 legit:

1414 1273 1470 1305 At
1493 1281 1546 1316 ego
1565 1267 1676 1316 perii,
1704 1267 1758 1303 cui
1781 1266 1978 1303 medullam
2000 1264 2156 1313 laffitudo
2170 1267 2328 1315 perbibit.

1417 1324 1458 1356 P.
1481 1319 1581 1367 §Quid
1601 1332 1676 1367 ego,
1704 1317 1759 1354 cui
1778 1317 1899 1366 misero
1920 1316 2114 1354 medullam
2134 1319 2268 1357 ventris
2282 1320 2418 1369 peredit

1482 1371 1601 1416 fames
1624 1379 1639 1407 ,Ρ

1364 1419 1462 1469 apud
1502 1421 1689 1458 Catullum
1730 1432 1840 1458 carm.
1869 1431 1980 1457 xxxv.
2013 1431 2069 1468 15.
2104 1425 2200 1469 Ignes
2221 1420 2418 1461 interiorem

1363 1472 1472 1508 edunt
1492 1471 1697 1509 medullam.
1734 1472 1866 1509 Horat.
1887 1469 2008 1518 Epod.
2029 1482 2066 1508 v,

1413 1524 1525 1572 Exesa
1546 1523 1601 1560 uti
1619 1522 1773 1560 medulla
1794 1534 1839 1562 ω’
1859 1521 2002 1558 aridum
2018 1521 2116 1570 jecur

1619 1574 1762 1612 Amoris
1785 1574 1858 1623 effet
1872 1571 2049 1622 poculum.

1363 1624 1418 1663 Ita
1440 1625 1569 1663 scribo.
1596 1626 1695 1663 Nam
1719 1625 1878 1674 vulgati,
1904 1633 2033 1661 exerta.
2062 1623 2281 1672 Lambinus,
2304 1626 2415 1666 Fa'e’r-

1362 1688 1430 1714 nus
1444 1705 1454 1721 ‚
1484 1677 1668 1725 Cruquius
1682 1704 1693 1721 ‚
1721 1675 1967 1720 Torrentius,
1994 1675 2158 1724 Exsul‘la.
2174 1678 2261 1715 utin
2274 1678 2337 1716 illo
2347 1679 2414 1726 Ju-

1360 1728 1502 1765 venalis
1523 1728 1595 1765 Sat.
1622 1739 1710 1764 vm.
1734 1739 1795 1774 9o.

1412 1779 1490 1827 Offa
1510 1779 1607 1815 vides
1630 1785 1756 1827 Regum
1779 1777 1902 1814 vacuis
1920 1776 2059 1824 exsul'i‘a
2078 1777 2250 1817 medullis.

1360 1829 1430 1867 Sed
1459 1830 1508 1866 ibi
1539 1829 1734 1878 allegorice
1763 1829 1909 1866 locutus
1928 1828 1989 1865 est.
2016 1828 2134 1878 scripti
2155 1830 2231 1866 fere
2252 1841 2384 1870 omnes
2395 1839 2411 1878 ‚⁴

1357 1882 1511 1928 exsel‘ia,
1541 1880 1601 1917 vel
1631 1882 1758 1917 exeo-la.
1799 1879 1876 1917 Nili
1908 1877 2017 1925 exesta
2047 1879 2179 1917 dixerit
2202 1880 2406 1926 Horatius,

1357 1940 1397 1968 ut
1427 1931 1563 1978 comesto
1584 1930 1793 1979 patrimonio
1825 1930 2003 1967 Sallustius
2024 1957 2033 1973 ‚
2077 1929 2179 1979 quod
2213 1942 2256 1968 ex
2288 1932 2352 1969 illo
2385 1932 2408 1971 ἒι

1357 1983 1615 2020 Grammaticis
1638 1984 1777 2019 citatur.
1807 1983 1845 2018 ὅ(
1865 1980 1961 2028 apud
1981 1980 2154 2017 Ciceron.
2171 1992 2239 2028 pro
2265 1982 2406 2020 Cluen-

1356 2034 1422 2071 tio.
1451 2033 1604 2070 Celerius
1625 2032 1803 2077 comestum
1826 2045 1932 2082 quam
1947 2040 2090 2078 epotum.
2105 2031 2235 2069 &sane
2248 2033 2407 2072 archais-

1356 2095 1438 2122 mos
1467 2083 1681 2133 hujusmodi
1716 2083 1852 2120 multos
1883 2083 1920 2118 in
1942 2081 2079 2130 Epodis
2102 2082 2278 2120 Horatius
2301 2085 2406 2123 adhi-

1355 2134 1443 2173 buit.
1472 2135 1598 2181 estrices
1621 2135 1731 2171 etiam
1753 2134 1845 2170 dixit
1865 2133 1902 2169 in
1927 2131 2057 2169 Cafina
2068 2132 2404 2174 Plautus.1v.1.20.

1355 2187 1394 2222 &
1423 2190 1519 2234 ursas
1544 2185 1725 2221 homiuum
1748 2182 1957 2230 ambestrices
1977 2183 2199 2221 Ammianus
2219 2184 2406 2224 Marcelli-

1353 2247 1422 2273 nus
1442 2237 1534 2274 libro
1556 2248 1632 2273 xix.
1648 2234 1777 2285 siccam
1796 2235 1889 2271 dixit
1910 2233 2101 2270 medullam
2122 2234 2330 2283 Propertius
2340 2237 2404 2277 lib.

1351 2299 1397 2324 11.
1430 2288 1483 2325 El.
1506 2300 1575 2325 xix.
1599 2298 1694 2335 quae
1714 2285 1821 2333 exesta
1842 2285 1890 2322 est
1911 2286 2084 2322 Horatio.

1401 2339 1529 2375 Exedit
1548 2336 1665 2382 labor,
1694 2349 1737 2376 (ς’
1758 2337 1888 2386 miseris
1901 2335 2029 2382 festina
2044 2337 2199 2382 senel‘lus
2215 2365 2225 2379 ,

1351 2387 1505 2426 Valerio
1528 2389 1660 2426 Flacco
1682 2389 1705 2426 1.
1729 2401 1783 2425 ιν.
1807 2400 1891 2436 570.
1919 2386 2154 2435 Castigandus
2167 2387 2331 2436 ejusdem
2344 2389 2404 2428 lo-'

1353 2451 1414 2478 cus
1433 2440 1525 2478 libro
1548 2452 1585 2478 v.
1615 2440 1696 2488 364.
2035 2487 2041 2493 .

1402 2491 1455 2527 Sic
1473 2492 1539 2529 ait.
1566 2501 1606 2526 at
1628 2491 1729 2536 June
1744 2488 1929 2538 pulchrum
1951 2486 2138 2536 longtffima
2161 2490 2301 2537 quando

1400 2542 1515 2579 Robur
1537 2555 1619 2578 cura
1640 2541 1735 2577 ducis
1749 2569 1759 2584 ‚
1790 2539 1975 2589 magnique
1994 2539 2088 2575 edere
2110 2539 2238 2576 labores
2252 2569 2262 2584 ,

1403 2593 1495 2629 Mole
1515 2607 1607 2629 nova
1622 2620 1632 2637 ,
1659 2605 1702 2632 cy·
1722 2592 1832 2639 roseae
1847 2589 2003 2639 perfudit
2023 2590 2095 2626 luce
2108 2591 2292 2638 juventae.

1350 2643 1576 2692 Ineptiffime
1594 2646 1630 2681 ὃς
1652 2652 1779 2681 contra
1801 2642 1958 2678 auctoris
1979 2650 2145 2678 mentem
2168 2642 2285 2677 dedere
2295 2652 2395 2680 nunc

1344 2695 1486 2743 legitur.
1523 2694 1593 2732 Sed
1623 2695 1697 2732 hoc
1719 2692 1929 2730 doffiffimo
1952 2691 2150 2729 Gronovio
2165 2693 2244 2740 jam
2269 2693 2394 2730 moni-

1345 2755 1423 2783 tum
1461 2748 1499 2783 in
1527 2744 1853 2782 Observationibus
1883 2743 1977 2780 serus
2008 2741 2257 2788 deprehendo.
2294 2746 2393 2792 apud

1347 2796 1507 2835 eundem
1530 2796 1720 2833 Valerium
1739 2794 1831 2832 libro
1852 2806 1913 2830 111.
1932 2792 1985 2834 ybs.
2006 2792 2090 2840 693.

1526 2846 1726 2896 multusque
1745 2844 1818 2882 viri
1839 2841 2041 2881 cunetantia
2064 2842 2167 2878 corda

1397 2898 1454 2944 Est
1476 2897 1581 2934 dolor.

1344 2947 1406 2985 ubi
1427 2955 1506 2984 Fert
1526 2947 1621 2984 dolor
1640 2957 1739 2984 nunc
1759 2945 1902 2993 legitur.
1930 2944 2051 2981 minus
2073 2943 2179 2982 bene.
2192 2945 2391 2994 quomodo

1345 2998 1383 3034 ὅ(
1403 2999 1499 3046 apud
1522 2997 1695 3034 Nostrum
1714 2996 1774 3034 lib.
1796 3008 1823 3031 1.
1853 2996 1948 3032 Pont
1979 2995 2032 3032 El.
2055 3007 2082 3032 1.
2101 2996 2164 3033 illo
2188 2997 2313 3041 versu,

1396 3049 1496 3094 Estur
1513 3059 1552 3084 ut
1570 3047 1702 3084 occulta
1714 3047 1848 3083 vitiata
1867 3045 2016 3082 teredine
2035 3046 2151 3083 navis.

1342 3100 1449 3136 multi
1482 3099 1627 3137 codices
1659 3105 1781 3134 Fertur
1811 3097 2025 3144 agnoscunt.
2072 3097 2160 3135 Stat.
2188 3097 2313 3136 Theb.
2342 3102 2392 3139 11.‘

1394 3153 1543 3187 Exedere
1564 3150 1725 3186 animum
1743 3148 1836 3185 dolor
1856 3149 1987 3198 iraque.

1342 3201 1441 3237 Odiis
1458 3201 1577 3237 urbem
1598 3200 1734 3237 exedere
1745 3199 1839 3248 apud
1853 3200 2065 3237 Maronem.
2092 3198 2289 3238 AEneid.v.
2310 3201 2392 3251 185.

1340 3253 1450 3288 Exodi
1469 3266 1575 3295 cura,
1606 3265 1771 3293 moerore,
1802 3251 1942 3295 inedia,
1970 3251 2046 3294 ira,
2076 3250 2207 3294 dolore,
2235 3252 2393 3290 familia·

1338 3314 1376 3342 re
1396 3303 1444 3343 est
1458 3304 1608 3354 optimis
1630 3302 1850 3342 meroribus,
1889 3300 1988 3350 Exest
2006 3314 2110 3350 angor
2130 3301 2228 3351 apud
2252 3304 2394 3358 Luere-

2299 3361 2394 3393 tium
