2483 3616
348 159 1565 240 METAMORPHOSEON
1638 160 1961 223 L13.VI‚

2119 169 2216 237 385

378 274 645 339 Exfiluisse
668 272 872 336 ferum3
911 287 1022 343 quo
1046 270 1270 340 pignore
1293 266 1532 322 vindicet
1561 265 1766 321 urbem.

383 356 462 409 At
486 349 576 407 fibi
601 347 691 401 dat
715 347 990 418 clypeum,
1029 342 1119 395 dat
1147 353 1329 395 acutae
1353 338 1580 410 cuspidis
1607 338 1828 394 hastam:

361 426 483 481 'Dat
509 421 709 493 galeam
734 418 919 490 capiti:
961 414 1269 470 defenditur
1292 411 1478 482 aegide
1500 410 1696 482 pePtUS.

272 501 338 555 80
375 492 781 564 Perculsamque
807 491 893 544 sua
917 488 1118 543 simulat
1145 486 1212 540 de
1238 483 1452 556 cuspide
1478 495 1673 537 terram

378 567 620 624 Prodere
647 582 772 619 cum
797 561 970 617 baccis
994 559 1201 615 foetum
1225 557 1461 612 canentis
1487 556 1686 618 olivae3

376 640 676 712 Mirarique
714 637 880 692 Deos,
919 634 1071 706 operi
1093 630 1310 688 victoria
1340 629 1473 685 finis

91 865 250 907 amissam
272 861 542 912 indignaretur,
569 856 715 898 edidiffe
731 857 964 906 Neptunum,
990 860 1126 909 totam-

92 929 164 968 que
197 916 361 954 Atticam
388 913 489 962 aquis
522 911 699 948 inundare
722 937 733 953 ,
766 906 864 945 unde
896 905 916 942 {1
936 906 1126 942 Mercurio

90 967 291 1018 prohibitus
310 960 560 1009 fuit‚voluiffe
579 961 678 998 dicit.
706 961 990 997 commentator
1001 962 1125 991 autem

91 1018 323 1066 Aristophan.
348 1017 388 1053 in
421 1013 519 1052 Nub.
548 1013 613 1060 (ut
641 1012 715 1048 hoc
752 1018 904 1058 quoque
923 1004 1124 1051 addamus)

90 1067 188 1107 addit
210 1069 428 1115 Neptunum
450 1064 499 1102 ob
515 1060 677 1100 amissam
689 1060 834 1097 Atticae
852 1055 1124 1106 poffeffionem,

89 1117 373 1157 Atheniensibus
401 1114 614 1158 δυσβουλίαν
638 1106 822 1149 immififfe
844 1135 854 1151 ‚
879 1108 953 1144 hoc
982 1105 1054 1148 est,
1083 1112 1123 1160 ut

91 1169 139 1208 de
157 1169 260 1206 rebus
292 1168 361 1205 suis
381 1165 476 1204 male
504 1176 546 1202 ac
565 1162 669 1201 stulte
689 1159 941 1198 consultarent.
966 1155 1027 1194 sed
1045 1156 1123 1193 Μι-

92 1231 245 1258 nervam
267 1225 392 1256 contra
415 1216 452 1254 id
476 1215 607 1253 vitium
634 1213 684 1249 ita
705 1205 947 1264 compensasse
961 1214 1025 1251 ,ut
1045 1217 1124 1243 ma-

90 1270 126 1308 le
139 1269 298 1307 consulta
308 1268 399 1305 bene
412 1265 591 1304 caderent.
618 1263 720 1299 Hinc
736 1259 970 1308 proverbium
981 1265 1124 1300 natum,

92 1316 271 1360 A'Onvoeiosu
289 1318 470 1361 δυσβολῖα.
496 1315 542 1353 de
560 1325 637 1363 quo
658 1311 847 1349 Erasmum
859 1309 958 1347 vide.
1009 1306 1128 1355 Quod

91 1379 215 1408 autem
237 1370 275 1406 &
297 1367 471 1416 Virgilius
495 1377 525 1403 1.
548 1364 720 1412 Georgic.
744 1373 882 1410 equum
904 1359 925 1397 a
946 1360 1124 1414 Neptuno

89 1427 322 1470 procreatum
341 1417 452 1462 dicit,
478 1426 591 1465 quem
617 1414 682 1451 hic
709 1413 845 1462 Regius
863 1412 1002 1448 secutus
1020 1409 1124 1466 vide-

91 1479 151 1510 tur
171 1499 182 1516 ,
208 1470 246 1508 id
262 1469 307 1506 ad
327 1479 413 1506 eum
442 1477 579 1516 equum
598 1465 802 1514 pertinere,
830 1462 929 1500 idem
948 1462 1031 1498 Pius
1049 1467 1121 1504 ait,

89 1522 170 1572 qui,
190 1519 210 1558 a
229 1519 408 1567 Neptuno
423 1516 590 1567 percuffis
613 1516 651 1552 in
663 1514 823 1552 Thracia
842 1512 995 1561 scopulis
1007 1539 1017 1555 ,
1040 1522 1125 1559 pro-

93 1573 213 1610 dierit.
265 1569 383 1618 Quod
400 1580 496 1606 eone
515 1566 633 1605 modo
648 1593 658 1610 ‚
686 1577 731 1602 an
750 1564 854 1601 aliter
871 1561 1125 1610 accipiendum

94 1621 161 1666 fit,
187 1619 409 1659 doctioribus
421 1617 662 1668 judicandum
686 1615 868 1664 relinquo.
894 1612 1015 1651 Potest
1027 1613 1128 1650 enim

95 1673 208 1711 etiam
230 1672 423 1719 Neptunus
450 1671 488 1707 in
516 1668 638 1718 primo
662 1666 860 1704 certamine
879 1675 1017 1714 equum
1045 1674 1130 1710 pro-

94 1721 249 1767 creasse,
276 1720 424 1770 quando
450 1719 561 1757 Pallas
579 1718 701 1756 oleam
731 1716 881 1765 protulit
903 1744 913 1760 ,
939 1726 981 1751 ac
1008 1714 1130 1769 postea

97 1772 221 1811 amiffa
237 1772 392 1810 vic‘toria
417 1770 645 1819 indignatus,
672 1776 710 1805 ut
732 1767 903 1815 Hyginus
926 1765 1056 1802 sentire
1074 1765 1131 1801 vi-

95 1823 222 1867 detur,
249 1832 425 1872 aquarum
445 1821 625 1858 diluvium
646 1816 830 1856 immifiss'e
848 1815 975 1853 videri.
1020 1816 1132 1852 Cete-

97 1885 196 1917 rum,
215 1881 255 1911 ut
274 1884 396 1922 neque
413 1872 487 1909 hoc
504 1879 789 1920 praetereamus,
808 1873 931 1903 ferum
941 1877 1007 1915 pro
1020 1866 1130 1915 Equo

98 1925 190 1973 poni
209 1923 302 1972 apud
327 1926 455 1972 po'e'tas
482 1933 560 1959 non
591 1920 783 1958 obscurum
804 1918 876 1956 est:
904 1917 952 1955 fic
971 1917 1072 1954 enim
1091 1918 1129 1954 ὅς

97 1975 230 2024 Virgil.
251 1974 341 2012 dixit
362 1973 411 2010 11.
438 1970 628 2010 Aeneidos
648 1982 706 2018 51.

149 2027 203 2061 Sic
215 2025 339 2071 fatus,
366 2022 497 2060 validis
517 2022 687 2071 ingentem
708 2018 843 2056 viribus
859 2017 998 2066 hastam

150 2079 193 2111 In
213 2074 325 2119 latus,
351 2073 455 2123 inque
459 2073 530 2119 feri
551 2084 698 2110 curvam
725 2069 935 2119 compagibus
955 2068 1082 2105 alvum

151 2122 340 2173 Contorfit,
366 2135 438 2163 (φτ.

101 2175 151 2214 Et
164 2174 337 2222 semiferi,
364 2175 524 2213 centauri
544 2173 673 2212 eadem
690 2174 832 2211 ratione
848 2171 933 2209 alibi
952 2169 1134 2208 dicuntur.

105 2227 325 2262 chrtrus.
352 2229 490 2261 Fretum
506 2225 704 2273 legendum
716 2224 764 2261 est
778 2251 788 2267 ‚
799 2234 876 2260 non
890 2223 1022 2268 ferum.
1035 2221 1132 2257 Nam

105 2276 143 2312 δε
154 2274 369 2311 Herodotus
385 2274 444 2311 lib.
455 2287 543 2311 vm.
555 2288 613 2324 55.
624 2275 669 2313 de
682 2273 922 2312 contentione
934 2271 1083 2309 Palladis
1096 2272 1134 2308 δε

107 2325 275 2372 Neptuni
293 2323 449 2372 loquens
463 2352 473 2367 ,
502 2322 587 2365 ’Έςι
598 2325 639 2361 δὲ
652 2353 662 2369 ,
688 2326 808 2374 inquit
821 2351 831 2367 ,
859 2323 895 2359 ἐν
908 2321 1134 2373 τῇἇκρόπολι

105 2377 225 2420 vetite-32
245 2369 420 2420 Ε’ρεχΰῆος
439 2374 501 2410 τοῦ
518 2377 685 2419 γηγενέος
704 2375 898 2420 λεγομένου
926 2371 1010 2409 εἶναι
1029 2374 1103 2414 ianoe,-
1123 2400 1134 2418 ,

105 2425 142 2460 ἐν
162 2428 212 2470 τῷ
232 2424 385 2463 ἐλαίης-ε
406 2425 468 2461 καὶ
488 2425 650 2460 θάλασσαι
669 2425 739 2468 ἔνι,
768 2424 818 2460 τὰ
836 2424 943 2468 λόγος
964 2425 1048 2468 παρ’
1069 2423 1136 2459 Α’-

101 2475 258 2518 &nuxiae-a,
283 2474 475 2511 Ποσειδῶνά
500 2487 542 2511 τε
561 2475 623 2509 καὶ
640 2470 816 2513 Α’Θηνοιίην
845 2473 1031 2516 ἐρίσαντκς
1054 2473 1135 2515 orep?

103 2527 167 2568 τῆς
187 2525 328 2571 χώρας,
356 2526 529 2570 μαρτύρια
550 2525 671 2561 θέσθαι.
726 2525 772 2561 Et
788 2523 897 2570 hujus
917 2523 997 2560 freti
1022 2522 1133 2559 etiam

100 2577 317 2614 Comment.
335 2577 504 2613 meminit
522 2575 623 2613 Iliad.
647 2575 745 2624 aqui
764 2586 809 2611 ex
827 2573 1054 2610 Callimacho
1065 2580 1136 2609 tra-

102 2627 157 2664 dit
170 2654 180 2670 ,
206 2627 243 2663 in
266 2626 334 2663 hac
353 2627 593 2663 contentione
612 2624 777 2672 Neptuni
795 2625 833 2661 ὅ(
858 2622 1005 2660 Palladis
1019 2623 1134 2666 ,hanc

101 2677 251 2726 quidem
283 2675 403 2713 oleam
426 2704 437 2720 ,
474 2676 577 2713 illum
605 2684 729 2712 autern
761 2683 895 2722 aquarn
925 2673 1033 2710 maris
1051 2684 1136 2722 pro-

96 2725 244 2764 creasse.
272 2726 375 2763 IDEM
404 2737 447 2762 m
478 2727 909 2763 Rmmcmnomnus.
961 2720 1135 2771 Exfiluzffe

96 2778 214 2823 serum
227 2786 365 2814 veteres
380 2777 472 2814 libri.
499 2776 568 2814 Sed
587 2776 735 2813 alteram
747 2773 948 2811 leetionem
960 2785 1135 2821 compro-

102 2828 163 2864 bat
181 2826 350 2875 Hyginus
368 2839 446 2874 cap.
471 2838 600 2863 CLXIV.
641 2832 735 2862 Inter
768 2830 970 2872 Neptnnttm
998 2835 1041 2862 (9⁹
1060 2823 1136 2859 Mi-

109 2888 255 2912 nervam
283 2889 360 2912 cum
388 2875 458 2926 esset
487 2876 626 2913 certatio
649 2904 659 2920 ,
686 2875 746 2924 qui
770 2875 904 2922 primus
923 2873 1079 2922 oppidum
1096 2873 1134 2910 in

107 2935 203 2974 terra¹
219 2926 342 2961 Attica
370 2927 520 2962 conderet
542 2955 552 2970 ‚
579 2927 711 2970 Jovem
733 2924 887 2973 judicem
905 2924 1134 2973 sumpserunt.

110 2976 276 3011 Minerva
298 2975 384 3025 quod
400 2977 552 3024 primum
571 2977 607 3012 in
627 2989 665 3011 ea
686 2986 780 3011 terra
800 2974 908 3011 oleam
925 2974 1137 3024 sevit,q.uae

112 3024 226 3059 adhuc
254 3024 380 3061 dicitur
403 3025 515 3072 stare,
537 3026 728 3074 secundum
756 3038 831 3061 eam
862 3024 1060 3073 judicatum
1083 3023 1137 3072 est.

114 3078 171 3108 At
194 3079 368 3122 Neptunus
389 3075 500 3111 iratus
513 3104 522 3119 ‚
549 3076 588 3112 in
608 3088 683 3112 eam
700 3085 829 3111 terram
850 3087 944 3111 mare
965 3076 1063 3125 coepit
1092 3088 1139 3111 tr·

112 3121 223 3169 rigare
241 3123 438 3173 velle,quod
451 3125 641 3161 Mercurius
661 3153 672 3169 ,
686 3126 793 3170 Jovis
806 3125 910 3173 jussu,
933 3125 971 3160 id
991 3138 1031 3161 ne
1044 3126 1143 3171 face-

115 3180 166 3207 ret
180 3170 363 3218 prohibuit.
392 3180 510 3223 Itaque
521 3175 686 3210 Minerva
700 3187 740 3210 ex
753 3176 815 3222 suo
832 3175 968 3210 nomine
986 3176 1142 3222 oppidum

2143 703 2217 758 Ut

1182 851 1220 889 in
1237 849 1403 888 Palatino
1420 849 1552 898 legitur
1565 877 1574 894 ,
1591 847 1743 898 Exiliiffe
1755 849 1885 895 ferum.
1897 849 2093 888 Manifeste
2106 851 2222 893 enim.

1184 903 1223 939 ὅτ
1244 902 1369 938 locum
1390 901 1556 949 Virgilii,
1586 901 1624 937 ὃς
1649 900 1807 936 fabulam
1828 901 1986 938 eandem
2010 901 2055 937 de
2079 901 2223 948 Neptu-

1182 964 1256 995 no,
1283 952 1346 999 qui
1370 963 1506 999 equum
1526 949 1683 987 tridente
1710 951 1845 998 primus
1866 952 1902 987 in
1925 952 2122 989 certamine
2134 962 2222 988 cum

1181 1003 1353 1040 Minerva
1372 999 1555 1049 protuliffe
1578 1000 1708 1037 dicitur
1721 1028 1730 1044 ,
1759 1000 1912 1049 respexit
1930 1002 2044 1040 Poeta
2066 1014 2075 1037 :

1409 1076 1514 1114 tuque
1534 1065 1570 1109 ὁ,
1599 1067 1653 1102 cui
1667 1066 1784 1115 prima
1796 1070 2006 1114 frementem

1232 1116 1337 1154 Fadit
1358 1130 1482 1161 equum
1497 1144 1507 1161 ‚
1537 1129 1659 1165 magno
1680 1117 1780 1154 tellus
1798 1117 1947 1167 percuffiz
1965 1117 2139 1163 tridente,

1232 1174 1400 1217 Neptune.

1179 1234 1256 1272 Ubi
1271 1234 1343 1271 late
1374 1234 1530 1273 fabulam
1561 1244 1835 1274 commemorat
1850 1237 2006 1275 Servius.
2026 1243 2149 1275 ferum
2161 1242 2226 1276 au&

1181 1294 1257 1323 tem
1279 1284 1458 1331 ἀρχαϊκῶς
1471 1300 1606 1336 cqumn.
1618 1289 1703 1335 Qua
1719 1299 1813 1324 voce
1826 1288 2023 1325 delectatus
2038 1289 2075 1326 δε
2099 1290 2225 1334 Maro,

1231 1366 1293 1375 —--
1320 1347 1425 1396 inque
1442 1348 1513 1395 feri
1542 1361 1685 1385 curuum
1716 1348 1926 1399 compagibus
1948 1347 2079 1387 alvum

1235 1396 1421 1447 Contorfit.

1180 1461 1225 1500 de
1246 1463 1410 1500 Durateo
1424 1475 1534 1513 equo.
1562 1464 1609 1502 Et
1626 1465 1674 1502 ita
1689 1464 1902 1513 Gryphiana
1915 1463 2040 1502 editio.
2093 1466 2226 1514 QuanJ

1179 1525 1291 1561 quam
1327 1513 1434 1551 sciam
1457 1542 1467 1558 ,
1504 1514 1592 1563 quid
1624 1527 1669 1552 ex
1699 1516 1856 1564 Hygino
1887 1515 2017 1552 eruditi
2047 1514 2224 1554 adferant.

1181 1564 1288 1601 DAN.
1303 1564 1449 1602 HfirNs.
1484 1571 1607 1601 Ferum
1627 1565 1790 1613 plerique
1811 1573 1975 1609 veteres,
2002 1573 2043 1602 ut
2059 1564 2103 1602 de
2126 1577 2227 1615 equo

1186 1615 1406 1663 intelligatur
1435 1643 1445 1659 ,
1488 1614 1591 1664 quod
1618 1617 1656 1653 ὃς
1686 1615 1746 1654 alii
1769 1615 1849 1665 jam
1891 1622 2131 1654 monuerunt.
2176 1615 2226 1655 fic

1187 1665 1284 1713 apud
1302 1665 1500 1714 Virgilium
1516 1678 1524 1703 :

1241 1722 1348 1766 Inque
1360 1717 1432 1762 feri
1453 1729 1599 1753 curvam
1622 1716 1831 1766 compagibus
1854 1716 1994 1754 alvum.

1188 1766 1323 1815 Neque
1344 1767 1445 1804 aliter
1463 1767 1589 1815 paffim
1610 1768 1789 1806 auetores.
1814 1768 2027 1805 Hrmsms.
2054 1766 2116 1805 De
2127 1779 2225 1807 voce

1188 1822 1292 1853 Ferus
1313 1816 1385 1854 vid.
1408 1819 1626 1855 Comment.
1649 1817 1695 1855 ad
1718 1817 1871 1856 Phaedr.
1893 1829 1925 1857 1.
1951 1817 2023 1855 fab.
2046 1828 2103 1855 12.
2131 1818 2233 1865 exhi<

1187 1866 1286 1916 buiffie
1296 1868 1416 1914 ferum
1437 1869 1548 1905 etiam
1570 1868 1654 1905 cod.
1674 1868 1844 1906 Menard.

1237 1921 1296 1954 81.
1324 1918 1431 1955 Edere
1450 1931 1527 1956 cum
1543 1917 1672 1968 bacis.]
1703 1919 1801 1955 Bacis
1820 1930 1885 1967 per
1906 1930 2023 1957 unum
2048 1931 2073 1956 c.
2102 1919 2223 1958 Iidem

1184 1967 1278 2012 libri,
1291 1969 1328 2005 δε
1340 1970 1458 2015 fetum
1478 1969 1631 2005 canentis
1649 1969 1773 2006 olivae.
1801 1969 1843 2006 In
1861 1981 1939 2007 uno
1952 1969 2231 2014 me0,Briantii,

1189 2019 1227 2055 δί
1249 2019 1367 2056 Dom.
1400 2026 1516 2056 fetum
1541 2019 1717 2056 candentis
1739 2019 1863 2057 olivae.
1891 2021 2059 2056 CIOFAN.
2086 2021 2231 2056 Prodere

1187 2068 1403 2118 Bernegger.
1435 2078 1603 2119 excerpta
1629 2069 1830 2106 Calandrae
1854 2097 1864 2113 ‚
1901 2070 2004 2117 prim.
2034 2070 2170 2106 Medic.
2190 2071 2231 2107 δε

1188 2119 1319 2157 decem
1338 2120 1513 2157 alii.bene
1528 2120 1686 2158 :dietum
1700 2120 1794 2157 alibi.
1809 2120 2017 2156 Hfimsms.
2046 2120 2103 2156 De
2115 2119 2231 2157 verbo

1181 2170 1322 2219 prodere
1338 2170 1429 2219 supr.
1446 2171 1550 2208 lib.v.
1566 2182 1647 2219 517.
1675 2171 1713 2207 δε
1735 2169 1817 2207 alibi
1839 2170 1992 2218 egimus.
2019 2168 2093 2207 vid.
2112 2170 2233 2215 &Gif

1190 2222 1260 2258 fan.
1280 2221 1519 2266 lnd2Lucret.
1536 2222 1572 2258 in
1587 2220 1752 2270 proditus.

1241 2272 1300 2309 81.
1329 2272 1506 2321 foetum]
1534 2278 1671 2308 Foetum
1682 2283 1747 2319 pro
1768 2270 1895 2308 arbore
1906 2267 2058 2318 posuifl‘e
2070 2268 2233 2315 videtur,

1187 2334 1274 2360 nam
1304 2323 1425 2360 olivae
1453 2321 1588 2359 fruetus
1623 2328 1749 2358 Baccae
1777 2321 1880 2364 sunt,
1903 2320 1968 2357 nisi
1989 2322 2068 2369 quis
2087 2331 2150 2368 per
2168 2319 2202 2358 id
2219 2348 2232 2365 ,

1191 2372 1293 2421 quod
1312 2371 1629 2421 praecedit,quod
1644 2372 1801 2421 sequitur
1814 2370 1965 2418 intelligi
1988 2371 2100 2408 malit.
2128 2370 2234 2407 GLA-

1190 2435 1351 2460 Rfimus.
1381 2425 1546 2459 Fructum
1566 2431 1646 2459 tres.
1660 2423 1801 2468 fruetus
1827 2432 1930 2458 unus.
1943 2421 2063 2467 faetus
2076 2422 2206 2458 Oxon.

1243 2472 1302 2510 81.
1330 2473 1497 2509 Canentis
1515 2471 1664 2520 olivae]
1692 2472 1866 2515 Plurimi,
1896 2471 2095 2515 candentis,
2114 2470 2235 2509 italib.

1191 2532 1263 2559 vn.
1286 2534 1370 2569 499.
1399 2535 1539 2558 ramum
1553 2521 1722 2571 popularis
1742 2521 1854 2558 olivae
1868 2537 1878 2565 ;
1908 2521 1967 2558 ubi
1990 2523 2027 2558 ὃς
2052 2521 2232 2557 candentis

1193 2572 1437 2610 codexvetus.
1465 2582 1579 2615 unuS,
1602 2571 1776 2620 pallentis.
1814 2571 2233 2615 Bononiensis,ramum

1181 2622 1380 2666 frondentis
1407 2622 1539 2659 olivae:
1562 2624 1674 2659 etiam
1691 2634 1769 2659 non
1791 2623 1907 2665 male;
1938 2630 1977 2658 nt
2000 2621 2177 2659 alludatur
2189 2620 2236 2658 ad

1190 2673 1420 2709 Graecorum
1444 2674 1590 2709 θάλλειν
1608 2673 1646 2710 &
1666 2673 1799 2709 θάλλον
1813 2700 1824 2717 ,
1850 2684 1937 2721 quas
1960 2684 2070 2709 voces
2084 2673 2234 2721 proprie

1190 2722 1235 2759 de
1255 2724 1323 2760 hac
1340 2723 1432 2760 sacra
1460 2723 1582 2765 oliva,
1620 2722 1694 2760 five
1727 2723 1831 2770 μορίῳ
1862 2721 2013 2760 Palladis
2030 2722 2142 2759 dietas
2162 2721 2232 2759 effe

1192 2773 1415 2811 ostendimus
1434 2774 1471 2811 in
1493 2775 1588 2820 Jove
1620 2772 1759 2822 Fulget.
1783 2785 1914 2810 cvm.
1935 2773 1997 2810 ubi
2017 2773 2174 2821 pluribus
2187 2771 2234 2809 de

1191 2835 1233 2860 ea
1255 2824 1407 2872 egimus.
1436 2825 1474 2860 ὅ(
1505 2823 1758 2862 celeberrimus
1780 2823 1992 2861 Perizonius
2014 2823 2058 2860 ad
2088 2823 2235 2859 Aelian.

1191 2886 1245 2910 vr.
1269 2875 1304 2909 6.
1326 2874 1483 2912 ostendit
1510 2874 1643 2910 θάλλον
1662 2875 1807 2923 proprie
1827 2874 1873 2912 de
1895 2873 2013 2911 Oleae
2032 2884 2135 2910 ramo
2155 2871 2239 2908 dici.

1193 2925 1232 2961 ὅ(
1251 2925 1300 2961 ita
1319 2925 1451 2962 Noster
1468 2936 1514 2962 eo
1537 2924 1678 2972 respicit
1702 2925 1761 2963 lib.
1782 2937 1873 2961 virt.
1894 2936 1978 2971 295.

1246 2980 1423 3024 Baccaque
1440 2988 1516 3013 cum
1533 2975 1642 3012 ramis
1654 2977 1785 3025 fiemper
1793 2973 1992 3022 frondentis
2009 2971 2133 3007 olivae.

1193 3025 1458 3063 BURMANNus.

1250 3077 1310 3113 82.
1340 3077 1455 3126 Operis
1467 3075 1590 3125 finis.]
1635 3075 1734 3123 operi
1758 3076 1883 3114 tertius
1906 3072 2041 3110 Medic.
2061 3067 2237 3125 secundus

1196 3127 1363 3171 Moreti,
1392 3129 1429 3164 ἃ*
1450 3137 1543 3163 unus
1564 3139 1680 3163 meus.
1707 3125 1754 3162 sic
1772 3126 1863 3162 infra
1880 3122 1988 3170 paulo
2010 3120 2109 3167 post,
2137 3128 2242 3167 opert-

1199 3189 1264 3226 qne
1276 3177 1343 3223 sua
1367 3177 1462 3222 facit
1485 3175 1602 3212 arbore
1620 3175 1727 3222 finem
1756 3171 2070 3219 Berneggerianus.
2098 3170 2242 3207 Hans.

115 3221 277 3257 Athenas
298 3221 466 3267 condidit,
493 3224 582 3272 quod
603 3224 757 3272 oppidum
776 3224 812 3259 in
825 3224 923 3259 terris
942 3223 1146 3272 diciturpri-
1201 3230 1254 3261 ita
1279 3237 1335 3261 11.
1356 3227 1436 3262 Art.
1468 3237 1484 3270 7
1494 3237 1552 3275 31.
1594 3226 1690 3262 Finis
1724 3223 1813 3269 adest
1840 3221 1937 3271 operi.
1972 3219 2062 3258 vid.
2091 3220 2137 3257 ad
2165 3220 2240 3257 Re-

114 3282 214 3308 mum
232 3270 287 3320 effe
319 3270 547 3317 constitutum.
575 3273 793 3310 emmaus.
846 3273 1018 3316 Erudire,
1044 3273 1148 3321 quod
1203 3274 1300 3311 nied.
1328 3286 1406 3322 143.

1663 3321 1758 3359 Ccc.
1785 3333 1806 3359 2.
2000 3320 2060 3371 83.
2087 3318 2243 3360 Aemula
