2483 3616
363 147 1593 214 METAMORPHOSEON
1664 155 1807 217 Lm.

1879 161 1962 220 111.
2115 179 2208 231 171

365 258 458 314 Est
480 256 662 326 specus
686 253 743 306 in
769 253 981 318 medio,
1020 254 1180 324 virgis
1203 274 1263 311 ae
1292 255 1494 310 vimine
1523 256 1745 320 densUS‚

255 348 322 397 30
359 327 612 384 Efficiens
639 326 897 381 humilem
922 327 1156 398 lapidum
1186 329 1530 400 compagibus
1555 346 1771 393 areum3

360 399 625 454 Uberibus
652 399 914 454 fecundus
942 401 1103 473 aquis.

1145 404 1167 471 (
1181 402 1285 455 hoe
1310 402 1561 456 conditus
1588 416 1743 456 antro

360 472 591 527 Martius
625 472 809 542 anguis
836 485 977 536 erat,
1015 472 1179 527 cristis
1203 474 1487 546 praesignis
1511 476 1568 529 δε
1595 494 1745 540 aur03

359 545 486 615 Igne
511 544 708 598 micant
733 545 909 605 oeuli;
951 564 1146 618 corpus
1171 561 1345 601 tumet
1374 566 1537 603 omne
1564 566 1806 609 venen03

358 617 610 690 Tresque
635 617 842 672 vibrant
866 619 1108 691 linguae3
1150 621 1346 693 triplici
1371 621 1504 676 stant
1530 620 1722 676 ordine
1747 621 1989 691 dentes.)

72 790 129 828 'tae
164 785 415 837 magnitudinis
435 798 581 833 anguem
607 785 710 835 suiffe
733 815 743 830 ,
782 798 823 824 ut
855 786 965 824 Atilii
996 787 1113 835 Reguli

70 840 258 878 exercitum
277 837 338 886 usu
358 836 472 872 amnis
487 835 679 885 prohiberet
696 854 706 873 :
736 838 921 888 multisque
941 837 1111 875 militibus

70 891 202 939 ingenti
223 903 275 925 ore
296 887 448 936 correptis
463 915 472 930 ‚
501 887 726 936 compluribus
757 890 886 925 caudae
918 888 1109 924 volumini-

69 941 132 977 bus
152 939 235 989 elisis
249 968 258 983 ,
285 952 362 975 cum
383 937 527 974 telorum
541 939 641 986 jactu
658 940 827 987 perforari
848 939 1001 989 nequiret
1024 966 1034 981 ‚
1059 940 1107 974 ad

67 988 239 1027 ultimum
267 988 483 1033 ballistarum
504 991 685 1025 tormentis
706 991 856 1040 undique
871 990 1019 1039 petitam
1034 1017 1044 1032 ‚
1057 988 1107 1037 si-

69 1041 176 1078 licum
204 1040 326 1077 crebris
360 1052 402 1078 o*
427 1038 614 1088 ponderofis
646 1040 840 1077 verberibus
865 1039 1070 1089 procubuiſje
1093 1068 1104 1084 ,

70 1091 291 1142 omnibusque
310 1103 354 1130 ω’
375 1090 565 1126 cohortibus
585 1102 629 1129 <y
648 1090 827 1139 legionibus
860 1092 928 1141 ipsa
948 1090 1106 1127 Cartba-

68 1143 146 1192 gine
177 1143 293 1191 visam
313 1140 561 1177 terribiliorem.
614 1145 734 1190 Atque
764 1143 871 1177 etiam
906 1156 1020 1178 cruore
1042 1144 1105 1190 suo

68 1193 262 1242 gurgitibus
281 1191 423 1228 imbutis
435 1218 445 1235 ,
459 1190 661 1240 corporisque
671 1192 822 1240 jacentis
838 1192 988 1241 pestifero
1008 1193 1107 1242 affla—

69 1253 113 1280 tu
135 1244 252 1280 vicina
276 1243 402 1291 regione
414 1240 548 1289 polluta
571 1268 581 1283 ,
617 1247 774 1279 Romana
796 1243 875 1279 inde
885 1243 1109 1292 summovifflae

72 1294 193 1341 castra.
230 1293 328 1329 Dicit
346 1291 475 1327 belluae
508 1291 615 1327 etiam
644 1294 772 1329 coi-ium
803 1306 883 1331 cxx.
909 1295 1007 1343 pedes
1034 1293 1109 1330 lon-

67 1357 176 1393 gum,
200 1343 239 1379 in
258 1342 375 1378 urbem
395 1341 542 1389 missum.
589 1341 744 1381 Librum
769 1373 780 1389 ‚
817 1357 892 1395 quo
915 1344 1013 1393 apud
1046 1345 1111 1380 Li-

71 1395 174 1431 vium
207 1393 312 1442 hujus
342 1391 513 1440 serpentis
546 1394 689 1430 mentio
732 1404 820 1439 erat,
854 1403 950 1433 aetas
990 1395 1110 1432 nostra

71 1455 159 1482 cum
179 1443 299 1481 multis
321 1443 394 1480 aliis
416 1442 600 1480 desiderat.
637 1444 750 1491 Julius
774 1446 1006 1497 Obsequens:
1037 1451 1111 1482 Ser-

63 1501 146 1544 pens
175 1495 215 1531 in
246 1494 373 1542 Africa
395 1494 605 1543 portentosae
632 1498 887 1544 magnitudinis
916 1497 1075 1547 apparuit
1100 1526 1108 1537 .

70 1559 171 1600 quem
193 1544 329 1581 Atilius
349 1544 512 1593 Regulus,
541 1559 617 1581 cum
638 1549 798 1584 maxima
829 1549 984 1586 militum
1015 1547 1109 1584 clade

72 1595 254 1643 difficulter
276 1596 458 1645 catapultis
481 1609 523 1636 ω’
543 1596 706 1643 ballistis,
719 1599 831 1636 veluti
851 1600 972 1637 molem
994 1613 1091 1650 quan

73 1646 158 1683 dam
179 1647 413 1696 expugnavit:
443 1648 503 1697 qui
524 1661 599 1684 cum·
630 1648 808 1700 aliquoties
831 1652 911 1700 jam
941 1650 990 1686 ad
999 1650 1108 1699 versas

72 1697 373 1746 Carthaginienses
395 1698 593 1747 pugnaffiet,
621 1713 654 1735 eo
672 1714 764 1737 anno
785 1702 829 1738 ab
861 1701 1008 1750 hostibus
1032 1711 1108 1751 cap-

74 1757 131 1784 tus
151 1748 203 1795 est.
241 1749 354 1797 Hujus
376 1759 493 1785 autem
505 1750 670 1798 serpentis
702 1753 852 1789 exuviae
882 1763 1018 1790 centum
1053 1753 1109 1788 vi-

65 1799 163 1848 ginti
174 1799 300 1848 pedum
318 1799 530 1847 longitudine
543 1800 645 1848 fuiffe
656 1803 847 1848 fhruntur,
878 1817 922 1844 <J
941 1805 1011 1853 ejus
1033 1817 1111 1840 ma-

71 1848 179 1886 xillae
200 1849 300 1900 usque
319 1850 367 1886 ad
390 1853 655 1888 Numantinum
678 1853 802 1895 bellum
832 1855 871 1891 in
897 1855 1029 1904 publico
1056 1865 1112 1904 pe-

67 1900 213 1952 pendiffi,²
235 1901 410 1938 dicuntur.
438 1902 563 1939 Refert
584 1903 622 1940 &
642 1903 716 1941 hoc
736 1905 894 1942 breviter
916 1919 961 1944 ex
983 1906 1114 1943 Tube-

73 1961 167 1988 rone
189 1951 348 2000 Agellius
370 1963 446 2001 cap.
481 1965 513 2002 3.
534 1953 593 1990 lib.
615 1965 676 1998 vi,
711 1955 749 1992 &
781 1956 914 1994 Plinius
946 1957 1005 1993 lib.
1033 1969 1112 1993 rix.

74 2012 153 2049 cap.
180 2014 233 2045 14-
255 2002 355 2040 Silius
377 2015 528 2052 quoque
547 2004 607 2041 lib.
629 2016 690 2042 vi.
710 2005 825 2056 longo
848 2008 1011 2044 carmine
1032 2019 1114 2056 per-

77 2050 234 2100 sequitur
255 2066 263 2089 :
302 2053 365 2101 qui
386 2054 563 2102 quidquid
587 2055 757 2093 Poeticae
790 2058 1039 2095 exornationis
1068 2057 1113 2095 ad

74 2099 258 2139 historiam
279 2103 438 2148 addidit,
466 2112 588 2142 totum
610 2107 687 2143 fere
710 2135 721 2151 ‚
748 2108 807 2145 vel
840 2108 936 2146 certe
967 2108 1082 2145 multa
1104 2137 1114 2154 ,

78 2149 107 2188 fi
126 2152 213 2200 quid
241 2164 311 2201 ego
343 2153 479 2199 video,
508 2167 552 2192 ex
582 2155 657 2192 hoc
690 2157 813 2195 nostro
837 2187 847 2203 ,
884 2171 1113 2209 quamquam

77 2211 159 2257 non
179 2202 256 2239 satis
277 2203 450 2249 feliciter,
477 2205 656 2243 mutuasse
678 2207 832 2246 videtur.
860 2210 960 2254 Alii,
986 2210 1115 2259 quibus

80 2262 198 2300 majus
217 2253 334 2290 otium
356 2255 428 2299 est,
454 2268 565 2305 quain
590 2258 680 2295 mihi
694 2287 704 2302 ,
730 2259 813 2297 loca
833 2272 919 2297 cum
946 2260 1037 2298 locis
1051 2290 1060 2305 ,
1088 2259 1114 2297 fi

78 2302 232 2346 volent,
257 2304 456 2343 conferant,
503 2308 719 2347 Cxofmus.
765 2311 948 2349 Gerardus
967 2312 1115 2349 Voffius

79 2353 120 2408 J.¹
136 2353 183 2408 G.
203 2353 310 2390 Filius
324 2381 334 2398 ‚
360 2354 424 2391 suo
449 2357 593 2396 Ciofani
625 2360 745 2397 codici
767 2389 778 2406 ,
815 2363 878 2412 qui
898 2363 1057 2400 servatur
1077 2362 1115 2400 in

79 2402 301 2441 Bibliotheca
333 2404 503 2442 Leidenfi
527 2435 538 2450 ‚
564 2408 811 2457 adscripscrat,
840 2416 962 2461 Qum
976 2416 1116 2461 fiztua!

80 2454 384 2502 &indignabatur
398 2485 407 2499 ‚
422 2456 545 2493 Orosii
558 2458 667 2495 verba
686 2461 746 2496 hic
766 2461 895 2500 adduci
921 2473 1005 2500 ante
1028 2464 1113 2500 Tu-

79 2502 248 2549 beronis,
277 2505 397 2549 Livii,
426 2507 464 2543 ὃ(
485 2507 593 2544 Gellii
617 2537 627 2553 ,
651 2510 752 2558 quasi
781 2511 839 2549 ille
869 2513 956 2550 alios
986 2514 1113 2550 vince-

80 2562 146 2592 ret.
173 2564 365 2593 notaverat
386 2558 496 2593 etiam
520 2558 617 2596 reste
648 2560 730 2605 Julii
761 2560 1005 2612 Obsequentis
1035 2574 1114 2600 non

82 2605 154 2642 effe
167 2635 177 2651 ,
203 2606 263 2643 sed
287 2607 528 2656 Lycosshenis
548 2610 658 2646 verba
678 2639 688 2652 ‚
729 2623 824 2661 quae
844 2613 904 2650 hic
921 2614 1115 2661 proferun-

83 2658 276 2707 tur,quod
296 2659 452 2705 pluribus
475 2659 558 2695 viris
581 2660 726 2698 eruditis
748 2663 887 2700 accidit
924 2664 1117 2701 Farnabius

87 2707 196 2744 etiam
220 2710 340 2757 potius
363 2707 550 2756 respexisse
582 2711 627 2747 ad
648 2711 860 2760 Euripidem
882 2715 919 2750 in
941 2714 1118 2751 Phoenis-

87 2755 130 2793 fis
156 2767 278 2806 putat,
306 2759 366 2795 ubi
390 2759 522 2796 Cadmi
546 2761 584 2797 &
606 2761 775 2810 serpentis
799 2772 986 2801 certamen
1007 2765 1119 2802 habe-

90 2811 146 2843 tur
175 2837 185 2852 ,
223 2811 260 2846 δε
290 2810 488 2858 legendum
523 2811 632 2849 etiam
660 2813 845 2852 Nonnum
875 2815 949 2852 fine
971 2815 1031 2853 lib.
1060 2828 1117 2854 1v.

87 2862 223 2896 monet.

141 2920 198 2955 ²9·
229 2915 275 2947 Et
287 2913 401 2962 specus
423 2913 459 2947 in
482 2914 601 2949 medio.
620 2913 635 2962 ]
666 2915 740 2951 Alii
761 2915 892 2953 re6‘tius
906 2944 916 2960 ‚
930 2917 997 2963 Est.
1026 2929 1118 2956 mox

90 2965 154 3011 pro
168 2987 178 3002 ,
204 2960 260 2996 ubi
277 2964 432 2999 conditus
451 2973 574 3007 antro,
602 2965 728 3002 malim
744 2994 754 3009 ,
779 2966 838 3002 hoc
860 2979 944 3003 cum
968 2968 1119 3017 Neapo-

89 3004 212 3045 litano.
238 3011 301 3048 nifi
322 3012 469 3051 scribas.
499 3015 550 3049 cui
569 3015 714 3052 creditus
734 3027 846 3053 antro.
876 3018 1016 3056 Hzms.

143 3069 199 3104 29.
227 3063 397 3112 Densus]
427 3063 617 3101 Editiones
647 3066 829 3115 quaedam
852 3068 891 3105 &
908 3068 1027 3117 scripti
1056 3069 1120 3108 ali-

90 3114 208 3155 quot,
233 3110 345 3158 densis.
373 3113 478 3150 male.
506 3115 593 3151 Fast.
616 3127 674 3152 vr.
694 3129 729 3164 9.

143 3158 201 3203 Est
221 3171 335 3197 nemus
354 3164 528 3200 arboribus
549 3166 700 3215 denfitm⁴

89 3205 178 3246 Ibid.
206 3219 240 3244 V.
263 3223 341 3252 411.

147 3258 215 3307 Hic
235 3273 362 3311 quoque
381 3263 476 3301 lucus
493 3276 568 3304 erat
581 3266 698 3316 juncis
717 3279 760 3308 (θ’
777 3271 950 3310 arundine
967 3273 1100 3323 denset-s,

1915 715 1938 760 3
1951 715 1980 763 5
2030 695 2211 770 Quem

1168 786 1239 825 Inf.
1257 787 1333 825 hoc
1350 787 1443 825 libro
1466 800 1502 825 v.
1529 800 1611 837 155·

1219 839 1325 875 Vallis
1345 850 1421 875 erat
1435 839 1535 888 piceis
1554 852 1597 879 ω’
1616 838 1723 876 acutri
1744 840 1846 889 denfiz
1866 839 2022 890 cupressu.

1166 888 1356 926 Praeterea
1378 902 1469 927 unus
1491 890 1685 927 Mediceus
1700 919 1708 933 ,
1738 892 1840 940 densa
1856 920 1866 936 ‚
1895 891 1983 928 alter
2004 893 2212 938 Palatinus;

1166 939 1319 988 densum.
1347 952 1441 988 quae
1472 941 1594 977 variae
1622 941 1800 979 ledtiones
1835 941 1921 979 inde
1945 952 2055 980 natae
2077 972 2087 988 ‚
2124 946 2212 993 quia

1160 998 1301 1026 veteres
1322 991 1453 1038 triplici
1472 1002 1607 1039 genere
1637 1004 1733 1029 voce
1754 993 1869 1042 specus
1890 991 1941 1029 ufi
1974 995 2083 1031 fuere.
2124 996 2210 1032 vide

1162 1040 1329 1077 Priscian.
1350 1041 1408 1077 lib.
1432 1053 1490 1077 vr.
1512 1053 1592 1089 pag.
1616 1053 1698 1092 713.
1726 1044 1789 1093 qui
1818 1043 1855 1080 in
1888 1044 1960 1080 hoc
1982 1045 2068 1082 loco
2091 1046 2212 1094 densiu-

1161 1091 1333 1138 agnoscit.
1361 1092 1399 1128 ὃς
1423 1091 1523 1128 Voff
1551 1092 1596 1128 de
1622 1093 1775 1142 fxnalog.
1806 1094 1859 1131 16.
1888 1095 1996 1143 virgis
2018 1110 2040 1132 a
2062 1095 2212 1135 culmine

1159 1142 1280 1189 densus
1300 1141 1445 1178 secund.
1472 1142 1607 1179 Medic.
1631 1144 1668 1180 &
1698 1144 1853 1182 Urbinas
1892 1145 2022 1183 BURM.

1163 1221 1166 1222 γ
1213 1204 1271 1241 32.
1307 1193 1463 1228 Martius
1486 1194 1607 1242 anguis
1633 1194 1648 1242 ]
1679 1194 1820 1242 Anguis
1843 1208 1860 1232 a
1884 1196 2006 1233 Marte
2039 1197 2114 1246 ejus
2135 1197 2212 1236 Ioci

1162 1244 1278 1279 custos
1299 1242 1492 1292 appositus.
1520 1255 1606 1280 nam
1631 1244 1840 1288 Suidas,ubi
1862 1248 2098 1293 proverbium
2122 1248 2211 1287 illud

1163 1294 1318 1342 explicat
1331 1293 1496 1336 Καδμεῖαι
1519 1294 1638 1333 mm.
1653 1296 1808 1331 Cadmea
1829 1297 1979 1333 victoria
1993 1326 2003 1342 ,
2020 1298 2213 1336 ‘Cadmum

1166 1343 1216 1380 ait
1237 1344 1325 1382 ono
1349 1356 1465 1382 annos
1486 1345 1658 1382 coaeum
1685 1345 1816 1383 servire
1846 1347 1960 1384 Marti
1982 1361 1990 1385 z
2029 1350 2212 1398 quoniam

1164 1394 1369 1443 serpentem
1385 1397 1469 1443 ,qui
1491 1396 1628 1433 sacrum
1651 1396 1685 1433 ei
1707 1396 1779 1433 deo
1803 1397 1945 1434 fontem
1971 1399 2213 1445 custodiebat,

1166 1445 1364 1484 interemit.
1396 1447 1633 1484 Consuur.
1660 1447 1872 1484 Fanensis.
1914 1449 2034 1498 Hujus
2067 1450 2214 1499 serpen-

1167 1496 1209 1532 tis
1224 1525 1234 1541 ‚
1247 1497 1336 1534 item
1362 1498 1472 1535 fontis
1488 1527 1496 1542 ‚
1509 1499 1618 1535 etiam
1637 1499 1820 1536 Pausanias
1844 1499 2014 1539 meminit
2036 1500 2072 1538 in
2086 1501 2214 1539 Boeo·

1163 1547 1253 1585 ticis.
1295 1549 1371 1595 Ipse
1393 1560 1516 1586 autem
1536 1549 1676 1597 serpens
1690 1578 1700 1594 ‚
1729 1561 1841 1598 quem
1867 1549 1926 1586 hic
1948 1551 2126 1588 Martium
2148 1563 2213 1600 ap-

1165 1598 1272 1646 pellat
1296 1599 1453 1638 Ovidius
1468 1629 1478 1644 ,
1507 1600 1550 1636 ab
1572 1600 1647 1636 aliis
1669 1600 1817 1648 proprio
1842 1601 1996 1637 nomine
2031 1601 2213 1650 Der-cyllus

1165 1649 1305 1686 dicitur.
1348 1658 1387 1688 ut
1419 1651 1467 1688 est
1501 1650 1625 1687 videre
1648 1651 1682 1687 in
1707 1659 1913 1688 comment.
1961 1651 2141 1701 Euripidis
2172 1653 2212 1691 in

1163 1700 1374 1738 Phoenissis.
1401 1702 1561 1739 Fontem
1583 1712 1673 1738 vero
1696 1701 1885 1750 Euripides
1917 1702 2046 1739 Dircen
2076 1710 2212 1748 vocat,

1164 1751 1267 1800 quod
1289 1760 1416 1789 tamen
1437 1752 1595 1801 tempori
1619 1764 1694 1789 non
1719 1752 1937 1801 respondet,
1966 1764 2051 1789 cum
2076 1753 2212 1799 Dirce„

1165 1801 1184 1838 {i
1208 1814 1281 1851 qua
1302 1804 1396 1840 fonti
1419 1815 1563 1841 nomen
1586 1802 1726 1840 fanum
1741 1803 1939 1851 ‚posterior
1962 1803 2108 1841 Cadmo
2133 1805 2214 1840 fue-

1167 1853 1220 1889 rit.
1251 1853 1321 1890 Sed
1341 1854 1432 1891 haec
1453 1854 1540 1891 nihil
1559 1854 1603 1892 ad
1625 1865 1704 1890 rein
1724 1854 1963 1902 praesentem.
1991 1855 2215 1895 Mmuzus„

1169 1904 1227 1941 Sic
1251 1905 1337 1942 Stat.
1361 1917 1395 1942 x.
1419 1905 1503 1943 800.

1532 1956 1715 1993 Nimirum
1738 1956 1896 1993 Martius
1913 1956 2036 2005 anguis
2049 1985 2059 2001 ‚

1221 2008 1386 2058 Qaeque
1407 2008 1505 2043 novis
1519 2018 1695 2057 proavum
1718 2007 1818 2043 tellus
1840 2008 1983 2057 effloruit
2004 2007 2126 2046 armis.

1172 2057 1384 2095 Crormus.
1422 2058 1618 2107 Micyllum
1642 2058 1838 2106 deceptum
1860 2059 1975 2095 verbis
1998 2057 2216 2096 Scholiastae

1171 2107 1352 2156 Euripidis
1374 2108 1418 2146 ad
1443 2109 1580 2146 l'hoen.
1606 2120 1637 2144 v.
1654 2121 1685 2152 7.
1715 2108 1902 2145 credidisse
1936 2109 2138 2157 Dercyllum
2162 2109 2215 2146 es-

1170 2158 1205 2195 se
1227 2171 1369 2196 nomen
1391 2159 1563 2208 serpentis
1577 2188 1587 2203 ,
1601 2171 1686 2196 cum
1711 2158 1752 2196 fit
1774 2159 1950 2206 scriptoris
1974 2171 2215 2204 nomen‚no-

1168 2210 1259 2246 tavit
1274 2210 1353 2257 jam
1378 2211 1574 2248 Muncker.
1601 2210 1646 2247 ad
1672 2211 1810 2246 Anton.
1833 2209 1989 2246 Liberal.
2011 2221 2086 2257 cap.
2111 2222 2143 2246 2.
2167 2209 2216 2248 de

1168 2260 1243 2297 hoc
1264 2261 1441 2309 Dercyllo
1465 2261 1549 2298 vide
1571 2260 1749 2297 Maufiaci
1771 2268 1876 2297 notas
1898 2259 1943 2296 ad
1965 2259 2144 2298 Plutarch.
2167 2260 2214 2299 de

1171 2310 1317 2349 Flumin
1351 2313 1388 2348 in
1412 2312 1585 2361 Hydai'pe
1608 2313 1644 2348 in
1665 2310 1727 2348 fin.
1751 2311 1878 2347 BURM.

1223 2373 1280 2411 32.
1310 2362 1429 2409 Cristis
1456 2362 1664 2413 praeffgnis,
1693 2375 1735 2400 &⁴
1759 2361 1886 2409 auro.]
1925 2360 2066 2398 Eadem
2098 2359 2214 2410 figura

1172 2413 1284 2449 utitur
1302 2413 1406 2462 Virg.
1432 2427 1486 2452 11.
1511 2415 1638 2461 Georg
1671 2425 1730 2460 92·
1751 2412 1882 2461 pateris
1900 2411 2049 2448 libamus
2061 2424 2214 2451 waurei.

1169 2463 1384 2500 Cromnos.

1220 2524 1279 2560 32.
1308 2521 1384 2561 Igne
1405 2514 1538 2550 micant
1556 2512 1682 2562 oculi]
1713 2514 1827 2551 Hune
1848 2511 1943 2550 forte
1978 2513 2107 2552 locum
2127 2513 2215 2561 imi-2

1168 2570 1263 2600 tatus
1281 2564 1330 2601 est
1350 2563 1450 2601 idem
1475 2565 1604 2601 Statius
1625 2576 1684 2600 xi.
1709 2576 1789 2613 534.

1458 2615 1655 2665 Striciisque
1675 2616 1785 2651 erexit
1796 2619 1932 2665 peffiora
1947 2616 2031 2664 setis
2043 2632 2054 2652 .-

1225 2671 1305 2713 Igne
1323 2676 1480 2702 tremunt
1500 2666 1586 2702 oculi
1599 2682 1609 2701 .·
1639 2665 1831 2716 lunataque
1850 2668 2007 2703 dentibus
2029 2667 2125 2703 uncis

1198 2750 1200 2754 ,
1224 2721 1297 2752 Ora
1310 2717 1452 2764 sonant.
1507 2723 1584 2765 Igne
1605 2716 1739 2753 micant
1761 2718 1847 2754 oculi
1869 2734 1879 2754 .·
1919 2717 1978 2755 Sic
1996 2717 2140 2756 locutus
2163 2717 2214 2757 est

1172 2765 1266 2802 infra
1286 2767 1344 2803 lib.
1372 2779 1452 2804 ΠΧ.
1476 2767 1559 2813 284.
1581 2767 1626 2804 de
1660 2779 1776 2816 ⁴pro:

1225 2818 1395 2864 Sanguine
1408 2847 1418 2862 ,
1448 2830 1490 2857 (φ’
1509 2819 1583 2867 igne
1603 2819 1736 2855 micant
1755 2818 1854 2856 oculi.

1173 2867 1267 2917 Virg
1281 2869 1347 2905 lius
1375 2882 1427 2906 11.
1448 2882 1532 2907 210.

1227 2920 1402 2956 Ardentes
1422 2920 1529 2956 oculos
1538 2919 1672 2969 suffib'ii
1684 2921 1854 2970 sanguine
1875 2934 1918 2961 v·
1938 2922 2019 2971 igni.

1173 2969 1318 3007 Plautus
1338 2971 1375 3007 in
1390 2972 1667 3008 Menaechmis:
1699 2978 1741 3007 Ut
1763 2972 1848 3008 oculi
1860 2973 2070 3020 scintillant.
2105 2971 2209 3009 Idem

1173 3020 1211 3056 in
1234 3021 1415 3070 Captivis:
1442 3022 1583 3058 Ardent
1601 3022 1696 3059 oculi.
1724 3023 1780 3059 M.
1795 3023 1893 3060 Tull.
1916 3024 1950 3059 in
1977 3024 2130 3058 Verrem
2145 3033 2210 3058 exa

1174 3077 1296 3108 tremo
1327 3085 1380 3109 11.
1399 3082 1438 3109 ut
1458 3081 1570 3121 puto.
1598 3073 1666 3110 adt.
1720 3080 1817 3110 Nam
1841 3087 1915 3114 cum
1929 3073 2071 3121 spumas
2100 3081 2214 3120 ageret

1173 3121 1213 3157 in
1234 3137 1309 3166 ore,
1336 3124 1497 3160 arderent
1518 3124 1613 3161 oculi.
1653 3125 1839 3161 Homerus
1857 3124 1914 3160 lib.
1939 3135 2046 3159 X111.
2065 3122 2165 3161 Iliad.

1227 3168 1424 3219 Ο’φθαλμῷ
1446 3174 1547 3212 5*ch
1569 3176 1600 3210 οἱ
1620 3176 1704 3219 πυρῖ
1727 3176 1930 3217 λάμπετον.

1179 3223 1364 3262 Hesiodus
1384 3225 1421 3261 in
1447 3225 1600 3273 Aspide:

1223 3272 1403 3320 Ε’μποιλιν
1413 3275 1557 3314 ’ὅσσοισιν
1568 3277 1650 3322 nvp?
1661 3275 1912 3322 λαμπομένοισι
1921 3273 2014 3321 areop
2020 3276 2083 3316 κὼς
2101 3275 2132 3312 C
2135 3278 2216 3379 ῐοῗἸ

1463 3325 1499 3373 X
1526 3337 1550 3364 2
2038 3337 2096 3375 34·
2122 3330 2220 3375 Tre:
