2483 3616
342 194 1589 258 METAMORPHOSEON
1661 199 2018 267 L113.XIV.

2127 206 2236 277 937

377 314 564 370 Fratre
585 311 679 366 suo
705 309 972 382 sceptrum
998 311 1330 367 moderatior
1354 314 1560 371 Acrota
1586 312 1717 371 forti

235 392 337 441 620
376 384 570 441 Tradit
595 383 910 439 Aventino:
948 385 1041 456 qui
1068 402 1178 455 quo
1203 387 1474 455 regnarat,
1510 387 1708 443 eodem

374 456 572 513 Monte
590 454 731 526 jacet
754 455 983 528 pofitus;
1025 456 1318 528 tribuitque
1345 458 1601 514 vocabula
1623 461 1812 515 monti.

365 529 591 600 Jamque
621 527 885 583 Palatinae
913 529 1170 583 summam
1196 529 1365 583 Proca
1395 532 1565 600 gentis
1590 532 1830 589 habebat.

368 602 525 671 Rege
549 600 641 654 sub
665 601 769 655 hoc
798 602 1040 656 Pomona
1067 601 1168 655 fuit
1194 618 1206 653 ε

1245 604 1350 673 qua
1375 603 1516 655 nulla
1541 602 1758 659 Latinas

372 673 515 727 Inter
540 672 944 745 Hamadryadas
967 675 1133 728 coluit
1157 673 1416 728 sollertius
1438 674 1623 728 hortos
1639 715 1654 738 ‚

231 752 332 815 625
372 746 489 800 Nec
512 745 614 799 fuit
643 747 850 801 arborei
881 746 1159 800 studiofior
1187 746 1346 801 altera
1371 746 1573 801 foetus:

372 817 532 873 Unde
555 830 704 872 tenet
728 837 945 874 nomen.
984 836 1095 872 non
1119 818 1264 872 filvas
1289 819 1399 884 illa,
1440 837 1538 874 nec
1566 836 1774 883 amnem

85 1031 173 1070 tides
191 1032 228 1069 in
247 1029 401 1080 vulgatis
421 1027 469 1066 est
487 1027 600 1067 libris.
625 1028 800 1067 Homero
823 1026 928 1066 Iliad.
944 1026 985 1065 P.
1009 1026 1128 1074 Κήρυξ

86 1080 296 1123 Have-isne.
324 1083 471 1119 Herus.

137 1133 222 1179 614,
249 1131 323 1179 Post
342 1131 434 1168 hunc
455 1136 688 1180 Capetusque,
715 1132 917 1177 Capysque,
945 1128 1009 1165 Sed
1021 1133 1131 1178 Capys

87 1192 171 1220 ante
201 1183 318 1231 fuit.]
359 1181 589 1218 Confuderat
617 1179 801 1217 historiam
827 1180 943 1217 Poeta
976 1180 1097 1217 noster
1121 1206 1132 1224 ‚

90 1233 176 1271 cum
203 1233 316 1277 dixit,
345 1232 529 1280 Capetum
556 1238 685 1269 natum
720 1228 791 1267 effe
822 1241 867 1267 ex
885 1230 1023 1278 Epiro,
1050 1229 1132 1273 vel,

87 1292 132 1322 ut
163 1284 294 1321 Livius
314 1283 364 1320 ait
387 1310 398 1326 ,
436 1280 560 1330 Atye,
589 1293 634 1319 ex
655 1281 800 1329 Capeto
819 1280 949 1329 Capin.
986 1282 1135 1329 Quare,

84 1335 175 1371 cum
196 1333 234 1372 id
252 1330 582 1376 animadvertiffet‚
609 1331 724 1375 dixit,
752 1330 815 1368 Sed
827 1331 1135 1380 Capysantefuit,

84 1385 165 1424 hoc
194 1385 242 1422 est
269 1385 389 1433 Capys
421 1383 603 1431 Capetum
634 1382 782 1430 genuit,
819 1382 857 1420 &
881 1394 958 1419 non
982 1380 1137 1427 contra,

90 1435 413 1486 quemadmodum
432 1434 600 1471 carminis
621 1431 765 1471 fortaffe
783 1433 863 1480 lege
877 1432 1052 1471 adductus
1072 1444 1136 1470 an·

88 1487 132 1525 τὲ
152 1486 292 1525 dixerat
313 1498 322 1522 ε
357 1491 511 1533 Regnum
534 1483 710 1520 Tiberinus
730 1481 774 1519 ab
793 1482 864 1519 illis
883 1483 1002 1532 Cepit,
1033 1493 1077 1523 <9¹
1097 1483 1136 1519 in

95 1538 194 1586 Tusci
221 1536 390 1583 demersus
420 1535 496 1583 (vel
517 1533 737 1583 submersus,
765 1541 806 1571 ut
836 1533 884 1571 est
904 1535 943 1572 in
964 1533 1136 1583 Caelest.)

85 1587 250 1642 fluminis
268 1586 370 1624 undis
396 1585 534 1624 ibidem
548 1613 558 1630 ,
584 1586 658 1623 hoc
676 1584 814 1623 modo:

148 1661 304 1705 Cumque
319 1655 430 1704 patris
447 1667 588 1703 regnum
604 1653 672 1703 post
690 1653 782 1690 hunc
794 1652 971 1691 Tiberinus
982 1653 1136 1701 haberet,

196 1707 340 1744 Dicitur
359 1707 398 1743 in
419 1707 543 1755 Tuscae
560 1705 693 1754 gurgite
715 1705 842 1753 mersus
861 1715 983 1753 aquae.

94 1769 226 1808 Livius
263 1769 351 1806 loco
386 1768 463 1817 jam
497 1768 608 1805 citato
634 1767 683 1804 ita
713 1767 918 1804 memoriae
947 1766 1134 1815 prodidit:

97 1820 251 1869 Agrippa
269 1819 350 1855 inde
372 1817 523 1854 Tiberini
555 1817 619 1865 (ita
638 1817 736 1855 enim
757 1817 841 1866 lego
855 1846 865 1863 ‚
893 1828 969 1854 non
994 1817 1138 1857 Tiberii)

90 1870 216 1919 filiu53
236 1869 304 1917 post
320 1869 510 1918 Agrippam
524 1867 690 1905 Romulus
708 1867 839 1904 Silvius
856 1867 881 1904 a
898 1878 996 1916 patre
1008 1877 1139 1918 accepto

99 1920 236 1969 imperio
263 1928 396 1967 regnat:
425 1917 610 1955 Aventino
627 1918 783 1965 fulmine
811 1918 874 1967 ipse
891 1919 978 1955 ilius
998 1931 1140 1967 regnum

101 1978 157 2018 per
175 1982 299 2006 manus
318 1969 479 2006 tradidit.
507 1971 599 2016 Quo
622 1977 745 2006 autem
770 1969 886 2006 modo
907 1970 943 2006 in
962 1970 1060 2008 hisce
1076 1970 1140 2007 Li-

103 2018 155 2056 vii
175 2019 290 2056 verbis
308 2019 471 2056 Romulus
485 2019 624 2067 legatur
651 2031 728 2056 non
744 2018 828 2056 sane
848 2019 970 2057 video.
1015 2021 1143 2058 Nemo

105 2069 206 2106 enim
237 2068 368 2113 nescit,
395 2070 625 2113 Romulum,
652 2070 726 2107 hoc
755 2070 803 2106 est
835 2071 944 2107 Remi
969 2071 1116 2108 fratrem
1133 2098 1143 2114 ‚

105 2119 151 2156 ab
169 2118 329 2166 Agrippa
344 2146 354 2162 ,
379 2118 454 2155 sive
473 2119 654 2158 Tiberino
667 2148 677 2163 ‚
702 2129 831 2158 natum
845 2132 919 2157 non
931 2119 1013 2158 effe.
1041 2123 1146 2168 Qua-

104 2180 145 2206 re
165 2167 335 2206 audacter
356 2169 616 2207 contenderem
629 2171 884 2218 reponendum
898 2169 968 2208 effe
981 2199 992 2216 ‚
1019 2178 1147 2208 Remu-

104 2219 182 2262 lus,
209 2218 526 2268 quemadmodum
546 2219 589 2256 ab
612 2221 755 2259 Ovidio
778 2222 903 2259 vocari
920 2222 1078 2271 superius
1091 2224 1145 2260 vi-

107 2269 240 2307 dimus.
304 2269 338 2306 Si
377 2270 457 2318 quis
495 2278 679 2317 praeterea
716 2272 830 2310 rursus
875 2273 1115 2310 contenderet
1135 2300 1145 2317 ,

108 2320 206 2368 apud
228 2319 411 2357 Ovidium
431 2320 502 2368 legi
526 2319 657 2357 debere
677 2321 860 2358 Romulum
877 2351 886 2367 ,
922 2334 1000 2360 non
1022 2329 1148 2360 Remu-

109 2370 208 2413 lum,
239 2372 265 2408 is
295 2378 394 2414 tota,
424 2379 464 2408 ut
492 2370 646 2415 dicitur,
673 2381 804 2408 erraret
833 2374 903 2410 via.
956 2375 1054 2411 Nam
1086 2375 1120 2410 in

109 2420 297 2465 Romulus,
326 2421 443 2468 prima
471 2420 601 2470 syllaba
630 2419 867 2469 producitur,
902 2434 996 2470 quae
1028 2426 1064 2461 in
1085 2430 1148 2461 Re-

110 2471 228 2509 mulus
248 2472 450 2518 corripitur.
503 2473 629 2519 Atque
660 2471 707 2508 ibi
727 2482 770 2507 ex
793 2472 868 2519 ipso
893 2473 1036 2510 Ovidio
1054 2473 1149 2511 clare

109 2529 210 2571 patet
230 2549 241 2565 ,
283 2523 484 2559 Remulum
511 2520 693 2559 diversum
726 2519 795 2558 effe
823 2520 843 2557 {1
874 2523 1037 2560 Romulo
1055 2550 1065 2566 ,
1104 2524 1149 2561 ad

110 2584 225 2621 quem
259 2580 295 2610 te
324 2573 465 2621 rejicio.
503 2572 672 2610 CIOFAN.
702 2571 789 2609 Vid.
812 2572 983 2611 Gronov.
1002 2572 1047 2610 ad
1067 2573 1151 2611 Liv.

109 2635 139 2662 1.
186 2650 196 2660 .

162 2634 251 2721 (3515.
277 2671 412 2721 Cepit.]
444 2672 568 2709 Traxit
587 2684 679 2710 unus
703 2673 856 2710 Moreti.

162 2724 248 2771 615.
272 2723 493 2772 Demersus.]
531 2723 779 2768 Vetustiores,
808 2723 1156 2773 dimerfitsonNS.

165 2774 249 2811 616.
277 2774 388 2810 Fecit.
410 2788 413 2810 ι
445 2774 541 2822 Cepit
561 2774 730 2811 Vatican‚

166 2824 250 2861 616.
277 2824 505 2873 Remulusque
513 2825 681 2872 feroxque
696 2823 863 2873 Acrota]
894 2826 1156 2872 Quemadmo-

116 2873 208 2912 dum
239 2873 370 2910 Albam
403 2884 545 2911 mutato
575 2875 730 2911 nomine
761 2876 908 2913 Clarum
936 2877 1156 2924 appellavit,

116 2926 166 2963 ita
191 2924 389 2972 Agrippam
417 2936 517 2961 nunc
544 2930 714 2962 Acrotam
735 2935 865 2968 vocat,
894 2928 996 2974 quod
1015 2939 1157 2966 nomen

116 2975 193 3013 fine
221 2973 343 3022 plausu
370 2973 487 3020 potest
508 2975 743 3020 interpretari.
781 2977 913 3025 Estque
932 2979 1159 3016 convenien-

114 3025 292 3064 tiffimum
306 3035 517 3071 cognomen
532 3023 714 3072 Agrippae
726 3055 737 3070 ‚
756 3039 841 3064 nam
855 3028 918 3076 qui
931 3028 1159 3066 interioribus

114 3075 267 3125 pedibus
286 3073 480 3111 nascuntur
500 3079 599 3118 (cum
614 3085 690 3110 non
704 3076 776 3113 fine
789 3078 980 3115 summoid
996 3080 1157 3126 periculo

117 3125 196 3173 fiat)
217 3126 321 3162 omni
335 3123 456 3172 plausu
469 3125 610 3171 penitus
623 3135 764 3162 vacant.
792 3128 1051 3166 Cousr.FAN‚
1077 3131 1159 3168 Post

117 3175 354 3225 Tyberinum
389 3173 591 3222 Dionysius
636 3176 674 3211 &
710 3176 800 3211 item
831 3177 891 3213 alii
927 3180 1076 3224 quidam
1106 3180 1160 3217 A·

117 3229 282 3276 grippam
304 3225 470 3275 Sylvium
488 3232 706 3267 numerant,
737 3224 1068 3273 Tyberinifilium,
1097 3232 1161 3279 qui

118 3288 235 3314 annos
263 3277 467 3325 regnaverit
493 3284 563 3312 tres
594 3276 632 3312 &
659 3277 803 3323 triginta
812 3289 823 3318 ;
863 3275 940 3322 post
958 3276 1160 3325 Agrippam

120 3335 244 3366 autem
266 3327 467 3365 Remulum
481 3352 492 3371 ,
509 3325 617 3374 hujus
637 3325 751 3364 filium
764 3354 775 3373 ,
804 3337 916 3375 quem
927 3334 1053 3364 tamen
1067 3329 1162 3369 Dio-

1135 2402 1146 2418 ,
1200 2378 1285 2415 litur
1337 2378 1412 2414 hoc
1454 2376 1540 2413 loco
1587 2375 1723 2422 Regius
1750 2402 1760 2419 ,

2108 897 2223 954 Rus

1184 1029 1307 1077 nysius
1335 1028 1525 1066 Alladium
1555 1037 1668 1067 vocat
1691 1057 1702 1074 ,
1747 1032 1849 1080 cujus
1877 1033 1968 1071 baec
1988 1033 2095 1071 verba
2124 1034 2226 1073 sunt:

1186 1081 1260 1127 Post
1302 1082 1491 1130 Agrippam
1522 1079 1690 1116 Alladias
1727 1083 1947 1131 undeviginti
1987 1097 2093 1121 annos
2112 1113 2122 1129 ,
2169 1099 2229 1122 rex

1184 1130 1358 1178 quaedam
1388 1130 1576 1179 tyrannica
1603 1143 1646 1170 ω’
1675 1144 1752 1167 cum
1772 1133 1839 1169 diis
1862 1134 2068 1171 inimicitias
2086 1148 2203 1183 gerens
2218 1163 2230 1180 ‚

1187 1192 1272 1235 nam
1290 1181 1334 1217 ab
1353 1195 1386 1217 eo
1407 1180 1603 1230 despiciente
1621 1191 1805 1231 apparatae
1838 1195 1900 1220 unt
1906 1185 2090 1232 fulgurum
2110 1186 2234 1221 imita-

1187 1239 1294 1268 tiones
1318 1242 1361 1271 &¹
1389 1234 1544 1280 fragores
1574 1233 1737 1268 tonitruis
1758 1232 1914 1282 fimiles,
1953 1235 2076 1283 quibus
2110 1236 2232 1272 terreri

1187 1279 1340 1318 homines
1360 1291 1533 1329 tanquam
1557 1282 1629 1331 eſjet
1651 1282 1752 1326 deas,
1778 1284 1980 1329 postulabat.
2007 1297 2153 1323 ceterum
2164 1288 2235 1322 im·

1189 1329 1305 1372 bribus
1324 1331 1589 1378 &fulminibus
1612 1333 1648 1368 in
1675 1334 1744 1371 eius
1765 1335 1907 1371 domum
1920 1336 2116 1372 cadentibus
2129 1347 2233 1384 atque

1188 1381 1289 1427 lacu,
1309 1383 1419 1431 juxta
1440 1396 1540 1432 quem
1560 1382 1769 1429 habitabat,
1795 1385 1930 1433 insolito
1943 1386 2039 1422 modo
2053 1386 2236 1424 inundan-

1191 1442 1246 1479 te,
1273 1446 1350 1471 cum
1370 1443 1443 1469 tota
1462 1433 1558 1469 domo
1579 1433 1752 1483 absorptus
1769 1435 1820 1481 est.
1851 1437 2031 1475 Mici'LL.

1243 1485 1327 1529 617.
1356 1484 1537 1520 Maturior
1566 1484 1708 1534 annin]
1752 1486 1876 1523 Armis
1906 1488 2010 1535 prim.
2035 1486 2110 1525 Bas.
2138 1486 2236 1524 aevis

1192 1547 1286 1625 ili-{ius
1312 1530 1417 1572 Vofl.
1434 1542 1548 1583 puto,
1574 1535 1667 1574 aevi.
1694 1535 1770 1574 Adi
1785 1537 1971 1576 Notaslib.
1982 1536 2234 1585 v111.)bs.617.

1237 1598 1338 1624 Eius.

1241 1638 1326 1675 620.
1352 1635 1533 1674 Aventino
1553 1633 1653 1687 era]
1682 1637 1764 1675 Lib.
1786 1650 1840 1675 1v.
1866 1637 1954 1676 Fast.
1981 1651 2039 1687 51.

1241 1705 1342 1744 Venit
1362 1705 1568 1742 Aventinus
1585 1705 1651 1754 post
1670 1705 1728 1742 hos
1741 1735 1751 1751 ,
1782 1706 1872 1744 locus
1890 1707 1980 1744 unde
1997 1710 2169 1753 vocatur,

1291 1763 1396 1794 Mons
1414 1769 1557 1806 qttoque.
1568 1757 1637 1807 post
1655 1757 1757 1794 illum
1775 1758 1911 1795 tradita
1930 1771 2035 1807 regna
2058 1766 2194 1797 Procae.

1194 1821 1348 1860 Livius:
1371 1820 1592 1864 Aventinus,
1611 1820 1760 1869 sepultus
1778 1818 1815 1855 in
1836 1832 1869 1855 eo
1882 1819 1985 1864 colle,
2015 1818 2076 1868 qui
2091 1818 2239 1865 nuncest

1194 1879 1368 1909 Romanae
1396 1872 1489 1909 urbis
1512 1900 1523 1917 ,
1559 1884 1737 1921 cognomen
1767 1869 1843 1907 colli
1862 1870 1961 1917 fecit.
1991 1875 2098 1907 Proca
2119 1869 2240 1907 deinde

1195 1932 1328 1972 regnat.
1354 1922 1524 1959 Crorau.

1249 1975 1332 2011 621.
1359 1972 1598 2023 Tribuitque.]
1629 1971 1763 2008 Trihuit
1783 1971 1955 2008 hocloco
1969 1969 2132 2018 praesens
2146 1978 2242 2008 tem-

1198 2035 1264 2073 pus
1282 2024 1356 2069 est,
1382 2035 1459 2061 non
1484 2023 1731 2071 praeteritum.
1759 2023 1991 2058 Consum.
2020 2021 2114 2057 FAN.

1250 2076 1334 2112 622.
1360 2080 1525 2111 Summae
1541 2072 1689 2121 gentis.]
1722 2073 1903 2120 Quamvis
1925 2072 1962 2107 in
1982 2071 2154 2107 omnibus
2181 2096 2193 2113 ‚

1253 2126 1413 2175 Jamque
1432 2124 1618 2161 Palatinus
1630 2124 1792 2170 summae
1813 2121 1883 2157 loca
1896 2120 2005 2168 gentis
2020 2120 2179 2157 habebat.

1201 2177 1286 2224 quia
1317 2184 1443 2214 tamen
1470 2185 1648 2223 nusquam
1672 2173 1802 2221 legitur
1821 2172 2024 2209 Palatinum
2048 2171 2243 2208 Alb-aere-

1200 2224 1321 2276 gnaffe
1334 2254 1343 2269 ‚
1371 2227 1437 2274 qui
1456 2226 1529 2262 hoc
1549 2235 1695 2261 carmen
1724 2225 1771 2259 ita
1791 2222 2025 2269 castigarum:

1253 2277 1413 2325 Jamque
1432 2275 1618 2312 Palatinae
1630 2273 1810 2322 [unimam
1830 2278 1935 2308 Proca
1950 2271 2060 2321 gentis
2080 2270 2244 2309 hahebat.

1201 2327 1300 2365 recte
1345 2327 1438 2364 mihi
1478 2323 1616 2363 senliffe
1661 2324 1726 2361 viii
1775 2323 1867 2361 sunt.
1919 2324 2108 2359 Nauem.
2159 2321 2241 2359 Fal-

1823 2372 1886 2422 qui
1927 2374 2090 2420 summae
2132 2372 2245 2419 gentis
2263 2388 2270 2391 s

1202 2438 1268 2476 pro
1272 2427 1454 2476 summam
1464 2426 1595 2475 gentis,
1622 2425 1730 2473 legit,
1760 2424 2038 2470 Palatinumque
2054 2423 2245 2470 proProca

1203 2479 1298 2516 inter
1327 2489 1428 2526 reges
1460 2478 1591 2524 accipit
1613 2503 1622 2519 ‚
1658 2478 1707 2512 ita
1736 2475 1833 2512 enim
1867 2474 1926 2511 hic
1946 2473 2064 2511 versus
2082 2474 2120 2511 in
2138 2471 2247 2521 ipsius

1205 2527 1370 2564 editione
1400 2527 1571 2571 habetur,
1605 2527 1750 2574 jamque
1776 2524 1963 2561 Palatinus
1983 2524 2145 2570 summae
2174 2524 2248 2559 loca

1203 2578 1314 2626 gentis
1334 2577 1502 2621 habebat,
1532 2588 1615 2613 cum
1629 2574 1925 2612 veriorieffiiofit
1940 2602 1950 2618 ,
1971 2574 2130 2623 Jamque
2141 2572 2249 2609 Pala-

1208 2628 1304 2664 tinae
1314 2627 1492 2676 summam
1512 2633 1618 2663 Proca
1635 2626 1744 2673 gentis
1764 2624 1933 2668 habebat,
1961 2633 2001 2661 ut
2013 2624 2158 2672 summa
2167 2636 2251 2671 gen-

1210 2678 1254 2714 tis
1282 2678 1478 2725 accipiatur
1509 2689 1576 2725 pro
1604 2677 1761 2724 imperio
1789 2676 1826 2713 &
1851 2675 1993 2712 summa
2014 2683 2113 2721 parte
2132 2675 2250 2722 gentis

1209 2727 1414 2772 Palatinae,
1439 2728 1514 2764 hoc
1539 2727 1610 2770 est,
1638 2738 1732 2775 quae
1763 2727 1857 2763 circa
1877 2724 2051 2762 Palatium
2076 2726 2113 2761 ὃς
2135 2736 2174 2761 ea
2193 2725 2250 2761 lo-

1210 2789 1273 2820 ca,
1303 2779 1363 2816 ubi
1384 2778 1505 2826 postea
1529 2779 1652 2815 Roma
1675 2776 1822 2814 condita
1845 2775 1935 2819 fuit,
1962 2783 2041 2812 tum
2056 2775 2249 2812 habitabat:

1210 2840 1332 2877 neque
1357 2831 1455 2866 enim
1484 2828 1564 2866 alibi
1592 2828 1748 2876 legitur,
1776 2826 2005 2864 Albanorum
2040 2837 2165 2872 regum
2188 2824 2251 2861 ali-

1211 2891 1324 2927 quem
1353 2879 1554 2916 Palatinum
1587 2878 1751 2921 dietum,
1779 2885 1841 2914 aut
1870 2876 2029 2913 eundem
2059 2875 2249 2911 Aventino

1212 2928 1407 2967 succeffiffe
1429 2957 1439 2972 ,
1471 2929 1533 2967 sed
1563 2927 1763 2977 Dionysius
1796 2929 1834 2964 &
1865 2926 1937 2973 ipse
1957 2926 2066 2960 etiam
2091 2923 2249 2960 Ovidius

1212 2980 1305 3017 infra
1324 2981 1359 3017 in
1382 2979 1487 3017 Fastis
1510 2979 1587 3027 post
1613 2981 1839 3016 Aventinum
1870 2977 2021 3010 Procam
2040 2980 2251 3027 numerant,

1213 3039 1353 3078 patrem
1385 3031 1526 3068 Amulii
1556 3031 1593 3066 &
1617 3027 1833 3065 Numitoris.
1861 3024 2037 3060 MrcrLL.
2067 3023 2251 3058 Palatinus

1205 3081 1374 3130 fiammae·
1386 3081 1456 3117 loca
1473 3079 1583 3127 gensis
1599 3078 1715 3124 scripti
1737 3086 1867 3111 omnes
1880 3074 1987 3111 nostri
2009 3084 2091 3109 cum
2107 3073 2251 3110 vetustis

1216 3132 1448 3169 editionibus.
1474 3129 1540 3166 nisi
1559 3127 1661 3176 quod
1685 3124 1870 3162 Palatinae
1891 3124 1959 3160 loca
1978 3123 2087 3170 gentis
2101 3122 2253 3159 Floren-

1214 3183 1311 3219 tinus
1340 3183 1372 3217 S.
1394 3180 1507 3216 Marci
1541 3178 1579 3214 &
1611 3177 1726 3224 Neap.
1745 3173 1879 3212 omiil'o
1901 3177 1947 3219 τῷ
1967 3178 2154 3219 summam.
2183 3172 2252 3211 sec.

1217 3232 1289 3268 Pal.
1317 3229 1502 3267 Palatinae
1513 3227 1673 3274 summae
1695 3226 1764 3262 loca
1781 3224 1901 3273 gentis.
1930 3223 2072 3266 Scribe,

1395 3278 1554 3315 Palatini
1565 3278 1746 3326 summam
1766 3282 1873 3312 Proca
1897 3273 1986 3310 collis
2005 3273 2168 3310 habebat.

1217 3332 1256 3369 in
1279 3331 1327 3378 τῷ
1349 3329 1420 3366 loca
1440 3328 1540 3366 vides
1560 3327 1706 3376 vestigia
1720 3354 1731 3373 ,
1760 3325 1860 3364 collis.
1884 3337 1965 3374 gens
1976 3324 2261 3372 Palatinainep-

1397 3378 1532 3416 Iiiiii
1559 3390 1580 3416 2
2179 3383 2261 3414 tum
