2483 3616
265 210 369 263 930

730 187 792 245 P.
866 179 1282 243 OVIDII
1347 183 1884 244 NASONIS

564 290 769 353 Terra,
806 289 949 350 vale,
987 284 1138 340 dixi:
1179 300 1480 366 corp-usque
1505 287 1598 342 sub
1626 307 1859 365 aequora
1884 288 2054 345 mersi.

562 363 638 419 Di
665 362 820 418 maris
845 371 1133 429 exceptum
1157 356 1301 410 socto
1329 356 1615 427 dignantur
1638 361 1874 418 honore:

423 454 526 506 950
564 435 746 506 thue
771 430 930 492 mihi,
965 446 1340 502 quaecumque
1364 428 1564 492 feram,
1599 434 1839 488 mortalia
1866 436 2111 499 demant.

564 509 843 562 Oceanum
868 503 1198 575 Tethynque
1226 515 1437 572 rogant.
1476 517 1582 571 ego
1606 501 1793 556 lustror
1817 505 1882 559 ab
1906 507 2030 562 illis:

565 578 637 632 Et
662 588 922 648 purgante
947 575 1091 630 nefas
1114 574 1301 629 novies
1325 573 1455 627 mihi
1480 574 1717 628 carmine
1743 573 1890 629 dicto

565 650 790 704 Peciora
814 649 1120 702 fluminibus
1143 646 1334 717 jubeor
1358 647 1655 717 supponere
1678 660 1915 701 centum.

561 722 679 777 Nec
709 740 856 777 mora
882 739 894 775 ε
935 720 1146 776 diversis
1173 718 1296 790 lapsi
1320 718 1389 773 de
1413 718 1650 774 fontibus
1675 720 1884 782 amne'3‚

418 813 520 865 955
559 794 815 867 Totaque
842 807 1122 848 vertuntur
1147 792 1299 864 supra
1323 804 1481 864 caput
1509 809 1741 864 aequora
1765 790 2021 847 nostrum.

568 867 628 923 H
636 869 846 922 actenus
874 863 985 920 acia
1009 866 1105 919 tibi
1128 863 1334 937 possum
1359 865 1704 919 memoranda
1731 863 1962 919 referre:

568 941 846 996 Hacienus
872 939 925 991 δε
953 938 1174 993 memini
1199 957 1210 992 :
1247 955 1347 993 nec
1374 955 1523 992 mens
1548 955 1664 992 mea
1689 951 1867 992 cetera
1891 936 2061 992 senfit.

564 1013 719 1085 Quae
744 1011 1019 1084 postquam
1044 1011 1237 1073 1·ediit;
1275 1011 1435 1064 alium
1461 1028 1546 1065 me
1573 1028 1802 1080 corpore
1829 1024 1980 1073 tom,

564 1091 649 1141 Ac
679 1086 883 1141 fueram
912 1102 1112 1157 nuper,
1150 1102 1250 1140 nec
1276 1083 1530 1139 eumdem
1555 1098 1767 1148 mente,
1805 1083 2002 1155 recepi.

326 1312 411 1351 949.
443 1298 671 1348 Exceptum]
702 1303 891 1347 Acceptum
910 1296 1038 1336 decem
1060 1296 1153 1335 libri.

327 1365 414 1401 952.
445 1350 581 1400 Dicta]
613 1351 709 1387 Lecto
729 1349 829 1387 Bafil.
851 1362 955 1394 mox,
969 1348 1091 1399 jubeor
1104 1346 1326 1397 summittere

272 1402 387 1441 idem.

328 1466 411 1501 954.
449 1450 601 1500 Diversis
621 1450 704 1500 lapsi
725 1450 931 1500 departibus
943 1449 1104 1500 amma]
1133 1450 1176 1488 In
1189 1450 1325 1488 eodem

276 1504 445 1541 Vatican.
478 1509 527 1539 De
541 1502 725 1540 montibus.
752 1503 791 1539 In
807 1504 1013 1551 antiquiore
1027 1514 1115 1539 mco
1130 1530 1139 1545 ‚
1154 1501 1327 1548 Desomi-

277 1554 350 1591 bus.
363 1556 533 1592 CiorAN.
549 1553 760 1599 Defhntibus
773 1563 842 1590 tres
854 1555 984 1602 scripti.
996 1554 1120 1601 probe.
1132 1552 1326 1594 duo,m0n-

274 1606 377 1642 tibus.
414 1617 479 1653 pro
518 1615 708 1639 vertuntur
739 1616 830 1641 unus
863 1603 1049 1642 Leidenfis
1064 1632 1074 1648 ‚
1112 1613 1317 1651 verguntur.

272 1656 391 1700 Puto,
421 1662 586 1701 Metaque
605 1665 819 1702 verguntur,
849 1656 907 1692 vel
918 1661 1080 1702 potaque.
1106 1655 1166 1691 De
1177 1666 1320 1701 vergen-

275 1706 312 1742 di
345 1709 456 1743 verbo
490 1705 564 1742 dixi
593 1706 700 1742 Pont.
730 1718 755 1742 1.
783 1706 885 1754 Eleg.
916 1718 967 1743 lx.
994 1705 1050 1749 sss.
1077 1718 1134 1753 54.
1173 1704 1320 1740 Hiems.

275 1761 401 1805 Lapsus
431 1757 472 1793 de
491 1766 523 1804 p.
541 1756 656 1791 amnis
679 1755 846 1794 Francos.
869 1758 906 1793 &
926 1757 998 1794 alii.
1021 1757 1150 1793 eadem
1172 1753 1321 1791 diversi-

274 1814 327 1844 tas
358 1808 422 1843 inf.
454 1807 514 1844 lib.
533 1818 593 1843 xv.
620 1806 703 1855 285.
732 1807 896 1854 Scythicis
917 1806 1071 1855 Hypanis
1090 1806 1131 1843 de
1149 1803 1324 1843 montibus

276 1856 539 1906 (velfontibus)
560 1867 664 1893 ortus.
689 1858 724 1893 ὃ(
746 1857 805 1894 lib.
825 1870 859 1893 v.
880 1870 924 1894 ex
948 1859 1055 1894 Pont.
1076 1869 1112 1895 v.
1133 1868 1191 1906 43.

317 1907 714 1955 Fluminaqueinfontes
727 1908 885 1954 (montesll
900 1910 997 1953 cursu
1010 1906 1321 1956 redituraficpinos.

276 1958 333 1994 vir
345 1958 503 1995 eruditus
515 1958 758 1995 Heumannus
770 1959 805 1995 in
818 1958 1322 2006 Miscell.Lipfiens.t0m.1v.

274 2008 415 2046 observ.
435 2008 494 2058 83.
521 2007 836 2056 apudHoratium
860 2021 1011 2058 quoque
1030 2009 1134 2049 lib.1.
1152 2009 1215 2047 od.
1236 2020 1298 2057 29.

622 2059 711 2105 §Quis
730 2069 823 2107 neget
844 2059 966 2096 arduis

325 2113 455 2145 Pronos
477 2107 586 2145 relabi
599 2110 681 2157 poffe
703 2110 798 2146 rivos

327 2158 508 2195 Montibus
527 2168 543 2196 ἒ

275 2209 436 2257 Corrigit
464 2208 625 2256 fontibus
650 2236 660 2253 ,
697 2219 738 2248 ut
768 2210 810 2248 fit
838 2210 945 2248 relabi
963 2209 1123 2257 fontibus
1160 2211 1320 2260 pofitum

273 2272 342 2308 pro
362 2260 406 2297 ad
425 2260 559 2297 fontes:
589 2259 648 2297 sed
670 2262 749 2308 quis
761 2263 878 2308 fontes
896 2262 1020 2299 arduos
1029 2273 1146 2311 aeque
1158 2263 1255 2300 recte
1268 2264 1322 2302 di-

273 2312 307 2348 ci
335 2321 377 2348 ac
404 2321 534 2348 montes
561 2310 716 2348 credat?
744 2324 855 2361 quare
884 2312 1073 2350 retinenda
1095 2312 1143 2350 ibi
1166 2314 1322 2362 vulgata.

272 2371 344 2398 nec
366 2361 524 2398 multum
548 2360 645 2398 Galli
675 2362 862 2411 cujusdam
879 2391 889 2408 ,
916 2364 1074 2401 nimium
1097 2363 1133 2400 in
1156 2363 1316 2402 Horatio

273 2412 392 2453 acuti,
419 2411 587 2449 subtilitas
609 2411 655 2449 de
675 2413 860 2461 Epicureo
882 2425 1059 2463 aquarum
1082 2413 1119 2450 in
1139 2414 1315 2453 circulum

273 2461 507 2499 redeuntium
536 2474 581 2499 ex
610 2464 701 2500 mari
729 2465 765 2501 in
796 2463 950 2508 fluvios,
980 2465 1018 2501 &
1047 2464 1133 2501 ind-e
1153 2465 1190 2501 in
1216 2469 1317 2503 mare

271 2521 387 2559 gyro,
424 2513 591 2550 curanda.
617 2512 676 2550 sed
706 2525 751 2552 ex
782 2517 976 2553 communi
1003 2515 1203 2552 Poetarum
1224 2528 1316 2553 con-

270 2560 462 2603 suetudine
495 2563 720 2611 intelligendi
749 2566 841 2610 rivi,
879 2567 986 2614 proni
1013 2565 1179 2613 semper,
1215 2578 1316 2605 nunc

275 2621 400 2651 contra
431 2621 598 2652 naturam
619 2614 728 2652 relabi
748 2616 783 2652 in
805 2616 935 2654 arduos
958 2625 1127 2661 monteS‚
1155 2625 1195 2655 ut
1215 2617 1314 2656 reeie

275 2659 497 2701 Scholiastes.
524 2663 573 2701 fic
590 2665 626 2701 in
648 2665 713 2702 alia
734 2677 772 2703 re
793 2666 896 2704 Silius
920 2667 995 2704 Ital.
1020 2679 1056 2704 v.
1076 2668 1135 2704 62.

326 2719 383 2749 Ac
398 2717 496 2761 super
515 2713 567 2749 his
589 2713 687 2760 reflui
704 2724 901 2763 pugnarunt
922 2717 1095 2755 montibus
1115 2730 1260 2764 amnes,

327 2766 373 2798 Et
391 2775 480 2799 retro
499 2762 620 2809 fluetus
641 2764 733 2813 torfit
753 2779 861 2803 mare.

272 2810 336 2850 ‘ubi
374 2815 483 2851 etiam
521 2812 683 2849 Fontibus
710 2816 864 2853 malebat
888 2817 1080 2861 Heinsius,
1113 2830 1192 2867 quo
1221 2819 1314 2857 nihil

273 2874 366 2910 opus
381 2891 389 2907 ‚
417 2864 474 2901 sed
499 2863 648 2899 verbum
671 2873 868 2911 pugnarunt
884 2867 965 2914 Jure
976 2867 1191 2914 suspectum.
1215 2870 1313 2906 forte

267 2914 503 2961 stagnarunt:
530 2913 630 2951 reflui
657 2913 700 2950 ad
722 2926 866 2951 montes
888 2928 963 2952 non
987 2928 1106 2963 prono
1128 2919 1229 2955 cursu
1249 2919 1313 2956 de·

273 2973 462 3002 currerunt
479 2993 489 3009 ,
517 2973 554 3001 ut
576 2973 681 3001 antea
696 2992 705 3007 ,
734 2964 791 3001 sed
815 2965 861 3001 ibi
882 2966 1065 3003 steterunt.
1093 2967 1152 3004 sed
1171 2967 1216 3004 de
1239 2969 1312 3005 hoc

272 3026 352 3052 non
380 3027 518 3064 pugno.
546 3015 680 3052 bellum
709 3016 830 3051 autem
855 3016 922 3059 est,
949 3016 1052 3064 quod
1074 3016 1233 3054 Gallicus
1252 3018 1312 3054 ille

272 3065 421 3103 Horatii
441 3073 593 3103 vexator
615 3066 825 3113 exemplum
850 3066 958 3110 velit,
985 3066 1244 3114 ubi'relabipro
1257 3079 1312 3104 re-

273 3123 332 3152 tro
361 3118 411 3153 ire
431 3126 598 3166 ponatur.
627 3128 710 3153 cum
733 3117 918 3165 sequentia
933 3145 942 3161 ,
969 3128 1012 3156 ω’
1028 3116 1175 3152 Tiberim
1197 3130 1313 3153 rever-

274 3166 326 3209 ti,
353 3167 432 3205 satis
468 3169 663 3208 evincant.
699 3179 779 3204 eam
808 3168 883 3204 vim
905 3180 924 3203 a
952 3168 1066 3204 Poeta
1085 3167 1170 3205 huic
1196 3168 1311 3206 verbo

273 3215 406 3253 datam.
437 3230 507 3255 nec
527 3218 623 3254 aliud
642 3226 745 3254 notat
767 3217 815 3254 lib
847 3231 872 3254 ι.
902 3218 967 3265 Ep.
988 3231 1013 3255 1.
1040 3226 1093 3262 17.

327 3272 430 3303 Nunc
447 3269 483 3304 in
505 3269 667 3318 Arzstippi
679 3269 809 3314 furtim
826 3278 1003 3317 praecepta
1022 3266 1163 3305 relabor.

274 3314 377 3365 quod
395 3317 422 3355 si
442 3319 513 3357 alio
531 3321 625 3358 trahi
645 3319 753 3369 pofflt
764 3346 777 3366 ‚
792 3319 926 3359 >videat
952 3331 997 3362 an
1016 3320 1074 3358 illa
1095 3330 1140 3358 ex
1166 3319 1310 3359 ovidio

2116 1158 2223 1224 960
2257 1155 2415 1218 Hane

1376 1295 1604 1334 satisfaciant.
1631 1295 1690 1333 ille
1709 1294 1895 1344 Epist.xv.
1918 1308 1980 1345 95.
2007 1300 2084 1331 Huc
2102 1295 2182 1332 ades
2203 1296 2307 1346 inque
2310 1297 2419 1348 finus,'

1370 1347 1542 1394 formose,
1577 1346 1747 1389 relabere,
1777 1347 1922 1395 nostros,
1952 1346 1989 1385 id
2010 1346 2080 1391 est,
2107 1347 2184 1384 redi
2212 1349 2310 1387 unde
2330 1350 2417 1397 abiis

1382 1397 1434 1436 sti.
1462 1398 1571 1446 Epist.
1598 1410 1632 1435 x.
1666 1409 1745 1446 149.

1434 1448 1544 1485 Flecie
1561 1459 1673 1485 ratem
1687 1476 1698 1493 ,
1727 1447 1873 1498 Theseu,
1900 1451 2062 1499 verfhque
2082 1447 2230 1486 relabere
2249 1450 2337 1490 vele.

1384 1511 1446 1538 111.
1471 1500 1630 1538 Metam.
1653 1500 1738 1548 615.

1608 1553 1688 1599 Qo
1706 1563 1774 1587 non
1792 1550 1883 1587 alius
1905 1550 2117 1598 conscendere
2130 1553 2292 1599 ficmmas

1426 1602 1529 1639 Ocius
1543 1613 1736 1647 antennas,
1758 1604 1940 1651 prensoque
1957 1602 2102 1639 rudente
2118 1601 2240 1640 relabi.

1456 1665 1497 1702 57
1743 1702 1907 1740 Protinus
1925 1701 1989 1739 illa
2009 1702 2142 1752 relapsa
2165 1701 2208 1749 est
2221 1730 2234 1747 ,
2427 1732 2430 1734 .

1376 1753 1414 1792 id
1436 1753 1508 1799 est,
1536 1754 1666 1798 rediit,
1702 1754 1800 1792 unde
1828 1753 2062 1802 procedebat.
2090 1753 2187 1791 recte
2207 1764 2298 1791 vero
2317 1753 2420 1794 Heuss

1377 1816 1533 1844 mannus
1551 1804 1659 1843 relabi
1682 1804 1856 1842 montibus
1877 1816 1944 1853 pro
1967 1807 2003 1842 in
2022 1812 2168 1842 montes
2179 1805 2421 1853 capit.exem7-

1374 1855 1432 1905 pla
1452 1857 1608 1905 plurima
1638 1857 1702 1905 qui
1732 1856 1820 1894 velit
1849 1855 1974 1893 videat
2002 1855 2199 1893 dostiffimi
2226 1856 2420 1896 Munckeri

1375 1915 1481 1945 notas
1506 1907 1552 1946 ad
1580 1908 1722 1957 Hygin.
1743 1907 1828 1944 Fab.
1848 1918 1910 1944 xv.
1938 1907 1977 1943 ὅ(
1998 1917 2110 1943 cvm.
2134 1907 2228 1942 inter
2247 1917 2342 1955 quae
2361 1907 2418 1946 illa

1378 1969 1424 1995 ex
1457 1959 1588 1996 Horat.
1610 1970 1638 1995 1.
1657 1970 1717 2003 24.
1747 1957 1852 2005 Nigro
1881 1955 2075 2004 compulerit
2094 1956 2195 2004 gregi.
2217 1955 2265 1993 fic
2286 1957 2419 1996 mittere

1377 2008 1490 2046 Tiberi
1519 2020 1585 2057 pro
1615 2008 1655 2045 in
1685 2007 1835 2044 Tiberim
1862 2006 1977 2044 Ovid.
1996 2018 2033 2043 v.
2056 2006 2143 2043 Fast.
2165 2007 2248 2054 655.
2277 2007 2322 2045 de
2342 2020 2417 2056 quo

1375 2059 1450 2096 vid.
1469 2060 1640 2097 Gronov.
1658 2058 1704 2095 ad
1724 2057 1974 2095 Senec.Cons.
1995 2056 2041 2095 ad
2059 2057 2177 2095 Marc.
2200 2069 2276 2106 cap.
2300 2072 2335 2106 5.
2359 2058 2422 2098 sed

1376 2109 1467 2147 haec
1485 2110 1575 2148 ultra
1598 2108 1753 2147 modum
1768 2109 1860 2157 jam.
1887 2107 2019 2145 Bunm.

1965 2157 2194 2196 Tollendum
2206 2157 2275 2196 effe
2286 2159 2421 2208 opinor

1428 2162 1512 2209 956.
1541 2161 1715 2197 Hactenus
1732 2161 1811 2195 abia
1833 2157 1936 2208 tibi.]

1374 2210 1476 2249 hunc
1497 2212 1534 2248 &
1554 2211 1724 2258 proxime
1745 2210 1958 2259 sequentem
1972 2209 2115 2247 versum
2129 2236 2139 2253 ‚
2168 2209 2297 2257 &pr0‚
2318 2212 2420 2258 Qut

1369 2261 1671 2312 postquam-rediit
1686 2289 1695 2304 ,
1724 2259 1978 2309 reponendum
1995 2287 2006 2304 ,
2033 2265 2143 2308 thue
2153 2258 2294 2296 animus
2304 2260 2415 2299 rediit.

1376 2312 1462 2350 vide
1482 2313 1600 2350 Notas
1619 2312 1665 2349 ad
1687 2312 1796 2359 Epist.
1817 2323 1869 2348 vx.
1890 2310 1944 2354 fis.
1966 2321 2025 2360 31.
2052 2309 2118 2347 nisl
2129 2308 2274 2348 fortasse
2285 2312 2414 2359 mavis,

1374 2369 1485 2408 Mox,
1514 2362 1573 2399 ubi
1591 2376 1685 2399 mens
1708 2362 1823 2399 rediit.
1850 2368 1890 2399 ut
1911 2361 1972 2399 lib.
1993 2372 2047 2398 vt.
2071 2371 2154 2409 531.
2398 2383 2417 2407 θ

1424 2420 1513 2451 Mox
1534 2413 1592 2450 ubi
1613 2426 1707 2449 mens
1729 2412 1832 2450 rediit
1846 2440 1855 2456 ‚
1880 2411 1983 2461 paffin
2005 2410 2143 2447 laniata
2166 2410 2312 2459 capillos.

1371 2464 1474 2513 supra
1495 2465 1537 2500 τὸ
1562 2470 1672 2513 thue
1701 2464 1760 2501 vel
1786 2462 1844 2500 ubi
1864 2462 2035 2511 scriptum
2066 2470 2141 2499 erat
2153 2462 2329 2511 postquam
2345 2474 2411 2511 pro

1372 2515 1689 2563 interpretatione,
1704 2515 1791 2552 hinc
1803 2513 1924 2562 postea
1934 2512 2072 2550 factum
2086 2540 2098 2556 ,
2116 2513 2408 2561 Qcaepostquam,
2455 2515 2458 2518 ’

1370 2566 1507 2604 insertis
1526 2565 1668 2603 duobus
1700 2564 1856 2602 verfibus
1884 2563 1990 2601 valde
2019 2562 2156 2610 frigidis
2185 2575 2226 2600 ac
2249 2564 2404 2612 jejunis;
2480 2574 2481 2578 ¹

1370 2617 1433 2665 qui
1461 2617 1497 2654 in
1528 2616 1708 2666 plerisque
1736 2614 1976 2653 vetustiorum
2007 2625 2084 2651 non
2112 2613 2316 2658 hocloco,
2349 2613 2406 2653 sed

1369 2666 1480 2714 paulo
1511 2666 1613 2715 post,
1651 2674 1735 2703 ante
1764 2665 1932 2710 versum,
1959 2671 2061 2702 Hanc
2079 2676 2132 2711 ego
2152 2673 2230 2699 tum
2253 2665 2406 2711 primum

1366 2717 1549 2766 leguntur.
1576 2716 1689 2754 iidem
1722 2715 1866 2753 codices
1899 2728 1965 2764 pro
1991 2713 2281 2763 Qaepostquam
2304 2716 2403 2752 rediit
2473 2722 2477 2750 ἶ

1368 2768 1569 2815 agnoscunt
1589 2794 1600 2810 ,
1641 2768 1742 2814 Qae
1766 2766 1943 2816 postquam
1972 2764 2126 2801 redeunt.
2157 2764 2216 2801 vel
2245 2766 2405 2805 reddunt.
2474 2783 2476 2791 ν

1368 2815 1568 2860 mendose,
1595 2816 1639 2853 ad
1659 2827 1820 2864 aequora
1841 2817 2050 2852 referentes.
2080 2813 2200 2850 Scribe
2224 2815 2354 2862 igitur:

1421 2872 1572 2917 Totaque
1589 2876 1779 2903 vertuntur
1791 2868 1897 2913 supra
1915 2873 2015 2912 caput
2033 2876 2181 2912 aequora
2195 2865 2365 2912 nostrum.

1419 2923 1530 2968 thue
1546 2917 1686 2953 animus
1702 2916 1806 2952 rediit
1819 2941 1829 2957 ,
1855 2914 1968 2951 alium
1985 2927 2038 2949 me
2057 2924 2183 2960 corpore
2199 2925 2267 2951 toto
2278 2943 2290 2960 ,

1418 2973 1476 3003 Ac
1488 2969 1633 3012 fueram
1649 2975 1752 3013 nuper
1767 2992 1776 3007 ‚
1802 2977 1860 3000 nec
1876 2964 2021 3000 eundem
2041 2975 2154 3001 mente
2173 2965 2287 3012 recepi.
2469 3004 2471 3007 ,

1367 3018 1503 3054 omiffis
1522 3017 1664 3053 duobus
1678 3015 1853 3052 versibus.
1880 3015 2024 3052 HEINS.
2051 3015 2248 3052 Mihinihil
2259 3015 2293 3051 in
2307 3014 2400 3054 duo·
2468 3049 2469 3053 ,

1365 3067 1429 3103 bus
1449 3068 1502 3104 his
1521 3066 1676 3104 Verfibus
1695 3066 1853 3103 occurrit
1866 3093 1877 3109 ‚
1904 3065 2005 3114 quod
2016 3064 2190 3102 offendat.
2205 3065 2241 3101 in
2254 3065 2400 3112 primo,
2467 3097 2470 3101 .

1366 3117 1532 3153 miranda
1560 3118 1681 3162 referre
1712 3117 1819 3153 multi
1841 3116 1987 3153 habent.
2010 3115 2116 3165 ‘quod
2137 3115 2173 3151 δε
2197 3115 2401 3162 Naugerius
2466 3139 2467 3143 =

1365 3169 1522 3213 notavit.
1548 3166 1712 3203 hactenus
1732 3166 1815 3203 haec
1836 3166 1980 3203 memini
1997 3175 2079 3204 tert.
2095 3165 2187 3202 Bon.
2206 3166 2242 3202 &
2257 3164 2350 3204 Flor.
2363 3167 2400 3206 S.
2464 3174 2467 3198 ἲ

1366 3219 1496 3255 Marci.
2464 3215 2466 3258 Ῐ

1364 3268 1517 3360 lb958.C
1528 3271 1630 3316 {Qae
1643 3267 1818 3319 postquam
1840 3266 2024 3317 redeunt]
2053 3266 2112 3306 Sic
2134 3277 2264 3307 omnes
2282 3266 2401 3316 scripti
2462 3279 2465 3285 ·

1379 3332 1389 3359 1
1415 3331 1455 3359 tl.
1519 3332 1654 3359 IOFAN.
2462 3330 2464 3334 “

2222 3379 2320 3417 959·
2342 3369 2400 3404 Ac
