2483 3616
244 147 347 230 955
717 118 1873 221 P.ov1D11NAsoN15

546 273 703 346 Quae
733 274 880 329 simul
907 272 1203 343 attigimus,
1241 271 1588 348 stetimusque
1613 280 1668 332 in
1689 279 1872 334 limine
1898 274 2024 333 teffl
2044 297 2066 338 ς

397 363 500 415 255
542 346 697 402 Mille
721 347 857 418 lupi,
893 344 1202 417 mixtaeque
1225 343 1359 415 lupis
1383 345 1636 419 ursaeque
1661 351 1880 425 leaeque

546 419 787 475 Occursu
812 417 990 471 secere
1017 431 1222 471 metum
1249 435 1261 470 :
1301 416 1391 471 sed
1416 420 1555 472 nulla
1579 420 1848 486 timenda,

542 494 804 563 Nullaque
831 503 943 544 erat
970 489 1150 544 nostro
1176 488 1373 544 faffiura
1397 490 1453 543 in
1476 508 1705 562 corpore
1731 496 1936 549 vulnus.

545 564 697 634 Quin
722 563 880 618 etiam
905 562 1117 616 blandas
1140 562 1361 616 movere
1385 578 1480 632 per
1505 568 1624 616 aera
1650 565 1870 623 caudas,

543 635 842 709 Nostraque
870 635 1141 690 adulantes
1165 635 1425 689 comitant
1448 636 1699 707 vestigia3
1736 637 1917 691 donec

400 715 503 764 260
542 710 835 782 Excipiunt
859 709 1114 769 famulae,
1149 724 1352 779 perque
1379 708 1507 762 atria
1533 726 1799 763 marmore
1824 709 1966 763 tecla

543 784 634 838 Ad
663 782 937 836 dominam
963 782 1187 836 ducunt.
1226 780 1453 852 pulchro
1484 780 1632 835 sedet
1656 782 1739 835 illa
1767 781 2007 846 recessu>

549 855 795 910 Sublimis
820 855 981 916 soli03
1023 854 1324 925 pallamque
1348 853 1534 907 induta
1560 854 1853 918 nitentem,

538 928 752 999 Insuper
777 940 961 982 aurato
987 927 1397 982 circumvelatur·
1422 926 1632 981 amisiu.

539 1000 805 1055 Nereides
831 999 1220 1072 Nymphaeque
1246 998 1424 1061 simul,
1460 1017 1596 1071 quae
1624 1000 1816 1055 vellera
1842 1001 2004 1055 motis

401 1078 504 1144 265
544 1074 700 1127 Nulla
727 1073 940 1127 trahunt
968 1072 1175 1143 digitis,
1210 1088 1310 1126 nec
1335 1071 1420 1125 fila
1443 1071 1714 1143 sequentia
1741 1073 1980 1137 ducunt,

539 1146 797 1201 Gramina
823 1146 1146 1217 disponunt3
1188 1144 1490 1216 sparsosque
1521 1144 1626 1199 fine
1656 1145 1847 1200 ordine
1871 1146 2035 1201 fiores

542 1220 841 1274 Secernunt
869 1218 1082 1272 calathis
1099 1257 1114 1279 ,
1155 1217 1430 1290 variasque
1457 1217 1725 1272 coloribus
1751 1217 1953 1273 herbas,

545 1292 680 1362 Ipsa,
719 1290 868 1364 quod
896 1292 993 1345 hae
1019 1290 1249 1353 faciunt,
1287 1306 1420 1361 opus
1443 1290 1610 1361 exigit
1638 1309 1648 1344 :
1689 1291 1793 1363 ipsa
1817 1291 1933 1364 quis
1959 1293 2078 1348 usus

539 1365 778 1438 Quoque
806 1364 865 1417 sit
892 1365 947 1418 in
973 1363 1135 1426 folio,
1174 1380 1311 1436 quae
1336 1362 1395 1416 sit
1423 1363 1716 1417 concordia
1741 1364 1923 1419 mixtis

394 1458 497 1508 270
536 1439 702 1492 Novit
731 1454 742 1490 :
784 1436 839 1489 ἃ
865 1436 1147 1490 advertens
1171 1436 1354 1507 pensas
1380 1436 1645 1489 examinat
1671 1436 1873 1492 herbas.

542 1510 700 1566 Haec
724 1509 816 1564 ubi
841 1526 938 1564 nos
963 1509 1130 1573 vidit,
1162 1507 1303 1564 dista
1332 1510 1660 1581 acceptaque
1686 1510 1852 1566 salute.
2281 1584 2395 1641 D⁶f

2338 1605 2354 1640 1
2377 1618 2409 1629 φ

252 1723 388 1763 abiisse.
419 1723 578 1763 Ovidius
599 1731 722 1762 autern
749 1721 804 1762 18.
823 1734 907 1760 cum
923 1723 1122 1768 Macareo,
1149 1722 1298 1773 Polym,
1407 1721 1555 1772 Qodfi
1573 1736 1657 1760 vera
1676 1736 1770 1762 meae
1791 1723 1997 1762 comitarent
2016 1722 2123 1772 castra
2135 1723 2267 1774 puellae
2281 1730 2302 1770 ,³

253 1776 473 1825 Eurylocho
503 1777 539 1812 ὅ(
569 1775 755 1824 Elpenore
777 1803 788 1820 ,
835 1775 900 1823 qui
931 1774 1035 1812 simul
1057 1778 1241 1812 numerati
1260 1777 1299 1813 ὃς
1461 1781 1541 1811 Non
1558 1775 1648 1811 mihi
1661 1776 1721 1824 sat
1741 1788 1887 1824 magnus
1909 1775 2057 1822 Castoris
2078 1776 2142 1812 iret
2161 1789 2278 1826 equus.

253 1826 318 1874 ipfi
363 1827 490 1874 viginti
531 1825 606 1863 duo
642 1827 720 1864 sunt
742 1854 752 1870 ‚
796 1838 874 1864 uno
906 1826 1078 1864 videlicet
1111 1827 1299 1875 pauciores
1357 1825 1416 1863 Sic
1443 1825 1492 1863 est
1521 1826 1558 1863 in
1591 1837 1680 1863 meo
1715 1836 1788 1863 vet.
1827 1827 2003 1876 Propertii
2024 1826 2139 1871 libro,
2176 1827 2277 1875 cujus
2297 1825 2404 1874 supra

251 1876 366 1926 quam
391 1885 485 1926 quot
505 1876 694 1914 Homerus
715 1877 832 1914 habet.
860 1876 1038 1914 chrrt..
1357 1877 1514 1914 mentio.
1551 1876 1609 1914 Sic
1632 1878 1804 1926 Virgilius
1823 1878 1904 1917 usus
1926 1877 1974 1916 est
1994 1877 2107 1915 verbo
2130 1877 2264 1927 Populo.
2289 1877 2349 1916 lib.
2373 1889 2404 1915 1.

303 1940 385 1973 254.
415 1928 644 1976 stetimusque
678 1927 716 1963 in
748 1928 868 1964 limine
895 1928 1012 1977 testi]
1051 1927 1237 1976 Primoque
1263 1928 1301 1965 in
1357 1928 1498 1976 Georg.
1525 1927 1607 1975 185.

252 1977 373 2014 limine
393 1978 459 2016 sec.
481 1979 591 2015 Palat.
616 1978 744 2015 Oxon.
765 1980 872 2028 prim.
891 1979 1034 2016 Moret.
1051 1979 1110 2016 alii
1129 1988 1301 2028 quatuor.
1410 1977 1620 2027 Populatque
1637 1978 1810 2027 ingentem
1822 1978 1936 2025 farris
1954 1991 2134 2015 acervum.

253 2028 400 2066 Hnms.
1356 2029 1404 2067 Et
1425 2029 1500 2067 aliis
1521 2030 1581 2066 alii
1602 2030 1780 2067 auctores.
1810 2030 1866 2066 Ex
1879 2042 1955 2079 quo
1971 2030 2075 2067 facile
2089 2035 2250 2077 apparet,
2269 2040 2409 2069 unum-

302 2091 388 2126 255.
423 2078 582 2128 Mistique
602 2079 688 2127 lupis
709 2078 881 2130 ursique]
920 2078 1110 2129 Mistaeque
1134 2079 1221 2128 lupis
1242 2093 1303 2117 ur·
1356 2091 1546 2128 quemque
1561 2107 1570 2123 ,
1600 2079 1625 2116 fi
1644 2081 1863 2129 contigerit,
1892 2093 1939 2117 eo
1964 2081 2078 2117 verbo
2104 2081 2154 2117 uti
2167 2078 2266 2127 poffe
2276 2081 2312 2117 in
2326 2093 2404 2118 car-

245 2131 373 2179 saeque
395 2128 595 2166 duodecim
620 2139 772 2167 veteres.
802 2131 918 2167 IDEM.
1357 2130 1460 2167 mine
1489 2129 1763 2167 conscribendo.
1819 2131 2008 2168 Nonnulla
2035 2131 2089 2168 his
2109 2130 2237 2167 similia
2256 2131 2410 2179 collegit*

303 2180 389 2229 258.
417 2180 571 2217 Blandus
591 2193 727 2216 movere
742 2191 800 2229 per
820 2184 903 2217 a'e'ra
925 2179 1090 2229 caudas.]
1122 2180 1305 2229 Exprimit
1357 2182 1468 2218 etiam
1502 2181 1706 2219 Diomedes
1738 2182 2022 2220 Grammaticus.
2050 2183 2221 2220 CIOFAN.
2247 2181 2335 2219 Vid.
2357 2182 2405 2220 ad

252 2230 428 2268 Leonum
453 2240 633 2268 naturam.
663 2231 833 2268 CIOFAN.
862 2237 926 2268 Per
945 2233 1028 2267 a'e'ra
1049 2231 1166 2281 scripti
1190 2232 1301 2269 nostri
1355 2231 1416 2269 lib.
1438 2244 1524 2268 xm.
1550 2245 1608 2280 55.

253 2293 398 2320 omnes.
421 2283 458 2319 &
480 2281 590 2319 recle.
617 2293 702 2319 nain
728 2282 824 2318 atria
844 2294 934 2320 mox
956 2281 1127 2330 sequitur.
1156 2283 1300 2320 Hfflus.
1407 2284 1491 2320 267..
1519 2282 1781 2332 Sublimifhlio]
1797 2283 1837 2320 ln
1851 2281 1993 2321 duobus
2005 2282 2250 2331 meislegitur,
2265 2282 2407 2320 Sollem-

304 2345 389 2381 259.
417 2333 607 2383 Nostraque
629 2332 817 2369 adulantes
850 2333 1018 2370 comitant
1038 2333 1216 2382 vestigia]
1244 2333 1299 2371 Ita
1356 2332 1394 2369 ni
1404 2333 1500 2382 solio.
1529 2334 1697 2370 C1orAN.
1721 2333 2308 2382 SolenniNeapol-Thuan.prim.
2326 2334 2406 2373 Va-

253 2392 396 2421 veteres
422 2383 512 2420 libri.
552 2384 628 2420 Alii
651 2382 858 2421 foediffime
879 2384 1027 2432 legunt,
1057 2391 1192 2433 Nosque
1208 2383 1299 2420 allu-
1355 2384 1415 2421 tic,
1438 2384 1505 2421 sec.
1526 2384 1597 2421 Pal.
1618 2393 1697 2422 tert.
1711 2386 1747 2421 ὃ(
1761 2384 2269 2434 quart.Medic.Juret.prim.
2284 2385 2407 2423 Ham·

252 2433 366 2470 dentes
388 2434 556 2471 comitant
575 2434 727 2484 vestigia.
758 2436 929 2474 CioFAN.
957 2440 1093 2485 Nosque
1107 2434 1301 2472 alludentes
1355 2434 1455 2483 burg.
1478 2435 1607 2471 Oxon.
1630 2437 1667 2472 Eat
1690 2436 1821 2483 viginti
1844 2436 1986 2473 circiter
2006 2435 2078 2472 alii.
2106 2434 2241 2479 scribe,
2270 2435 2415 2473 solenni-

252 2483 328 2521 duo
349 2485 440 2522 libri.
1355 2485 1393 2522 in
1406 2485 1501 2533 solio.
1529 2485 1577 2523 fic
1594 2486 1749 2522 Solennes
1761 2486 1856 2522 ludos
1876 2486 1970 2523 Circi
1982 2485 2113 2523 Noster
2123 2486 2159 2522 in
2180 2485 2286 2523 Fastis
2299 2485 2402 2525 dixit.
2460 2517 2465 2521 .

301 2547 384 2582 259.
414 2534 636 2585 Comitant.]
685 2536 923 2575 Archa·1·s1nos
944 2565 955 2581 ‚
1001 2536 1122 2585 inquit
1152 2536 1299 2584 Regius.
1357 2536 1513 2572 Solennes
1537 2550 1618 2572 aras
1638 2538 1674 2573 ὃ(
1691 2547 1828 2585 pompas
1845 2538 1948 2585 Virg.
1964 2535 2245 2584 Diemsolennem
2263 2537 2405 2584 &fim-
2482 2559 2483 2590 i

254 2586 455 2621 comitatur
485 2588 584 2624 enim
614 2598 712 2625 nunc
743 2587 911 2626 dicimus.
949 2588 1056 2624 Haec
1076 2587 1148 2623 ille.
1185 2588 1299 2635 Quasi
1357 2589 1452 2623 otum
1482 2588 1671 2625 Horatius.
1709 2594 1813 2624 Sacra
1836 2587 1994 2636 solennia
2020 2588 2057 2624 δί
2078 2586 2231 2634 solennes
2257 2599 2400 2623 ceremo-
2480 2601 2483 2618 ι

251 2633 343 2670 vero
363 2636 433 2673 dici
454 2649 528 2673 non
554 2636 693 2685 posset,
722 2638 916 2675 Comitant.
945 2638 1080 2675 Melius
1109 2639 1145 2674 δε
1168 2639 1299 2676 rectius
1359 2638 1436 2674 nias
1457 2638 1642 2675 Historici.
1673 2638 1817 2676 Huius.
1843 2638 1995 2674 solemne
2007 2637 2096 2674 illud
2110 2637 2238 2684 solium
2251 2638 2310 2672 vix
2323 2637 2399 2684 pla-

253 2683 419 2728 dixiffet‚
449 2687 582 2722 Comito
608 2700 686 2725 non
716 2690 764 2725 ita
793 2687 862 2726 effe
886 2690 923 2726 in
944 2689 1005 2726 usu
1025 2689 1299 2737 frequentiore,
1359 2697 1438 2732 cet,
1467 2700 1550 2726 curn
1563 2688 1995 2737 celsum‚altum,sublime
2006 2687 2129 2737 paffim
2141 2687 2264 2724 vocari
2276 2686 2401 2726 soleat.

249 2743 292 2771 ut
320 2737 486 2773 Comiter.
525 2738 679 2775 Comito
706 2747 832 2776 tamen
856 2740 939 2777 alibi
961 2741 1072 2777 etiam
1092 2739 1298 2788 usurpavit:
1345 2738 1511 2787 sublimis
1529 2739 1614 2787 s0l¹⁰
1634 2740 1741 2786 prim.
1763 2740 1934 2777 Gronov.
1957 2740 1996 2776 &
2018 2746 2176 2785 quatuor
2196 2736 2267 2773 alii.
2295 2738 2401 2786 quod

253 2796 297 2822 11.
323 2796 366 2822 ex
388 2786 495 2822 Pont.
518 2800 577 2823 111.
601 2799 658 2836 43.
1355 2798 1447 2837 puto
1471 2789 1622 2832 melius,
1651 2801 1698 2826 ne
1718 2798 1774 2827 tot
1793 2790 1937 2826 ablativi
1960 2787 2202 2824 cumulentur.
2219 2787 2267 2824 ita
2286 2788 2410 2835 Epist...

306 2835 503 2873 Pirithoum
528 2837 666 2884 rlyejeus
688 2838 821 2886 Stygias
841 2839 1025 2876 comitavit
1045 2840 1092 2875 ad
1112 2839 1237 2877 undas.
1356 2852 1429 2876 ΧΠ.
1465 2852 1544 2888 179.
1583 2840 1713 2885 Jaceat
1733 2839 1897 2887 sublimis
1925 2839 1963 2874 in
1991 2837 2084 2883 ostro.
2113 2848 2166 2873 1v.
2197 2837 2285 2874 Fast.
2311 2839 2398 2877 861.

248 2885 298 2924 Et
321 2899 363 2924 11.
387 2887 495 2924 Trist.
522 2900 563 2924 11.
587 2887 646 2936 83.
1356 2891 1494 2926 Steteris
1522 2890 1650 2925 domito
1668 2889 1832 2937 sublimis
1853 2889 1892 2924 in
1919 2887 2004 2924 orbe.
2033 2886 2057 2923 fi
2073 2887 2234 2935 sollemni
2255 2888 2313 2925 vel
2333 2890 2400 2937 su·-

301 2939 417 2986 Quem
434 2938 494 2987 pia
513 2937 688 2974 nobiscum
705 2937 812 2985 proles
833 2937 1017 2974 comitavit
1038 2948 1187 2976 euntem.
1356 2939 1457 2975 blimi
1485 2940 1581 2987 legas
1596 2967 1606 2981 ,
1644 2939 1775 2986 copula
1798 2939 1857 2976 illa
1880 2952 1943 2987 que
1964 2936 2042 2986 post
2058 2937 2194 2987 pallam
2221 2938 2334 2976 otiosa
2357 2941 2397 2977 &

249 2988 297 3026 Et
319 3000 380 3025 111.
404 3000 447 3025 ex
470 2989 563 3026 Pont
598 3002 641 3026 11.
666 3000 722 3037 33.
1354 2989 1504 3026 molesta
1529 2991 1607 3026 erit.
1635 2989 1763 3026 Buram.

301 3039 435 3075 Occidit
456 3050 499 3078 εγ
521 3039 684 3088 Theseus,
713 3049 755 3078 cy
778 3038 838 3087 qui
861 3037 1044 3075 comitavit
1067 3037 1226 3085 Orestem.
1397 3041 1480 3076 262.
1510 3037 1680 3088 Indum]
1713 3040 1857 3076 Inducta
1883 3039 2012 3076 Oxon.
2033 3039 2069 3076 &
2092 3040 2255 3088 quinque
2274 3039 2345 3077 alii.

250 3089 297 3126 Et
319 3103 342 3127 1.
363 3102 406 3126 ex
427 3092 530 3127 Pont.
551 3103 603 3127 xx.
628 3101 686 3135 47.
1399 3090 1481 3138 265.
1513 3090 1625 3125 Nulla
1645 3089 1793 3127 trahunt
1815 3090 1972 3141 digitis.]
2009 3091 2141 3128 Malim
2157 3117 2168 3134 ,
2188 3088 2335 3127 trahant
2357 3090 2404 3128 δί

304 3146 435 3177 Funera
459 3154 525 3176 non
544 3141 638 3189 potui
659 3140 841 3186 comitare,
869 3153 928 3178 nec
949 3152 1070 3189 ungere
1092 3147 1215 3189 corpus.
1349 3139 1492 3177 ducant.
1523 3141 1665 3177 Huius.

247 3189 295 3229 Et
317 3191 408 3227 libro
431 3192 589 3235 orsiavo,
612 3198 694 3239 f9z.
1400 3192 1486 3228 266.
1513 3191 1590 3227 Sine
1611 3190 1765 3237 ordino]
1799 3195 1854 3226 Ex
1874 3190 1991 3227 ordine
2014 3189 2181 3229 Leidens.
2204 3202 2308 3229 unus.

298 3246 354 3276 Ac
374 3243 494 3288 nostros
517 3244 677 3279 comitate
693 3242 836 3290 gradus..
1400 3242 1484 3283 267.
1516 3241 1692 3291 Variisque
1713 3240 1875 3278 coloribus
1893 3241 2055 3291 herbas.]
2088 3241 2272 3289 Variusque
2295 3249 2398 3281 vete·

247 3290 455 3339 Propertius
474 3293 535 3332 lib.
556 3306 600 3333 u.
624 3305 676 3332 vx.
701 3305 755 3343 15.
1350 3304 1403 3331 res
1427 3292 1601 3343 plerique.
1623 3295 1703 3342 jam
1726 3294 1860 3331 monui
1880 3293 1942 3331 lib.
1964 3293 2122 3342 1X.690.
2150 3293 2293 3331 Herus.
2322 3294 2396 3332 Le.-

2305 3355 2399 3392 sem

2479 2697 2483 2785 ι
