2483 3616
300 102 1547 213 METAMORPHosEoN
1620 151 2220 227 L13.XIV.1951

357 271 706 338 Visceraque,
750 264 802 318 δε
832 281 1047 329 carnes,
1085 284 1318 340 cumque
1343 268 1468 322 albis
1484 266 1588 322 offa
1612 265 1885 330 medulliS‚

359 340 791 410 Semanimesque
817 349 957 394 artus
984 339 1188 394 avidam
1215 341 1481 395 condebat
1507 341 1563 395 in
1584 340 1773 394 alvum.

60 555 154 593 tium
177 565 243 591 111.
273 549 379 589 1006.
407 548 538 586 Statius
560 548 620 586 lib.
641 561 686 586 ιι,
710 548 797 587 silv.
821 562 847 586 ι.
876 560 955 596 ῐς4.

111 609 262 641 Gratum
273 601 315 647 est
328 628 338 645 ‚
367 605 456 636 Fata
470 626 481 644 ‚
507 610 627 637 tamen
637 600 727 649 quod
746 613 814 637 non
827 613 916 637 mors
935 599 1030 637 lenta
1042 599 1102 650 ja-

189 664 293 689 lenus

111 703 238 740 Exedit
254 700 381 751 puerile
399 701 508 737 decus.

61 755 206 793 Exedere
231 752 325 801 apud
348 752 549 800 Apulejum
579 752 674 789 Met.
694 764 782 789 vm.
803 762 869 799 pro
888 751 1027 790 affiduo
1047 752 1098 790 rei

59 807 248 843 Venereae
262 803 323 841 usu
334 804 544 839 exhaurire:
559 807 604 838 Et
615 802 696 838 heus
707 830 717 847 ,
737 803 855 850 ajunt,
867 815 951 838 cave
961 802 1098 850 nefhlus

58 855 178 893 exedas
205 864 281 890 tam
311 853 437 889 bellum
458 852 586 901 scillcet
600 852 776 900 pullulum
791 880 801 896 ,
818 851 880 900 sed
902 852 995 889 nobis
1015 866 1097 901 quo-

57 920 121 956 que
136 905 205 941 tuis
220 903 435 953 palumbulis
452 916 705 951 nonnunquam
724 903 912 951 impertias.
940 903 987 940 fic
1000 904 1097 947 apud

56 957 255 993 Comicum
271 983 281 999 ,
310 965 520 1003 quanquam
534 953 600 990 alia
619 952 880 1001 significatione
893 981 903 996 ‚
931 953 1031 999 §Quid
1050 953 1097 988 ti-

56 1006 91 1044 bi
110 1007 277 1053 futurum
300 1006 428 1052 censes,
456 1017 556 1053 quem
579 1001 702 1051 affidue
723 1002 901 1040 exedunt?
929 1015 1092 1051 quomo-

56 1057 104 1095 do
134 1054 293 1104 exefitare
321 1056 420 1093 idem
448 1055 626 1103 Apulejus
659 1054 823 1102 ejusdem
853 1053 933 1090 libri
962 1054 1091 1091 initio:

53 1112 141 1149 Erat
162 1107 199 1144 in
222 1108 381 1155 proxima
402 1106 545 1144 civitate
558 1106 701 1153 juvenis
724 1102 902 1140 natalibus
915 1103 1094 1151 praenobi-

52 1158 114 1203 lis,
141 1170 239 1206 eoque
259 1157 370 1193 clarus
385 1184 394 1199 ‚
427 1156 587 1204 pecuniae
598 1153 708 1204 fimul
720 1155 812 1203 sutis
831 1153 983 1202 locuples.
1038 1154 1091 1192 Ita

52 1219 95 1246 ex
113 1209 261 1256 optimis
282 1208 501 1244 membranis
520 1205 737 1243 Florentinis
756 1204 818 1242 ista
840 1204 1093 1243 constituenda

50 1258 140 1296 sunt.
178 1258 306 1306 Inepte
335 1258 447 1305 vulgo
469 1284 479 1301 ,
520 1269 602 1306 equo
634 1255 748 1292 clarus
775 1266 818 1294 (φ
845 1255 988 1303 pecunia
1019 1268 1092 1295 effe.

50 1309 229 1358 subjungit
251 1307 427 1356 Apulejus
441 1335 451 1352 ‚
470 1307 534 1355 sed
564 1306 725 1342 luxuriae
739 1305 930 1355 popinalis‚
951 1306 1092 1352 scortis-

24 1386 34 1398 ,
50 1373 113 1410 que
126 1372 168 1399 (φ
189 1357 575 1407 diutinispotationibus
592 1356 774 1404 exesttatus
787 1385 797 1400 ‚
824 1367 929 1405 atque
939 1357 977 1392 ob
987 1357 1090 1403 idfa-

48 1409 212 1447 fflonibus
229 1410 405 1445 latronum
427 1409 517 1446 male
531 1408 704 1456 sociatus,
734 1420 791 1443 nec
809 1421 876 1443 non
894 1407 1001 1444 etiam
1014 1420 1091 1444 ma·

49 1473 133 1497 num
162 1461 307 1507 infestus
336 1459 489 1496 humano
522 1471 636 1495 cruore
657 1486 667 1502 ‚
709 1457 911 1507 Thrasyllus
943 1458 1091 1497 nomine.

47 1510 237 1560 Perperam
268 1522 366 1548 nunc
383 1511 534 1560 legitur,
565 1509 702 1547 diurnis
712 1508 946 1559 potationibus
964 1509 1092 1546 exerci-

44 1571 153 1606 tatus,
175 1563 213 1599 ὃς
234 1561 354 1610 postea
373 1575 498 1598 manus
519 1562 686 1608 infestus,
714 1561 817 1609 quod
829 1559 1091 1598 duriusculum.

46 1613 138 1650 Vult
166 1622 290 1650 autem
320 1613 496 1660 Apulejus
512 1640 522 1656 ‚
550 1624 637 1649 eum
657 1612 799 1649 affiduis
823 1612 1089 1659 pergraecatio-

47 1663 150 1700 nibus
179 1663 223 1700 ad
253 1671 503 1710 paupertatem
525 1671 634 1711 atque
652 1662 697 1699 ad
715 1662 877 1709 inopiam
899 1661 1087 1700 redactum

47 1711 150 1750 fuiffe
163 1741 173 1756 ‚
201 1724 242 1750 ac
264 1712 417 1761 proinde
436 1713 632 1750 latrociniis
648 1712 718 1750 sese
730 1709 911 1749 addixisse.
925 1713 973 1749 ita
986 1714 1087 1750 enirn

49 1763 163 1801 solent
183 1763 398 1801 decoc‘tores
411 1792 420 1807 ,
455 1765 519 1812 qui
540 1775 618 1800 rem
638 1762 832 1801 scortando
851 1764 888 1799 &
906 1762 1089 1811 lupanari-

48 1813 113 1850 bus
134 1814 385 1852 incumbendo
409 1814 656 1863 profligarunt.
684 1816 725 1850 τὸ
745 1816 973 1857 exercitatus,
1002 1825 1088 1852 cau-

49 1863 123 1901 sam
143 1876 220 1902 non
242 1865 488 1913 exprimebat,
517 1877 579 1902 cur
598 1865 798 1902 latrociniis
808 1864 879 1902 sese
899 1863 1087 1903 addixisset

50 1913 270 1962 Thrasyllus.
299 1917 407 1953 Certe
429 1927 512 1952 cum
536 1914 654 1963 esttare
675 1915 807 1952 Noster
818 1926 896 1952 non
910 1927 986 1952 uno
1000 1916 1086 1954 loco

54 1962 183 2000 dixerit
209 1965 290 2002 alibi
313 1993 323 2009 ,
360 1977 422 2003 cur
440 1963 602 2014 exefitare
620 1966 780 2003 alienum
801 1965 842 2003 fit
862 1966 905 2002 ab
927 1966 1003 2015 ejus
1023 1978 1087 2015 ge-

53 2013 119 2049 nio
132 2023 208 2049 non
230 2015 349 2052 video.
371 2015 464 2052 libro
483 2019 604 2064 primo
618 2044 627 2059 ‚
660 2021 815 2066 Eumque
835 2016 941 2052 avide
962 2015 1087 2063 efitan-

54 2072 124 2098 tem
135 2062 304 2111 aspiciens.
327 2064 416 2102 libro
438 2078 489 2102 tx.
516 2073 627 2104 Canes
640 2066 778 2115 affuetos
788 2065 1089 2116 abjefflaperagros

53 2112 171 2159 esitare
199 2113 380 2150 cadavera.
408 2115 473 2151 nisi
496 2116 521 2152 1.
542 2129 587 2154 11.
613 2117 660 2154 fic
689 2115 850 2165 exefitare
875 2117 1088 2165 legendum.

52 2173 139 2199 nam
162 2162 277 2200 editio
298 2165 413 2212 prima
441 2165 597 2203 exiccare.
625 2168 662 2205 in
685 2167 793 2205 Palat.
820 2165 959 2215 efficare.
988 2168 1086 2206 Flor.

53 2210 226 2260 exficcare.
245 2214 336 2251 libro
358 2227 380 2250 x
396 2241 406 2258 ‚
441 2228 499 2251 neo
519 2216 699 2254 tantillum
723 2229 908 2255 commotus
923 2245 932 2259 ,
951 2219 1092 2266 securus

53 2262 229 2311 esttabam.
257 2265 296 2302 &
327 2263 432 2309 alibi,
470 2267 531 2314 qui
557 2266 658 2305 locus
686 2280 784 2306 nunc
809 2280 887 2306 non
907 2268 1092 2307 succurrit.

53 2313 119 2351 Ufi
148 2314 229 2352 sunt
257 2314 391 2352 eodem
414 2317 527 2353 verbo
549 2316 643 2354 Cato
665 2317 761 2355 libris
778 2319 823 2356 de
843 2320 898 2356 Re
919 2319 1063 2357 Rustica
1079 2348 1089 2363 ‚

50 2363 208 2408 Plinius,
237 2365 399 2408 Gellius,
424 2366 493 2403 alii.
552 2367 668 2415 Quod
694 2367 879 2416 sequitur,
915 2370 1020 2419 quue
1042 2369 1091 2419 fic

52 2425 151 2460 erat,
177 2426 220 2454 (φ’
234 2417 342 2462 fama
360 2415 514 2460 dicebat,
541 2425 603 2454 aut
620 2417 825 2454 tollendum
850 2418 898 2455 est
910 2430 977 2466 pro
997 2421 1091 2467 glos-

51 2465 189 2503 semate
203 2494 213 2510 ,
241 2474 303 2503 aut
322 2466 548 2504 scribendum
563 2493 573 2510 ,
602 2473 699 2515 Isque
719 2465 774 2503 hic
792 2477 887 2512 erat,
915 2479 954 2503 ut
972 2471 1092 2515 &fa-

52 2528 113 2553 ma
141 2516 331 2553 dicebatur.
369 2516 565 2566 Sequentia
586 2517 680 2564 apud
700 2517 859 2554 eundem
887 2518 1088 2568 Apuiejum

51 2566 201 2615 pessime
227 2567 262 2604 se
287 2566 432 2604 habent.
457 2579 551 2616 quae
572 2566 620 2605 fic
639 2569 677 2605 in
696 2568 878 2616 integrum
901 2568 1089 2606 restituen-

53 2616 97 2655 da
137 2617 217 2654 sunt
255 2629 299 2654 ex
342 2618 562 2655 membranis
607 2619 644 2655 ὃς
688 2619 811 2665 primis
852 2618 1087 2657 editionibus.

51 2667 154 2716 quod
181 2667 296 2704 miror
316 2679 391 2704 non
412 2668 640 2706 observatum
663 2680 682 2705 a
702 2677 759 2705 tot
778 2670 861 2706 viris
881 2669 1088 2708 eruditione

56 2718 254 2765 conspicuis
275 2731 283 2755 ε
313 2719 379 2754 Hic
393 2747 403 2761 ,
433 2731 510 2754 cum
523 2718 680 2768 primum
693 2718 1002 2755 Charitenubendo
1012 2734 1088 2757 ma-

0 2795 1 2799 .
51 2769 205 2816 turuiſjet
226 2795 236 2812 ,
273 2769 363 2804 inter
383 2769 567 2818 praecipuos
588 2778 699 2818 protos
716 2770 859 2825 summo
872 2769 983 2815 stadio
998 2772 1087 2819 peti-

0 3140 7 3302 l

53 2818 155 2854 tionis
171 2817 240 2866 ejus
259 2818 354 2864 (dele
376 2820 417 2855 τὸ
434 2820 521 2867 ejus)
534 2833 661 2856 munus
671 2819 808 2857 obierat.
832 2832 1088 2870 &quanquam

56 2867 169 2904 ceteris
194 2867 349 2904 omnibus
378 2868 414 2904 id
442 2882 546 2917 genus
576 2870 665 2906 viris
695 2870 822 2918 (vulgo
845 2871 873 2906 is
890 2884 1009 2918 genere
1031 2872 1090 2908 vi—

54 2919 116 2964 ris)
144 2918 347 2964 antistaret,
375 2918 575 2970 eximiisque
603 2920 802 2956 muneribus
828 2929 1015 2969 parentum
1034 2922 1089 2958 in-

53 2969 184 3004 vitaret
206 2969 403 3016 judicium,
432 2982 566 3006 moram
596 2969 831 3018 improbatus,
869 2971 996 3020 (vulgo
1026 2981 1090 3021 pa-

55 3029 160 3055 rentes
181 3018 352 3055 invitaret
365 3047 375 3062 ‚
398 3019 527 3067 judicio
543 3033 677 3056 morum
696 3021 921 3070 improbatus)
944 3023 1092 3071 repulsae

56 3069 259 3106 contumelia
268 3071 391 3115 fuerat
411 3070 568 3118 aspersus.
585 3069 623 3106 id
638 3083 742 3117 genus
759 3072 914 3120 eleganti
926 3073 1090 3110 Graecis-

58 3130 135 3157 mo.
162 3119 209 3156 sic
236 3121 341 3157 initio
372 3120 448 3157 libri
473 3132 524 3157 IX.
554 3126 624 3156 Nec
641 3129 751 3168 pauca
771 3135 885 3157 rerum
906 3133 1094 3172 apparatus

59 3168 200 3212 cibarii,
227 3170 358 3217 mensus
380 3181 422 3210 w
440 3170 477 3206 id
494 3183 598 3217 genus
612 3198 622 3214 ,
658 3170 786 3217 impetu
804 3184 875 3206 meo
898 3174 1015 3209 collido
1036 3185 1093 3210 at-

59 3232 122 3266 que
141 3219 297 3266 desturbo.
325 3222 373 3258 ita
405 3222 503 3257 enim
527 3232 611 3257 vere
632 3220 668 3257 in
687 3221 821 3267 scriptis
845 3221 1029 3259 codicibus
1051 3236 1093 3261 ac

60 3269 182 3317 primis
203 3269 420 3309 editionibus
447 3271 548 3309 locus
570 3270 629 3310 ille
651 3270 908 3316 constituitur,
942 3269 1026 3310 cuin
1048 3275 1098 3311 ‘ca

1962 431 2063 466 210
2100 415 2201 473 Me

1156 559 1200 589 (ν’
1219 549 1257 587 id
1281 562 1387 598 genus
1409 550 1447 586 in
1469 549 1622 596 vulgatis
1650 548 1744 586 libris
1767 548 2023 588 desiderentur.
2051 551 2143 589 libro
2167 567 2195 592 r.

1156 600 1292 639 Florid.
1334 600 1441 647 Rifiere
1464 602 1585 647 Musae
1599 628 1609 643 ‚
1649 612 1725 635 cum
1746 600 1908 637 audirent
1928 600 1988 637 hoc
2004 614 2109 649 genus
2132 605 2199 639 cri-

1156 651 1267 689 mina.
1297 651 1516 689 Censorinus
1536 650 1784 698 praefatione:
1817 658 1967 688 Mamm
1988 665 2028 688 ex
2040 665 2124 688 auro
2140 655 2198 690 vel

1155 711 1313 749 argento,
1352 713 1526 750 ceteraque
1554 699 1613 736 hoc
1635 713 1742 746 genus
1767 701 2011 739 blandimenta
2029 704 2199 749 fortunae

1154 751 1272 788 inhiat
1303 754 1354 795 is,
1390 753 1450 800 qui
1479 750 1582 799 vulgo
1608 751 1706 786 dives
1732 763 1889 790 vocatur.
1918 765 1994 801 cap.
2017 765 2085 790 xil.
2114 760 2197 791 Non

1153 803 1312 850 Apollini
1330 801 1466 839 cithara
1480 829 1490 845 ,
1519 815 1587 838 non
1609 800 1719 846 Mufis
1736 800 1842 838 tibiae
1857 830 1866 846 ‚
1895 813 2070 852 ceteraque
2087 803 2124 840 id
2141 818 2198 853 ge-

1152 865 1218 889 nus
1234 854 1332 902 essent
1351 852 1538 889 attributa.
1564 865 1701 888 morum
1730 850 1941 899 improbatus
1967 854 2071 901 plane
2090 855 2198 903 Apu-

1149 903 1312 950 lejanum
1336 904 1407 946 est,
1434 914 1545 952 quam
1570 902 1869 951 elegantissimam
1889 903 2120 942 locutionem
2142 907 2198 944 fa-

1149 953 1292 991 stidiose
1308 956 1519 1002 interpretes
1539 956 1583 990 ad
1605 965 1720 990 unum
1740 965 1870 991 omnes
1890 954 2104 1002 rejecerunt.
2134 958 2194 994 Ne

1152 1003 1306 1042 dubitari
1334 1014 1459 1042 tamen
1489 1004 1618 1052 polilt,
1655 1003 1700 1040 de
1728 1004 1925 1053 Apulejani
1954 1005 2062 1052 ipsius
2091 1006 2196 1045 libro.

1149 1055 1254 1101 §Laod
1273 1057 1397 1092 aetatis
1416 1054 1511 1091 vobis
1522 1058 1605 1102 sum
1618 1054 1838 1102 approbatus,
1866 1068 1919 1092 me
1930 1054 2196 1104 vixiſjegaudeo,

1148 1115 1360 1154 quanquam
1378 1134 1388 1150 ,
1411 1118 1458 1142 ne
1479 1105 1567 1154 quid
1589 1105 1807 1143 difiiinulem
1823 1133 1832 1149 ‚
1861 1105 1935 1143 illic
1952 1107 2092 1143 rescribi
2114 1120 2196 1144 ma-

1147 1155 1212 1192 lim
1229 1183 1238 1198 ‚
1268 1157 1373 1203 Qod
1400 1156 1438 1192 id
1465 1156 1591 1192 aetatis
1613 1155 1708 1191 vobis
1719 1154 1800 1203 sum
1819 1155 2030 1205 approbatus.
2055 1171 2193 1194 morum

1146 1205 1358 1254 improbatus
1377 1206 1580 1254 eleganter,
1610 1208 1646 1242 ὃς
1672 1206 1879 1254 Apulejano
1904 1218 2032 1244 more:
2055 1209 2117 1256 qui
2136 1209 2192 1246 se-

1148 1256 1310 1293 cundum
1343 1257 1463 1294 casum
1494 1257 1531 1293 in
1555 1256 1690 1293 deliciis
1711 1256 1842 1300 habet,
1870 1264 1909 1293 ut
1928 1257 2011 1294 alibi
2033 1258 2193 1305 pluribus

1146 1307 1382 1345 adstruemus.
1418 1304 1534 1354 poffet
1565 1308 1603 1343 ὃς
1630 1306 1784 1354 petitoris
1817 1320 1944 1343 munus
1962 1307 2088 1343 obierat
2106 1309 2192 1355 legi.

1145 1366 1186 1395 ut
1209 1359 1302 1395 infra
1318 1386 1327 1402 ,
1365 1358 1429 1394 Ad
1449 1358 1574 1393 limam
1597 1356 1721 1403 confilii
1740 1357 1891 1406 petitoris
1911 1357 2050 1394 distulit
2068 1358 2194 1406 defide-

1144 1408 1250 1446 rium.
1279 1410 1317 1446 &
1339 1421 1429 1446 mox
1444 1436 1453 1452 ,
1482 1407 1696 1457 improvidae
1713 1407 1903 1455 voluptatis
1915 1408 2120 1454 detestabilis
2134 1420 2194 1457 pe-

1146 1459 1240 1496 titor.
1269 1460 1339 1498 Sed
1363 1459 1407 1498 ad
1436 1471 1526 1497 rem.
1546 1458 1864 1508 quemadmodum
1885 1459 1977 1495 edere
1998 1460 2034 1496 ὅτ
2056 1461 2196 1498 exedere

1146 1510 1318 1547 medullas
1338 1509 1440 1559 supra
1462 1510 1669 1554 habuimus,
1692 1508 1740 1546 fic
1757 1510 1908 1557 peredere
1920 1509 2089 1546 medullas
2100 1510 2192 1549 dixit

1145 1560 1245 1598 idem
1278 1561 1454 1610 Apulejus
1480 1562 1573 1598 Met.
1591 1573 1679 1597 vm.
1701 1560 1788 1597 loco
1810 1559 1995 1607 insigniter
2014 1559 2192 1608 deprava-

1145 1618 1186 1649 to
1199 1640 1208 1656 ‚
1237 1616 1292 1648 At
1314 1612 1378 1648 illa
1389 1621 1576 1661 parentum
1591 1611 1737 1658 suorum
1754 1610 1908 1658 alioquin
1927 1624 2083 1647 reverens
2097 1639 2107 1654 ‚
2134 1612 2191 1648 in-

1145 1662 1225 1699 vita
1245 1663 1384 1713 quidem
1399 1690 1409 1706 ,
1437 1675 1560 1698 verum
1581 1661 1751 1709 religiosae
1763 1659 1944 1707 neceffitati
1946 1661 2186 1709 succumbens,

1144 1713 1252 1749 vultu
1281 1727 1349 1750 non
1380 1713 1518 1762 quidem
1548 1711 1660 1747 hilaro
1682 1739 1692 1755 ,
1742 1724 1867 1747 verum
1889 1711 1996 1760 paulb
2024 1713 2193 1757 sereniore

1143 1762 1278 1806 obiens,
1309 1774 1348 1800 ut
1371 1763 1559 1800 videbatur
1573 1761 1862 1810 (legejubebatur
1874 1774 1918 1799 ex
1932 1762 2191 1809 priorieditio-

1143 1825 1190 1851 ne
1219 1816 1257 1852 δέ
1277 1814 1427 1864 scriptis)
1449 1814 1654 1850 viventium
1673 1813 1817 1857 munia,
1841 1817 1975 1860 prorsus
1993 1812 2031 1848 in
2046 1814 2190 1860 passere,

1142 1863 1211 1901 imo
1231 1878 1311 1901 vero
1326 1865 1464 1915 penitus
1485 1864 1523 1901 in
1546 1863 1729 1908 medullis,
1767 1863 1861 1899 luelu
1880 1875 1920 1898 ac
1939 1875 2090 1898 maerore
2114 1876 2191 1899 car-

1136 1915 1239 1964 pebat
1260 1916 1421 1953 animum
1436 1944 1445 1960 ‚
1475 1926 1519 1954 (9⁹
1538 1915 1607 1951 dies
1624 1924 1710 1950 totos
1732 1924 1890 1962 totasque
1910 1915 2018 1949 nattes
2038 1913 2190 1962 insume-

1142 1965 1204 2002 bat
1226 1966 1373 2015 lubiuoso
1405 1965 1584 2015 desideri-7,
1612 1976 1654 2003 (9¹
1682 1964 1854 2012 virginem
1875 1963 2050 2008 defunl‘li,
2080 1978 2189 2013 quam

1142 2017 1191 2052 ad
1208 2017 1369 2053 habitum
1392 2018 1459 2054 Dei
1480 2016 1588 2052 Liberi
1596 2019 1817 2060 formaverat
1831 2042 1841 2058 ,
1868 2013 1969 2060 affixo
1976 2014 2121 2061 servitio
2133 2016 2189 2051 di-

1142 2067 1238 2104 vinis
1263 2068 1430 2116 percolens
1458 2065 1663 2108 honoribus,
1689 2066 1754 2112 ipso
1776 2066 1844 2113 sese
1861 2064 1979 2105 solatio
1998 2064 2187 2103 cruciabat.

1144 2118 1271 2155 Nemo
1286 2145 1297 2162 ,
1325 2120 1459 2166 opinor
1473 2146 1483 2162 ,
1511 2129 1587 2154 non
1608 2116 1708 2153 videt
1723 2143 1732 2158 ‚
1761 2127 1871 2163 quam
1886 2115 2187 2153 inconcinnafint

1140 2168 1224 2212 illa,
1247 2171 1381 2217 prorsus
1411 2169 1447 2205 in
1474 2170 1599 2216 pefiore
1626 2165 1780 2214 carpebat
1813 2165 1987 2201 animum.
2039 2165 2187 2212 Opinor

1146 2219 1270 2267 itaque
1291 2219 1517 2256 scribendum
1543 2216 1612 2254 effe
1626 2245 1636 2260 ‚
1662 2218 1766 2263 pereso
1781 2217 1907 2263 putore
1920 2243 1930 2257 ‚
1958 2215 2026 2250 imo
2037 2229 2115 2251 vero
2128 2225 2188 2264 pe-

1147 2269 1231 2306 nitis
1249 2270 1420 2307 medullis.
1448 2269 1495 2306 fic
1513 2267 1609 2316 apud
1625 2268 1822 2304 Maronem
1840 2294 1849 2310 ‚
1878 2267 1979 2314 §Quas
1991 2266 2186 2312 malesanus

1146 2332 1244 2356 amor
1263 2321 1391 2357 crudeli
1410 2320 1488 2356 tabe
1500 2319 1643 2369 peredit.
1671 2316 1772 2366 quod
1791 2317 1898 2364 paulo
1918 2326 2001 2353 ante
2023 2317 2162 2354 dixerat
2176 2345 2189 2361 ‚

1147 2376 1213 2406 Per
1232 2371 1295 2417 offa
1319 2371 1490 2420 delapsum
1512 2369 1668 2406 nutriens
1688 2381 1853 2403 amorem.
1881 2375 1918 2404 ut
1941 2369 1976 2402 &
1990 2367 2063 2404 illic
2077 2368 2190 2404 corri-

1145 2431 1212 2467 go,
1235 2421 1367 2469 deorsus
1377 2423 1493 2469 friget.
1522 2419 1669 2457 Deinde
1680 2418 1921 2461 scribendum,
1934 2415 2040 2463 affixa
2050 2416 2188 2465 sacrifi-

1147 2471 1218 2514 cio,
1253 2483 1330 2508 non
1360 2471 1463 2518 affixo
1485 2470 1642 2518 servitio.
1681 2469 1752 2506 Pro
1783 2479 1854 2512 eo,
1882 2467 1984 2515 quod
2016 2469 2188 2515 proxime

1145 2520 1241 2566 apud
1260 2520 1418 2558 eundem
1442 2521 1642 2568 Apulejum
1668 2519 1847 2567 sequitur,
1884 2518 2085 2565 Thrasyllus
2107 2531 2193 2554 vero·

1137 2578 1293 2619 praeceps
1325 2583 1369 2610 ey
1396 2571 1619 2614 temerarius,
1647 2570 1684 2606 in
1716 2569 1865 2616 optimis
1896 2568 2117 2605 membranis
2148 2570 2188 2606 δε

1144 2621 1268 2667 primis
1296 2621 1515 2659 editionibus
1536 2621 1664 2669 legitur
1681 2621 1755 2656 hoc
1777 2619 1894 2656 modo
1909 2647 1919 2663 ,
1948 2618 2010 2654 Sed
2023 2618 2187 2666 Thrasyl-

1143 2670 1196 2706 lus
1220 2681 1371 2720 praeceps
1387 2672 1542 2721 alioquin
1557 2698 1566 2714 ‚
1600 2671 1659 2720 qui
1681 2681 1723 2709 ey
1741 2670 1783 2706 de
1797 2669 1862 2719 ipso
1882 2669 2018 2706 nomine
2040 2678 2190 2705 temera-

1142 2721 1224 2759 rius.
1253 2721 1395 2765 Scribe,
1417 2722 1479 2770 sed
1499 2721 1698 2769 Thrasyllus
1715 2729 1862 2768 praeceps
1884 2719 2061 2769 alioquin,
2091 2731 2134 2758 εγ
2153 2733 2188 2756 re

1144 2782 1188 2810 (9⁴
1211 2772 1274 2820 ipso
1287 2773 1422 2809 nomine
1435 2773 1648 2809 temerarius.
1675 2772 1868 2819 Eleganter
1877 2770 2002 2807 alludit
2012 2769 2056 2807 ad
2069 2769 2190 2806 Thra-

1145 2822 1220 2870 sylli
1252 2823 1435 2860 Graecum
1466 2834 1632 2865 nomen,
1661 2832 1814 2870 quarum
1848 2820 2066 2858 allufionum
2088 2820 2188 2867 pleni

1144 2872 1223 2909 sunt
1243 2873 1429 2921 scriptores
1447 2874 1578 2919 optimi
1592 2887 1606 2915 ;
1633 2872 1812 2919 imprimis
1832 2870 1951 2907 noster
1973 2870 2068 2906 Naso
2083 2897 2093 2912 ,
2121 2870 2186 2916 qui

1145 2923 1270 2970 passim
1293 2924 1400 2960 hasce
1414 2923 1558 2960 delicias
1578 2923 1730 2970 profert.
1760 2920 1807 2957 sic
1828 2922 1862 2957 in
1880 2921 2076 2956 Amor-ibus
2092 2946 2101 2961 ‚
2130 2917 2191 2966 Est

1145 2973 1318 3022 quaedam
1349 2973 1485 3010 nomine
1516 2976 1647 3021 Dypsas
1664 2985 1763 3008 anus.
1790 2975 1844 3005 Ex
1871 2983 1904 3005 re
1927 2981 2048 3004 nomen
2068 2966 2188 3003 habet.

1146 3032 1256 3073 atque
1287 3025 1335 3062 ita
1365 3024 1469 3072 saepe
1490 3024 1585 3060 alibi.
1612 3024 1871 3070 Expunxerant
1890 3030 1955 3066 pro
1974 3015 2190 3065 gloffemate

1148 3074 1376 3112 venustatem
1404 3074 1612 3122 Apulejano
1644 3073 1730 3108 loco
1754 3071 1861 3106 unice
1882 3068 2053 3106 addentes
2076 3078 2191 3103 voces

1147 3132 1218 3162 tres
1239 3133 1466 3174 quatuorve:
1496 3123 1557 3159 Sed
1580 3120 1780 3168 Thrasyllus
1793 3128 1941 3167 praeceps
1954 3117 2122 3165 alioquin,
2143 3127 2189 3156 ω·

1148 3189 1184 3210 re
1199 3187 1242 3214 φ·
1262 3176 1329 3223 ipso
1353 3174 1488 3209 nomine
1506 3172 1725 3212 temerarius,
1752 3171 1954 3216 priusquam
1975 3168 2121 3203 dolorem
2136 3167 2191 3203 la-

1154 3225 1280 3261 crimae
1304 3224 1497 3270 satiarent,
1525 3230 1568 3261 (ῤ’
1593 3222 1737 3271 percitae
1759 3220 1881 3254 mentis
1900 3217 2050 3266 refideret
2060 3220 2164 3264 furor
2181 3245 2197 3260 ‚r

1155 3285 1199 3314 ω’
1217 3272 1343 3324 scnfim
1373 3273 1563 3312 nimietatis
1588 3273 1678 3323 senio
1699 3268 1895 3320 flacceffieret
1915 3270 2046 3307 laetas.
2070 3280 2201 3318 perpe-

2129 3329 2211 3356 itam}
