2483 3616
446 145 1693 215 METAMORPHOSEON.

1767 171 1875 209 Lm
1947 155 1983 214 1„
2246 176 2300 210 11

477 245 604 299 Non
622 242 760 296 bene
784 238 1079 309 jun&arum
1103 237 1364 292 discordia
1388 239 1586 294 semina
1610 257 1806 294 rerum.
1841 271 1843 273 ·

374 338 436 372 10
473 316 657 372 Nullus
696 311 869 366 adhuc
905 310 1109 364 mundo
1147 310 1432 381 praebebat
1468 312 1666 366 lumina
1702 313 1902 377 Titan3

476 389 592 443 Nee
625 404 763 440 nova
801 382 1090 437 crescendo
1126 383 1398 453 reparabat
1433 401 1633 439 cornua
1670 384 1922 450 Phoebe;

470 461 590 515 Nec
630 455 948 512 circumfuso
982 454 1249 527 pendebat
1288 456 1343 509 in
1380 461 1501 511 ae're
1540 458 1692 511 tellus

474 529 802 585 Ponderibus
841 528 1022 582 librata
1069 526 1195 580 suis:
1246 543 1346 582 nec
1385 528 1595 583 brachia
1633 530 1797 601 longo

476 603 727 675 Margine
753 614 1012 657 terrarum
1048 612 1358 672 porrexerat
1399 601 1746 674 Amphitrite.
1774 621 1781 624 ·

181 815 284 847 tores
307 816 392 844 cum
412 804 582 854 sequente
594 804 856 842 conformatur.
870 802 1003 839 Cicero
1018 828 1028 844 ‚
1040 800 1216 857 Studium,

187 872 276 908 quae
290 855 496 906 philosophia
518 856 654 892 dicitur.
679 853 841 891 Salustius
857 882 867 897 ‚
894 852 951 899 Est
972 851 1059 887 locus
1082 864 1118 906 tn
1141 865 1218 888 car-

188 921 281 952 cere,
295 907 384 957 quod
407 906 606 942 Tullianum
629 905 765 941 dicitur.
788 904 904 940 Poe'ta
926 909 1051 938 autem
1074 900 1217 939 videtur

189 968 316 994 aurem
339 957 456 1005 potius
478 956 625 992 secutus.
652 954 754 993 sonat
774 954 872 991 enim
885 952 1007 990 nescio
1020 951 1217 1008 quomodo

188 1008 345 1045 festivius
369 1036 379 1052 ‚
428 1009 540 1055 Qem
573 1006 686 1042 dixere
718 1003 839 1041 Chaos.
888 1014 1000 1052 quam
1032 1004 1068 1058 11·
1090 1002 1220 1050 legen-

189 1069 296 1103 mus,
332 1058 436 1106 Qod
458 1058 571 1093 dixere
591 1055 711 1092 Chaos.
747 1054 818 1091 tale
851 1053 899 1091 est
928 1052 1094 1101 Virgilii,
1132 1060 1223 1089 Haec

183 1109 270 1158 finis
290 1109 450 1151 Priami,
477 1108 516 1144 ὅ(
530 1135 540 1150 ,
568 1108 679 1154 (Quem
702 1105 763 1141 das
777 1104 886 1152 finem
908 1117 967 1140 rex
989 1116 1110 1152 magne
1130 1102 1223 1140 labo-

189 1173 280 1195 rum.
308 1168 349 1197 ut
379 1157 474 1206 apud
494 1156 580 1193 Aul.
604 1156 761 1193 Gellium
784 1155 840 1191 lib.
869 1166 923 1203 13.
948 1166 978 1190 c.
999 1166 1057 1191 20.
1083 1154 1221 1202 oppido

184 1209 372 1257 ¹eleganter
391 1207 541 1256 exponit
567 1207 698 1243 *robus
719 1205 942 1242 Valerianus.
970 1205 1222 1242 GLAREANUS.

248 1260 280 1297 8.
308 1259 529 1307 Congestaque
550 1255 689 1305 eodem]
704 1255 867 1304 Quidam
880 1254 1039 1299 codices,
1051 1256 1088 1291 in
1100 1269 1221 1293 unum.

182 1309 291 1359 -quod
313 1322 357 1346 ex
380 1307 502 1346 Gloffa
524 1315 650 1354 putem
674 1304 755 1343 effe.
782 1305 828 1342 fic
851 1305 946 1353 apud
970 1305 1096 1353 Virgil.
1120 1317 1219 1342 rx.v.

185 1360 274 1407 689.
298 1359 533 1408 glomerantur
552 1357 687 1401 emlem,
724 1356 873 1405 quidam
898 1355 1005 1392 codd.
1027 1356 1066 1392 in
1089 1369 1221 1401 unum,

187 1409 291 1461 quod
311 1409 492 1458 improbat
513 1408 610 1444 reete
640 1407 785 1445 Pierius.
813 1407 1014 1443 Hmusms.

194 1475 196 1477 ’
240 1473 275 1509 9.
299 1458 517 1508 Discordia]
546 1457 654 1495 Forte
679 1485 689 1502 ,
724 1456 885 1506 diffiirtia.
913 1456 996 1494 vide
1018 1456 1063 1495 ad
1085 1455 1227 1505 Episto-

185 1510 261 1549 lam
288 1523 317 1548 1.
341 1510 470 1547 Sabini.
496 1509 696 1546 Hrmsms.

196 1576 198 1579 ·
242 1574 297 1600 10.
324 1559 491 1609 Nullus.]
522 1559 563 1596 Id
586 1559 659 1602 est,
686 1571 763 1595 non.
791 1559 1006 1595 Cxomnus.

244 1624 302 1650 10.
330 1609 474 1659 Titan]
502 1609 635 1646 Versus
656 1607 811 1646 Hefiodi
831 1608 923 1644 sunt.

235 1662 328 1697 Θείει
344 1659 376 1696 δ’
396 1662 509 1703 ἦὲλιόν
528 1672 570 1696 τε
588 1661 705 1703 μέγαν
723 1660 898 1702 λαμπράν
918 1670 960 1694 τε
977 1658 1145 1704 σελήνην,

237 1708 324 1757 Hae'
337 1742 347 1759 ‚
372 1711 390 1751 ἢ
411 1713 602 1748 πάντεσσιν
622 1709 840 1753 ἐπιχθονῑσισι
860 1707 1016 1754 Φειεὶνει,

238 1764 429 1802 Αθαναία-εις
451 1775 492 1797 τε
514 1761 592 1803 θεοῖς
606 1787 615 1802 ,
644 1761 700 1795 ‘roi
720 1759 855 1807 οὐρανὸν
877 1758 976 1803 ἐυρῦν
997 1759 1144 1805 ἔχουσι,

165 1848 169 1850 .
237 1815 369 1850 selva&
387 1810 596 1849 ὑπευνκθεῖσ’
616 1810 785 1853 ὑπερίονος
805 1810 840 1845 ἐν
860 1810 1048 1855 φιλότητι.

183 1857 362 1902 Ceterum
395 1863 453 1900 alii
481 1861 620 1905 solem,
655 1860 827 1909 peculiari
848 1860 1028 1904 nomine,
1060 1861 1222 1898 Titanem

187 1908 261 1958 dici
281 1915 410 1952 volunt
424 1941 434 1957 ‚
460 1911 534 1950 five
555 1912 598 1948 ab
625 1910 859 1948 extendendo
882 1939 893 1955 ‚
931 1910 1033 1960 quod
1054 1910 1222 1958 splendo-

186 1974 267 2003 rem
289 1977 330 2002 ac
349 1964 475 2002 lumen
496 1963 600 1999 suum
621 1973 775 2010 quoquo
796 1960 938 1998 versum
952 1960 1114 1998 extendit
1127 1990 1136 2004 ,
1149 1961 1224 1999 five

191 2016 303 2053 etiam
336 2014 366 2058 -ἰιΔ
388 2013 589 2056 trahendo,
630 2014 741 2058 (nam
774 2019 956 2060 utrunque
979 2011 1134 2048 verbum
1163 2024 1223 2047 τε-

194 2067 324 2109 oratum
347 2064 494 2101 Graecis
516 2061 712 2110 fignificat)
741 2062 919 2110 quoniam
943 2072 1096 2109 vapores
1120 2060 1224 2099 eter-

190 2127 232 2152 ra
265 2115 397 2152 excitet
420 2142 430 2158 ,
474 2112 681 2160 sursumque
711 2112 837 2149 trahat.
894 2112 1115 2148 chrrrus.
1164 2112 1226 2149 Sol

196 2165 309 2202 'diuus
333 2164 380 2201 est
401 2172 525 2200 autem
549 2162 662 2199 Titan
678 2189 689 2206 ‚
726 2160 830 2210 quod
852 2161 970 2199 radios
992 2161 1030 2198 in
1050 2168 1133 2198 toto
1153 2169 1227 2199 ter-

194 2225 316 2252 rarum
338 2214 424 2251 orbe
443 2213 619 2250 extendat.
647 2213 858 2249 ememus.

201 2271 204 2275 '
249 2275 303 2301 11.
328 2264 518 2312 Reparabat
549 2275 674 2299 cornua
706 2261 871 2311 Phoeben]
911 2261 954 2299 In
984 2260 1042 2299 lib.
1075 2261 1225 2300 Abbatis

192 2313 325 2363 legitur
357 2325 433 2349 non
449 2340 458 2356 ‚
496 2312 709 2361 Reparabat‚
735 2311 818 2356 sed,
845 2311 1057 2349 Renovabat.
1085 2320 1228 2349 utrum-

197 2371 270 2413 ‘que
303 2361 410 2400 reete.
457 2361 640 2411 Siquidem
672 2362 767 2399 hanc
801 2362 966 2400 Tibullus
1008 2363 1228 2411 comprobat

195 2414 418 2452 leffionem:
446 2411 505 2448 lib.
519 2423 571 2448 1v.
589 2424 618 2447 1.
633 2423 714 2460 113.

249 2470 401 2501 'Centum
415 2462 578 2509 fecundos
601 2461 709 2497 Titan
730 2472 961 2499 renovaverat
982 2475 1099 2499 annos.

198 2514 300 2559 Nihil
329 2521 454 2550 tamen
486 2519 604 2548 muto.
654 2511 743 2548 Hoc
773 2510 873 2548 idem
906 2511 985 2548 alibi
1018 2511 1230 2559 fignificavit

137 2564 139 2568 ’
193 2564 291 2603 hisce
311 2563 447 2600 verbis:

255 2620 355 2650 Luna
378 2611 564 2661 resumebat
585 2611 709 2648 decimo
731 2623 823 2647 nova
845 2610 980 2660 lumina
1002 2621 1108 2648 motu.

203 2664 416 2701 Cromnos.
442 2662 484 2700 In
506 2674 582 2699 uno
615 2661 763 2698 Ciofani
786 2668 859 2697 erat
892 2660 1092 2698 renovabat.
1123 2660 1231 2700 male.

211 2714 402 2752 Petronius
423 2713 460 2750 in
474 2711 645 2749 Cataieet.
670 2711 759 2747 Scal.
770 2722 804 2759 p.
818 2722 890 2760 234

204 2762 208 2765 ’
625 2767 711 2797 Mox
732 2760 882 2797 Phoebus
902 2762 949 2797 ad
980 2771 1071 2798 ortus

305 2812 417 2860 strata
439 2812 594 2847 deventus
614 2810 742 2855 humo,
768 2816 949 2861 Lunaeque
952 2812 1103 2860 sembi-‘us
1115 2839 1127 2857 ,

289 2873 304 2898 t
325 2871 498 2911 reparatus
517 2860 628 2897 honos.

205 2911 260 2950 'Ita
280 2912 363 2960 lego
376 2940 388 2956 ‚
415 2911 509 2948 male
524 2938 534 2954 ,
561 2911 702 2959 dejefftus
723 2910 761 2946 in
784 2910 934 2958 vulgatis
949 2911 1052 2956 ,ibid
1065 2924 1100 2961 p.
1121 2924 1204 2960 240.

207 3001 209 3005 ,
260 2968 442 2998 Fraternas
463 2970 591 3009 reparet
606 2969 666 3009 per
688 2960 818 2997 caelum
837 2960 945 2997 libera
959 2959 1138 3009 flammas.

205 3010 335 3048 Horat.
351 3022 405 3048 1v.
417 3010 491 3047 Od.
505 3021 536 3056 7.

262 3065 404 3096 Damna
426 3071 542 3096 tamen
562 3059 674 3097 celeres
695 3069 855 3110 reparant
875 3060 1023 3108 caelestia
1047 3067 1164 3108 Lunae

207 3108 339 3146 Avien.
359 3109 480 3146 Descr.
503 3109 590 3146 Orb.

262 3164 306 3194 Ut
328 3168 377 3193 ter
400 3164 497 3195 Luna
513 3160 608 3208 prius
630 3170 758 3211 reparet
771 3161 864 3210 facis
883 3162 1101 3203 incrementa.

206 3206 414 3246 Neinefian.
445 3209 622 3258 Cyneget.

2077 676 2305 750 Quaque

1322 801 1416 846 {Jam
1437 799 1515 840 cum
1537 802 1587 840 bis
1608 805 1708 841 denos
1730 803 1862 841 phaebe
1882 805 2096 855 reparaverit
2116 809 2222 845 ortus.v

1272 850 1474 889 HEmsms.
1512 867 1678 891 renovare
1708 853 1824 902 poffet
1846 855 1995 893 defendi
2025 868 2069 893 ex
2092 855 2180 901 illis,
2216 866 2312 905 quae

1271 901 1379 939 habet
1400 903 1569 940 Gronov.
1592 904 1707 941 Diatr.
1731 905 1817 942 Stat.
1850 918 1926 954 cap.
1963 906 2019 956 36.
2052 918 2139 944 nam
2173 907 2310 943 eodem

1272 951 1426 990 redeunt
1447 953 1538 990 haec
1551 953 1626 992 duo
1641 955 1749 991 verba
1764 984 1774 999 ,
1786 967 1880 1004 quae
1901 955 2003 1005 saepe
2016 968 2036 993 a
2047 956 2191 993 librariis
2203 968 2311 993 com·

1278 1010 1467 1040 mutantur
1487 1003 1580 1041 inter
1601 1004 1634 1041 se
1649 1018 1657 1042 ι
1673 1004 1768 1042 vide.
1791 1006 1916 1043 Heins.
1930 1007 1975 1044 ad
1990 1006 2315 1045 Claud.Be11.Get‚

1278 1052 1508 1102 438.&infr.
1528 1054 1672 1092 hoclib.
1687 1055 1770 1104 363.
1793 1056 2057 1094 BURMNANUS.
2266 1063 2269 1066 “

1336 1116 1388 1141 12.
1418 1110 1488 1140 Nec
1509 1105 1708 1155 circumfust)
1724 1106 1892 1155 pendebat
1913 1108 1951 1143 in
1971 1110 2048 1144 a'e're
2068 1106 2196 1156 tellus]
2235 1106 2315 1145 Eo-?

1278 1153 1365 1191 dem
1397 1154 1511 1203 prope
1545 1156 1664 1194 modo
1694 1156 1856 1206 loquitur
1883 1161 2078 1205 poetarum
2106 1157 2314 1195 cultiffimus

1278 1203 1444 1243 Tibullus
1471 1219 1563 1242 xv.1.
1581 1219 1659 1255 151.

1330 1262 1427 1292 Nam
1451 1257 1650 1305 circumfusso
1672 1256 1814 1306 consistit
1835 1258 1873 1294 in
1894 1261 1971 1294 ae're
1991 1256 2101 1295 tellus.

1278 1304 1334 1342 M.
1359 1306 1502 1343 Tullius
1523 1306 1581 1344 lib.
1604 1320 1646 1344 11.
1669 1308 1730 1345 De
1762 1309 1847 1345 Nat.
1880 1309 2074 1346 Deorum:
2114 1313 2217 1345 Terra
2249 1307 2318 1344 cit-⁴*

1280 1357 1436 1405 cumfusa
1468 1356 1533 1393 hac
1564 1357 1713 1394 innubili
1744 1370 1874 1396 natura
1899 1388 1910 1404 ‚
1947 1359 2000 1395 cui
2031 1372 2152 1395 nomen
2176 1358 2220 1406 est
2243 1362 2318 1396 ae'r.

1281 1405 1386 1444 Idem
1398 1407 1456 1444 lib.
1472 1406 1581 1446 dee
1594 1409 1685 1456 Rep.
1716 1410 1838 1446 Omnis
1859 1410 1951 1446 enim
1974 1419 2067 1445 terra
2082 1437 2092 1452 ,
2118 1423 2203 1458 quae
2237 1408 2316 1444 coli-

1281 1466 1342 1493 tur
1373 1458 1469 1495 vobis
1494 1487 1504 1502 ,
1541 1460 1683 1507 angusta
1716 1460 1900 1496 verticibus
1925 1477 1940 1504 ‚·
1971 1458 2134 1495 lateribus
2158 1488 2168 1503 ‚
2197 1468 2316 1508 parva

1282 1509 1455 1557 quaedam
1486 1509 1600 1556 insula
1631 1510 1698 1555 est,
1732 1510 1940 1557 circumfufiz
1970 1509 2027 1545 illo
2059 1509 2152 1546 mari
2175 1537 2186 1554 ‚
2227 1508 2318 1558 quod

1278 1557 1507 1594 Atlanticum
1523 1586 1533 1602 ‚
1560 1559 1651 1608 quod
1671 1572 1838 1607 magnum
1852 1588 1862 1604 ,
1890 1559 1979 1610 quod
2002 1566 2176 1596 Oceanum
2209 1557 2319 1607 appel-

1278 1607 1362 1644 latis
1383 1608 1421 1644 in
1443 1609 1542 1644 terris
1554 1623 1565 1652 ;
1593 1609 1653 1658 qui
1675 1620 1817 1657 tamen,
1844 1620 1943 1646 tanto
1967 1610 2102 1647 nomine
2116 1638 2126 1654 ,
2153 1606 2318 1660 quamfit

1271 1667 1409 1707 parvus
1423 1687 1433 1702 ‚
1461 1659 1566 1694 vides.
1593 1659 1767 1696 Manilius
1777 1661 1835 1696 h'b.
1852 1673 1882 1697 Ι.

1333 1708 1464 1744 Ultima
1479 1708 1633 1758 subsedit
1650 1709 1836 1757 glomerato
1852 1711 1999 1759 pondere
2021 1709 2132 1748 tellus.

1278 1757 1419 1795 Ibidem
1436 1772 1444 1795 :

1331 1809 1438 1857 de
1459 1808 1524 1858 nisi
1542 1809 1667 1846 librato
1681 1810 1842 1860 penderet
1856 1810 2002 1860 pondere
2021 1810 2121 1848 tellus
2134 1840 2145 1856 ‚

1333 1865 1413 1895 Non
1434 1870 1546 1908 ageret
1568 1860 1682 1908 cursus
1704 1861 1828 1897 mundi
1842 1861 2070 1910 subeuntibus
2091 1862 2190 1910 astris

1331 1909 1481 1947 Phoebus
1503 1911 1551 1947 ad
1571 1911 1721 1959 occasum
1736 1939 1746 1956 ,
1781 1924 1825 1952 ω’
1856 1925 2051 1963 numquam
2073 1913 2238 1951 remearet
2269 1909 2318 1946 αδ

1380 1971 1506 1998 ortum.

1279 2011 1367 2058 Qua
1389 2010 1434 2047 de
1459 2023 1495 2048 re
1516 2011 1588 2059 ipse
1609 2011 1692 2049 alibi
1714 2012 1761 2050 fic
1782 2013 1853 2050 ait:

1334 2066 1437 2097 Terra
1455 2061 1545 2110 pilae
1559 2060 1685 2111 similis
1709 2063 1802 2100 nullo
1817 2063 2002 2110 fulcimine
2023 2065 2109 2102 nixa
2123 2094 2135 2111 ‚

1387 2115 1482 2147 A'e're
1494 2111 1643 2160 subjeffo
1666 2123 1742 2150 tam
1762 2127 1871 2162 grave
1888 2115 2012 2164 pendet
2034 2129 2128 2152 onus.

1336 2163 1409 2211 Ipsa
1434 2161 1633 2199 volubilitas
1655 2162 1822 2200 libratum
1836 2164 1980 2213 sustinet
2000 2165 2113 2202 orbem
2126 2194 2137 2210 ,

1389 2213 1526 2262 Qique
1542 2222 1680 2262 premat
1694 2224 1810 2263 partes
1832 2215 1977 2264 angulus
1999 2216 2108 2252 omnis
2129 2215 2228 2264 abest.

1334 2268 1494 2312 Cumque
1508 2261 1557 2311 fit
1578 2264 1616 2300 in
1637 2265 1745 2301 medio
1768 2279 1882 2301 rerum
1907 2266 2032 2313 regione
2052 2265 2162 2302 locata
2178 2295 2190 2311 ,

1387 2317 1433 2348 Et
1455 2323 1579 2361 tangat
1600 2314 1737 2351 nullum
1752 2315 1873 2364 plusve
1896 2316 2050 2363 minusue
2071 2314 2164 2352 latus
2177 2332 2189 2353 .-

1337 2363 1387 2399 Ni
1409 2376 1561 2400 convexa
1576 2365 1669 2410 foret
1683 2393 1693 2409 ,
1715 2366 1812 2414 parti
1835 2365 1982 2401 vicinior
2003 2364 2100 2413 effi’t,

1390 2420 1459 2449 Nec
1481 2414 1634 2451 medium
1659 2425 1769 2452 terrae
1791 2416 1942 2452 mundus
1965 2414 2103 2452 haberet
2125 2430 2219 2454 onus.

1283 2463 1502 2502 ememus.

1341 2525 1396 2560 13.
1423 2514 1630 2549 Ponderibus
1658 2514 1787 2551 librata
1810 2515 1925 2564 ficia]
1964 2515 2019 2562 lta
2049 2515 2212 2566 loquitur
2242 2517 2321 2556 e104

1285 2562 1534 2611 quentisiimus
1547 2562 1679 2600 Cicero
1700 2564 1758 2601 lib.
1782 2576 1815 2601 v.
1840 2565 1949 2603 Tusc.
1972 2565 2096 2614 disput.
2135 2569 2218 2605 Inde
2232 2597 2241 2612 ,
2263 2569 2319 2606 in-

1283 2612 1389 2661 quit,
1423 2611 1465 2659 est
1497 2613 1672 2661 indagatio
1706 2624 1793 2651 nata
1823 2615 2028 2660 initiorum,
2068 2630 2112 2657 ετ)
2133 2628 2318 2669 tamquam

1278 2663 1477 2711 seminum,
1504 2663 1593 2700 unde
1623 2664 1722 2713 effent
1754 2665 1870 2701 omnia
1903 2677 2003 2711 orta,
2026 2679 2213 2715 generata,
2241 2682 2318 2705 con-

1285 2723 1376 2750 creta
1391 2730 1401 2750 .·
1429 2715 1593 2764 Qaeque
1613 2716 1706 2764 cujus
1725 2715 1853 2764 generis
1874 2717 1931 2753 vel
1950 2717 2101 2754 inanimi
2125 2747 2134 2762 ,
2163 2719 2220 2755 vel
2240 2719 2319 2756 ani-

1284 2764 1400 2807 mati,
1428 2764 1486 2800 vel
1517 2765 1631 2810 muti,
1670 2765 1727 2801 vel
1759 2766 1925 2816 loquentis
1958 2768 2068 2816 origo,
2096 2783 2182 2818 quae
2213 2770 2318 2813 vita,

1284 2815 1361 2864 quis
1382 2815 1565 2851 interitus.-
1596 2829 1746 2865 quaeque
1766 2830 1808 2853 ex
1829 2816 1896 2853 alio
1929 2817 1966 2853 in
1999 2817 2097 2854 aliud
2129 2817 2317 2866 vicissitudo

1285 2875 1390 2914 atque
1412 2865 1584 2909 mutati03
1611 2866 1701 2903 unde
1723 2877 1816 2902 terra
1831 2895 1841 2911 ‚
1880 2880 1923 2906 ω’
1945 2868 2066 2917 quibus
2087 2868 2215 2905 librata
2233 2879 2318 2917 pon·

1285 2915 1419 2952 derihus
1431 2930 1442 2958 ;
1467 2915 1588 2966 quibus
1599 2918 1756 2953 cavernis
1778 2917 1892 2953 maria
1904 2917 2142 2966 sustineantur
2156 2946 2166 2962 ,
2179 2928 2318 2966 &quae

1275 2964 1479 3014 sequuntur.
1507 2967 1554 3003 Et
1578 2967 1704 3004 Livius
1723 2966 1782 3003 lib.
1805 2979 1848 3004 VI
1860 2980 1888 3004 Ι.
1929 2969 2056 3004 Omnia
2089 2968 2216 3004 librata
2231 2975 2317 3015 pon-

1285 3015 1418 3052 cleribus
1422 3016 1619 3064 figerentur.
1648 3018 1764 3054 IDEM.
1794 3018 1972 3054 Libranda
1984 3018 2131 3066 quidam
2146 3015 2321 3063 Codice8·,

1283 3064 1344 3104 sed
1364 3078 1441 3104 non
1465 3079 1565 3116 opus.
1587 3067 1655 3114 Jul.
1679 3068 1820 3105 Solinus
1842 3068 1880 3105 in
1904 3067 2150 3114 Cat-alecusp.
2162 3065 2245 3113 246.

1625 3118 1758 3166 Resedit

1391 3167 1597 3204 Ponderibus
1617 3168 1747 3205 librata
1760 3170 1846 3218 suis.

1282 3214 1375 3257 ‘Lim
1390 3229 1457 3255 XX.
1491 3229 1522 3257 c.
1563 3230 1598 3257 X.
1656 3225 1808 3303 GrrIz3vtor
1849 3227 1892 3259 ω·
1929 3217 1994 3268 ipſs)
2027 3217 2172 3267 Pondere
2207 3217 2316 3274 libra4

1295 3284 1298 3285 ’
1765 3279 1786 3305 2,
2250 3278 2317 3306 5³00·
