2483 3616
290 125 1524 194 ‘METAMORPHOSEON
1584 123 1950 184 LmXH-I.

336 243 415 297 At
438 256 547 295 non
574 233 861 289 Heetoreis
888 231 1150 288 dubitavit
1173 233 1371 288 cedere
1395 233 1649 289 flamm-is:

336 314 483 383 Quas
508 325 612 379 ego
638 305 882 367 sustinui3
923 322 1049 377 quas
1074 306 1173 361 hac
1201 308 1230 360 a
1256 305 1408 360 claffe
1435 305 1631 377 fugavi.

329 383 526 437 Tutius
551 377 625 432 est
648 378 779 432 fietis
802 378 964 449 igitur
990 379 1323 432 contendere
1347 377 1521 431 verbis
1536 417 1551 440 ‚

209 474 286 510 το
325 455 504 524 Quam
522 468 762 523 pugnare
787 468 961 505 manu.
984 450 1076 505 sed
1099 469 1199 505 nec
1225 449 1356 503 mihi
1381 450 1561 502 dicere
1587 461 1892 520 promtum3

330 528 449 581 Nec
477 525 652 578 facere
678 524 752 577 est
776 523 872 576 isti.
913 536 1282 596 quantumque
1306 539 1409 592 ego
1436 519 1616 574 Marte
1637 523 1839 585 feroci,

330 599 608 671 Quantum
634 596 748 650 acie
772 597 925 650 valeo
942 639 954 658 ,
991 608 1213 652 tantum·-
1224 596 1363 651 valet
1386 592 1479 647 iste
1505 593 1797 664 loquendo,

91 802 125 852 3.
148 797 336 848 'impatiens
362 797 472 847 irae]
509 797 566 835 Ita
594 797 681 835 Liv.
701 807 737 834 v.
757 807 787 835 c.
806 796 870 845 38.
897 791 994 833 Galli
1008 794 1079 845 fla-

26 853 175 904 essrantes
193 851 248 887 ira
263 877 272 892 ‚
302 850 397 897 cujus
417 848 598 898 impatiens
619 847 662 894 est
677 858 772 895 gens.
793 847 936 884 ficMff.
957 848 996 883 &
1015 858 1080 883 ve-

41 914 132 942 teres
149 901 341 940 editiones.
364 908 399 936 at
413 900 611 936 Rhenanus
632 897 866 940 emendavit,
895 898 989 945 cujus
1010 896 1080 932 im-

36 962 161 1004 potens.
193 950 240 988 fic
269 949 452 999 impatiens
486 951 622 997 linguae
650 948 792 985 Servius
821 946 1007 984 Fuldensis
1034 946 1080 984 ad

46 1002 168 1052 virgil.
201 1014 231 1039 Ι.
269 1001 367 1038 Aen.
400 1000 483 1048 518.
521 998 708 1048 Impatiens
734 996 916 1034 hominum
938 998 1079 1035 Lucan.

41 1065 113 1093 vn.
132 1053 214 1090 866.
250 1051 350 1102 aequi
379 1050 467 1089 Stat.
486 1063 551 1088 111.
577 1051 662 1098 603.
690 1047 756 1085 Dei
778 1058 877 1085 vates
895 1047 1018 1085 Theb.
1046 1060 1080 1085 x.

37 1115 125 1154 159.
153 1104 300 1141 Herus,

55 1168 60 1171 ·
93 1165 127 1203 3.
155 1153 261 1201 Sigeia
290 1162 389 1190 torvo
420 1150 555 1188 Littera
570 1148 779 1199 prospexit.]
811 1149 869 1187 Sic
894 1148 1025 1198 legitur
1045 1150 1082 1187 in

45 1205 216 1253 impreffis
231 1231 241 1248 ‚
268 1214 362 1252 quos
383 1201 502 1239 adhuc
521 1202 613 1237 mihi
634 1199 759 1237 videre
782 1200 953 1248 contigit.
975 1201 1084 1237 libris.

44 1255 112 1294 Sed
139 1265 251 1304 quem
280 1255 407 1291 locum
435 1252 496 1289 hic
525 1251 634 1288 habet
648 1250 868 1300 prospiciendi
893 1250 1045 1288 verbum
1067 1249 1083 1287 ἓ

44 1305 181 1344 nullum
201 1303 319 1353 plane.
336 1301 449 1351 longe
466 1301 597 1339 reatus
615 1302 665 1338 est
686 1302 726 1342 in
741 1301 912 1338 omnibus
932 1301 1083 1349 scriptis,

43 1355 205 1404 Respexit.
242 1354 411 1402 Sequitur
440 1352 539 1389 enim
564 1361 661 1388 torvo
685 1350 819 1396 vultu,
847 1351 950 1400 quod
968 1352 1013 1388 ad
1032 1366 1085 1388 re-

34 1405 198 1456 spiciendi
217 1405 369 1442 verbum
394 1401 546 1441 mirifice
563 1402 880 1440 accommodatur.
899 1401 945 1439 ad
959 1402 1085 1451 prospi-

46 1456 152 1494 ciendi
170 1454 260 1493 vero
283 1455 386 1493 nullo
407 1454 537 1492 modo.
566 1453 601 1490 Si
620 1452 721 1490 oculis
735 1481 745 1497 ‚
773 1465 851 1490 non
861 1451 967 1489 vttltu
979 1453 1085 1490 dixis-

45 1507 117 1552 set,
144 1507 260 1556 aptius
279 1506 438 1544 omnino
461 1503 547 1542 effet
561 1503 781 1553 prospiciendi
801 1503 966 1540 verbum.
1013 1503 1083 1540 Ita-

37 1568 114 1607 ·qiie
129 1557 330 1606 legendum
353 1555 515 1605 Respexit.
551 1557 677 1603 Quam
699 1553 899 1591 leetionem
914 1582 923 1598 ,
952 1562 991 1590 ut
1010 1553 1085 1601 pla-

43 1607 91 1646 ne
105 1620 235 1646 -veram
262 1617 552 1656 germanamque
574 1604 703 1653 probat
722 1606 833 1641 etiarn
854 1605 979 1641 Petrus
1000 1605 1084 1641 Ma-

44 1669 156 1708 gnus,
184 1659 239 1696 vit
259 1656 565 1705 summo.ingenii
583 1654 776 1698 acumine,
810 1656 847 1691 ὃ(
870 1667 911 1692 ea
933 1667 1081 1692 morum

42 1709 217 1757 elegantia
231 1737 241 1753 ‚
268 1720 384 1757 eaque
405 1706 632 1748 eruditione,
661 1717 755 1754 quae
766 1702 810 1742 ad
820 1705 1081 1743 nobiliffimum

42 1771 230 1809 quemque
247 1761 423 1808 pertinet,
452 1758 693 1795 vehementer
712 1763 872 1793 ornatus.
899 1756 1083 1793 Probat&

43 1809 382 1852 Petrus-Galenus,
430 1809 466 1845 ὃ(
499 1808 608 1845 frater
637 1817 740 1843 meus
762 1834 771 1849 ‚
809 1806 863 1842 M.
884 1805 1082 1844 Antonius.

47 1860 216 1898 Cmran.
242 1861 350 1898 Prim.
363 1858 462 1896 Basil.
477 1858 585 1906 prim.
596 1857 737 1894 Moret.
756 1857 884 1904 fragm.
899 1856 1087 1894 Boxhorn.

45 1910 225 1954 Noricus,
254 1912 291 1947 δί
319 1910 379 1947 sex
409 1909 492 1952 alii,
511 1907 690 1957 prospexit.
742 1907 856 1944 Paulo
883 1916 993 1952 ante,
1019 1920 1085 1956 pro

46 1958 162 2006 Surgit
179 1960 225 1994 ad
244 1959 321 2002 hos,
348 1961 442 1997 forte
454 1958 498 1995 ab
515 1959 568 1996 his
583 1956 822 1995 scribendum.
851 1958 988 1995 Herus.
1018 1959 1085 1996 Ni-

45 2009 98 2046 hil
126 2016 226 2046 muta
239 2023 250 2051 ;
281 2009 383 2045 verso
413 2010 512 2046 enim
532 2022 552 2047 a
563 2008 745 2058 Judicibus
766 2008 811 2046 ad
834 2013 935 2046 mare
953 2008 1083 2055 vultu,

47 2057 202 2106 respexit
220 2059 338 2096 litora.
366 2070 399 2095 11
417 2060 511 2096 Met.
534 2072 615 2107 190.

94 2108 264 2157 prospicit
283 2109 411 2154 occasus
426 2135 436 2152 ‚
462 2108 637 2147 interdum
658 2111 787 2161 respicit
805 2121 920 2155 ortus,

46 2158 86 2247 {z
97 2158 146 2196 ita
158 2160 285 2196 millies
295 2159 377 2196 alibi
391 2186 402 2204 ,
429 2158 599 2208 respiciens
626 2161 795 2201 Leidens.
807 2174 923 2208 unus,
936 2161 973 2200 ὃς
984 2161 1086 2202 alius.

82 2223 181 2247 unm.

100 2274 133 2308 ς.
159 2260 310 2309 Agimus
325 2259 385 2310 pr5
403 2259 603 2310 Juppiter.]
633 2262 755 2312 Ajacis
777 2263 951 2312 personae
974 2263 1087 2302 deco-

47 2322 128 2348 rum
161 2312 309 2360 pulchre
329 2312 512 2355 servatur,
539 2314 603 2360 qui
625 2313 727 2350 fortis
750 2314 902 2362 quidem
927 2326 969 2350 ac
986 2315 1088 2352 belli-

48 2362 149 2399 cosus
178 2360 284 2399 fuiffe
305 2390 315 2406 ‚
352 2361 412 2399 sed
442 2361 653 2410 eloquentia
675 2374 802 2410 parurn
828 2363 977 2400 valuisse
1004 2373 1084 2402 tum

48 2409 69 2448 a
90 2412 236 2449 Graecis
263 2420 343 2449 tum
374 2411 396 2448 a
435 2412 574 2449 Latinis
606 2411 751 2460 fingitur
774 2413 906 2459 poetis.
959 2415 1085 2460 Quare

45 2462 94 2505 illi
125 2463 243 2500 oratio
273 2462 425 2511 simplex
450 2462 655 2499 attribuitur
675 2490 684 2505 ‚
723 2462 904 2509 omnique
929 2462 1085 2500 artificio

46 2523 178 2550 carens.
231 2513 327 2550 Nam
353 2514 389 2550 δί
414 2513 611 2561 prooemio
629 2512 746 2550 statim
765 2523 849 2549 curn
871 2523 1002 2560 magna
1023 2524 1087 2550 ex-

47 2562 175 2601 clamat
197 2563 451 2611 indignatione
465 2590 475 2607 ,
504 2563 541 2600 &
563 2562 597 2599 se
615 2574 679 2610 per
697 2562 936 2610 totainjaftat
949 2559 1087 2600 oratio-

46 2624 129 2651 nem
156 2641 166 2658 ,
210 2625 304 2663 quae
342 2625 419 2650 non
458 2610 528 2650 esse
560 2612 726 2650 facienda
756 2613 919 2649 rhetores
955 2624 1086 2651 omnes

47 2665 280 2711 praecipiunt.
318 2664 488 2700 Versatur
504 2671 630 2701 autem
649 2664 741 2701 haec
760 2664 879 2699 oratio
892 2664 929 2700 in
951 2663 1087 2712 duplici

49 2714 283 2762 conjecturali
300 2714 571 2751 constitutione.
624 2712 721 2750 Cum
744 2713 844 2750 enim
865 2713 1015 2763 Achillis
1033 2725 1088 2751 ar·

50 2775 110 2802 ma
132 2764 358 2801 Graecorum
379 2763 676 2812 praestantiffimo
699 2765 735 2800 δε
761 2764 896 2801 virtute
918 2765 955 2800 &
976 2765 1087 2801 :neri-

39 2815 91 2851 tis
120 2815 241 2851 forent
269 2814 480 2856 tribuenda,
508 2823 589 2851 uter
616 2815 751 2851 horum
780 2813 821 2851 fit
852 2814 1086 2861 praestantior

35 2865 230 2912 quaeritur
242 2891 252 2907 ,
282 2865 376 2912 Ajax
386 2875 430 2901 an
442 2864 583 2913 Ulyffes
596 2893 606 2910 ,
625 2864 708 2902 cuin
723 2873 875 2913 uterque
887 2864 920 2901 se
933 2864 1085 2913 dignum

40 2913 114 2952 :illis
135 2913 203 2950 effe
219 2912 383 2962 jaetaret.
432 2914 599 2964 Uterque
616 2925 739 2952 autem
763 2915 980 2963 conjecturis
1001 2916 1038 2952 ὃ(
1051 2915 1087 2952 se

55 2962 244 3008 meruisse,
273 2966 310 3001 &
337 2963 489 3001 alterum
521 2977 598 3002 non
629 2964 796 3003 meruiffe
817 2965 983 3002 ostendit.
1012 2966 1089 3002 RE-

41 3025 162 3052 .-·Gru-s.
190 3015 322 3063 Neque
345 3012 435 3050 vero
456 3017 560 3052 omni
578 3014 717 3062 prorsus
729 3015 880 3053 artificio
895 3024 989 3053 caret
999 3016 1090 3053 haec

47 3066 173 3102 <oratio
187 3092 196 3107 ‚
225 3074 265 3102 ut
287 3065 422 3112 Regius
443 3064 502 3102 ait.
553 3066 652 3103 Nam
675 3065 712 3100 &
735 3073 851 3111 partes
870 3066 945 3103 suas
956 3067 1066 3104 habet
1080 3095 1089 3111 ,

53 3115 95 3151 δε
123 3113 249 3151 diserte
277 3115 418 3152 causam
440 3116 614 3161 proponit
634 3114 730 3163 Ajax
744 3141 753 3153 ,
783 3115 972 3153 ostendens
991 3128 1091 3154 arma

44 3163 122 3200 vfibi
141 3165 258 3212 potius
280 3164 396 3213 quam
419 3164 534 3212 Ulyffi
559 3164 678 3200 deberi
697 3192 706 3207 ,
735 3162 856 3210 primo
872 3165 1091 3213 quidemju-

58 3224 97 3249 re
116 3213 343 3253 suCCeffioniS,
357 3215 431 3252 five
449 3213 689 3252 haereditario
705 3241 714 3255 ‚
741 3214 827 3260 quia
847 3213 1092 3251 fraterAchil-

45 3261 287 3313 „lis-patruelis
316 3265 380 3312 fit,
417 3266 455 3304 &-
477 3263 659 3304 nobiliore
680 3264 1091 3314 etiamgenere.natu53

162 3317 254 3353 isam.
281 3320 338 3354 ll.

2064 662 2184 718 Nec,

1134 796 1291 841 deinde,
1320 807 1365 834 ex
1394 794 1552 839 merito,
1588 795 1767 844 quoniam
1797 787 1922 842 plura,
1958 790 2072 841 quam
2093 790 2184 834 ille„v

1134 846 1315 895 praeclare
1346 844 1488 895 gesserit
1503 873 1512 889 ‚
1541 844 1600 883 ille
1619 854 1744 883 autem
1764 846 1875 881 etiam
1896 843 2076 891 quaedam
2105 841 2184 888 pes=

1135 897 1238 935 fime.
1292 898 1338 935 Et
1360 897 1423 934 hic
1443 896 1642 934 collatione
1663 897 1851 944 utriusque
1868 893 2053 943 gestorum
2074 890 2183 935 faeta,

1136 959 1231 996 quae
1251 948 1295 985 ab
1315 947 1379 985 illo
1399 948 1551 995 turpiter
1571 946 1665 995 gesta
1687 946 1767 983 sunt
1781 974 1791 990 ,
1821 943 2052 982 criminando
2073 952 2184 989 exag-

1135 1007 1258 1045 gerat:
1287 1010 1381 1047 quae
1404 997 1495 1035 vero
1513 996 1767 1038 tolerabiliter,
1796 994 1978 1033 elevando
1998 1001 2186 1033 extenuat.

1136 1048 1326 1086 Postremo
1358 1057 1482 1086 autem
1516 1048 1625 1084 etiam
1657 1046 1744 1084 illud
1763 1046 1886 1090 addit,
1913 1056 2036 1094 neque
2056 1056 2185 1092 parem

1136 1110 1259 1148 neque
1292 1099 1473 1136 idoneum
1506 1098 1560 1134 his
1581 1097 1689 1135 armis
1708 1097 1884 1145 gestandis
1905 1093 2070 1144 Ulyffem
2100 1094 2184 1134 esse.

1138 1150 1264 1198 Atque
1284 1150 1398 1192 haec,
1426 1156 1603 1197 quantum
1626 1147 1670 1184 ad
1691 1146 1892 1196 subjectum
1911 1146 2086 1184 orationis
2102 1148 2193 1192 atti-¹¹

1138 1208 1214 1237 net.
1242 1199 1390 1236 Deinde
1411 1197 1501 1235 vero
1523 1199 1581 1235 vel
1602 1197 1767 1235 summae
1784 1198 1865 1234 artis
1885 1197 1953 1234 fuit
1968 1224 1978 1240 ,
2006 1196 2188 1237 decorum

1139 1250 1336 1298 praestare,
1361 1249 1548 1297 talemque
1570 1248 1778 1286 sermonem
1803 1247 1978 1296 personae
2002 1247 2184 1293 tribuere,

1140 1302 1205 1349 qui
1226 1301 1276 1338 illi
1298 1298 1411 1348 quarn
1436 1297 1614 1347 aptissime
1636 1299 1863 1335 conveniret.
1917 1298 2013 1334 Nam
2031 1306 2070 1334 ut
2088 1299 2187 1347 apud

1141 1351 1343 1389 Sallustium
1372 1351 1511 1387 Marius
1532 1377 1541 1393 ,
1581 1350 1629 1386 ita
1661 1348 1724 1386 hic
1752 1349 1848 1397 Ajax
1879 1347 2025 1395 fingitur
2047 1348 2184 1386 virtute

1139 1403 1254 1450 magis
1290 1402 1328 1438 &
1358 1400 1459 1438 factis
1487 1399 1634 1437 laudern
1667 1410 1841 1448 quaerere
1864 1425 1874 1440 ‚
1923 1398 2068 1446 seseque
2105 1400 2182 1437 aliis

1140 1451 1423 1496 commendare,
1453 1462 1564 1500 quam
1584 1449 1729 1487 dicendi
1748 1449 1930 1486 facultate.
1983 1448 2098 1497 quue
2118 1451 2190 1489 mi-

1139 1502 1231 1540 litari
1262 1514 1304 1540 ac
1327 1503 1414 1539 forti
1436 1504 1517 1538 viro
1540 1500 1721 1549 peculiare
1743 1500 1803 1537 est.
1825 1511 1946 1547 eoque
1965 1510 2087 1548 neque
2105 1511 2187 1539 am·-

1140 1552 1419 1601 plificationibus
1446 1551 1671 1600 longioribus
1697 1551 1833 1594 utitur,
1861 1561 1983 1598 neque
2001 1550 2186 1590 coloribus

1141 1604 1239 1646 aliis,
1267 1604 1396 1652 quibus
1426 1602 1542 1639 solent
1574 1602 1637 1650 qui
1669 1601 1785 1637 verbis
1813 1601 1925 1648 magis
1946 1611 2058 1648 quarn
2080 1601 2185 1640 faecis

1141 1654 1318 1692 excellere
1340 1654 1502 1702 cupiunt.
1557 1652 1615 1689 Est
1636 1652 1735 1688 enim
1757 1650 1910 1699 simplex
1923 1651 2081 1688 veritatis
2103 1663 2187 1689 ora-

1139 1705 1193 1742 tio
1209 1733 1218 1748 ‚
1247 1704 1411 1742 simulata
1434 1702 1524 1740 vero
1546 1710 1607 1739 aut
1628 1702 1710 1739 falsa
1727 1701 1841 1738 aliena
1856 1700 2188 1749 commendatione

1139 1755 1326 1803 indigent,
1356 1763 1395 1791 ut
1414 1752 1604 1801 Euripides
1623 1752 1683 1788 ait.
1720 1751 1838 1799 Quod
1857 1758 1979 1786 autem
2003 1752 2185 1799 principio

1140 1807 1250 1843 utitur
1271 1805 1557 1846 turbulentiore,
1587 1803 1624 1839 &
1646 1802 1768 1838 minus
1785 1801 1828 1837 ad
1841 1809 1954 1838 artem
1968 1812 2188 1840 accommo-

1142 1855 1228 1893 dato
1244 1885 1253 1900 ‚
1283 1865 1322 1893 ut
1341 1856 1459 1903 Regio
1479 1853 1647 1897 videtur,
1676 1852 1710 1889 id
1725 1851 1839 1899 ipsum
1855 1862 1898 1888 ex
1913 1858 1986 1888 arte
1997 1850 2186 1899 sumptum

1143 1907 1203 1944 est.
1257 1908 1355 1944 Nam
1383 1907 1421 1943 &
1449 1905 1557 1942 iratus
1585 1903 1629 1940 ad
1655 1903 1798 1940 causam
1817 1901 1996 1950 agendam
2019 1902 2187 1949 accedit,

1142 1958 1181 1994 ὃ(
1201 1969 1247 1995 eo
1267 1957 1381 2006 magis
1398 1955 1605 2004 indignatur
1619 1982 1628 1998 ,
1656 1952 1757 2003 quod
1770 1964 1852 1990 cum
1867 1950 2009 2001 Ulysse,
2030 1953 2187 1991 homine

1142 2007 1275 2045 bellicis
1306 2009 1409 2045 rebus
1435 2015 1496 2043 aut
1517 2006 1624 2043 armis
1649 2015 1838 2053 nunquam
1861 2001 1984 2051 aperte
2005 2011 2065 2040 aut
2086 2003 2185 2041 redte

1142 2060 1366 2103 exercitato,
1396 2056 1609 2095 certandum
1639 2054 1703 2092 sibi
1736 2053 1842 2098 effer,
1869 2053 1914 2090 ad
1945 2065 2056 2101 quem
2080 2054 2184 2091 nullo

1139 2121 1262 2159 neque
1287 2109 1370 2157 jure
1399 2119 1521 2156 neque
1553 2107 1687 2143 merito
1705 2105 1810 2142 -adeo
1831 2115 1930 2140 arma
1952 2103 2008 2140 illa
2028 2104 2188 2150 pertine-

1139 2170 1231 2198 rent.
1259 2159 1420 2209 denique
1440 2170 1487 2195 ex
1508 2157 1609 2206 cujus
1632 2156 1830 2193 collatione
1859 2153 1965 2201 ipsuis
1985 2154 2082 2190 fama
2106 2154 2185 2201 plus

1143 2211 1378 2254 detrimenti,
1405 2220 1517 2259 quarn
1536 2207 1694 2245 victoria
1715 2206 1852 2253 gloriae
1872 2210 2063 2251 acceptura
2084 2202 2185 2241 effer.

1142 2261 1301 2300 Proinde
1328 2260 1418 2298 illud
1445 2259 1558 2307 magis
1589 2256 1784 2294 dicendum
1809 2255 1949 2296 fuerat,
1978 2253 2084 2301 Ajaci
2104 2254 2188 2302 qui-

1142 2311 1227 2349 dem
1252 2312 1454 2359 simplicem
1469 2337 1479 2354 ,
1508 2320 1585 2345 non
1606 2315 1729 2344 tamen
1752 2305 1795 2341 ab
1813 2312 1887 2340 arte
1906 2312 2089 2340 remotam
2103 2316 2187 2342 ora-

1141 2363 1284 2399 tionem
1317 2361 1436 2398 tribui.
1497 2357 1614 2405 Ulyffi
1645 2364 1768 2393 autem
1802 2354 2001 2390 coloratam
2033 2354 2071 2391 δε
2100 2366 2188 2402 pro-

1141 2411 1346 2458 pemodutn
1380 2408 1652 2447 veteratoriam.
1699 2407 1926 2442 chrtrus.
1966 2404 2184 2443 Confiderat

1140 2461 1239 2498 hunc
1260 2461 1387 2498 locum
1409 2456 1754 2508 Quinetilianuslib.
1776 2468 1812 2493 v.
1831 2467 1906 2503 cap.
1931 2466 1987 2491 10.
2016 2455 2186 2493 Cromna

1194 2513 1229 2548 6.
1260 2512 1448 2557 Confertur
1467 2506 1620 2556 Ulixes.]
1650 2505 1837 2543 Contendit
1860 2516 1951 2543 unus
1974 2504 2112 2543 Medic.
2125 2505 2188 2545 sed

1140 2561 1312 2610 sequitur.
1339 2571 1382 2599 cn·
1405 2558 1502 2596 deest
1521 2558 1580 2595 sex
1603 2556 1800 2594 codicibus.

1194 2623 1227 2657 7.
1255 2608 1494 2658 Dubitavit.]
1525 2606 1722 2644 Dubitabat
1744 2616 1824 2644 tert.
1843 2607 1991 2644 Bonon.

1194 2662 1229 2699 8.
1257 2664 1357 2709 Quas
1383 2673 1436 2709 ego
1459 2658 1633 2706 sustinui,
1661 2670 1746 2708 quas
1777 2657 1842 2694 hac
1867 2658 1891 2694 ,ἒι
1910 2657 2003 2706 classe
2014 2656 2187 2707 fugavi.]

1143 2711 1238 2749 Cum
1262 2713 1343 2760 quis
1361 2710 1396 2748 se
1420 2710 1534 2759 ipsum
1553 2707 1700 2752 laudat,
1727 2708 2024 2757 Periautologian
2039 2718 2189 2746 vocant.

1143 2764 1313 2800 CiorAN.

1192 2813 1227 2850 8.
1254 2817 1354 2861 Qtas
1374 2812 1440 2848 hac
1461 2809 1486 2847 ὰ
1505 2809 1598 2858 claffe
1608 2808 1780 2859 fugavi]
1807 2808 1981 2855 ἀναφοραὶ.
2011 2808 2128 2847 IDEM.

1194 2863 1227 2900 8.
1254 2862 1368 2911 Hac.]
1396 2861 1591 2902 δεικτικῶς.
1617 2861 1732 2897 IDEM.

1171 2940 1174 2943 Δ
1195 2914 1229 2950 8.
1257 2911 1435 2962 fugavi]
1476 2912 1608 2959 Expuli
1626 2940 1636 2956 ‚
1672 2910 1793 2958 rejeci.
1818 2910 2009 2947 Homerus
2025 2908 2084 2944 lib.
2104 2910 2186 2946 xvr.

1144 2963 1247 3002 Iliad.
1268 2971 1409 3005 narrat,
1438 2962 1627 3010 Trojanos
1648 2962 1685 2998 in
1698 2962 1923 2997 Graecorum
1938 2969 2046 2994 naves
2061 2959 2185 3005 ignem

1145 3012 1353 3063 conjecisse.
1392 3013 1509 3050 on-zm.
1546 3011 1689 3048 Removi
1708 3012 1805 3058 prior
1825 3010 1940 3045 Gron.
1961 3008 1997 3042 δέ
2019 3006 2093 3043 duo
2115 3008 2187 3044 alii.

1145 3065 1210 3101 hac
1239 3078 1291 3114 ego
1323 3063 1416 3112 claffe
1428 3063 1561 3111 fugavi
1584 3061 1690 3099 Leid.
1710 3072 1813 3097 unus.
1836 3058 1899 3094 hac
1919 3057 1959 3093 de
1977 3057 2069 3104 claffe
2090 3057 2188 3104 Vos-⁴

1145 3116 1231 3153 fian.
1259 3128 1344 3165 quas
1364 3114 1475 3162 nostra
1494 3111 1586 3160 clasfie
1610 3112 1760 3148 hsloreti.

1198 3178 1235 3212 9.
1262 3163 1404 3212 Finis]
1435 3163 1536 3198 Siccis
1555 3162 1623 3198 sec.
1646 3161 1785 3197 Medic,
2049 3206 2056 3212 ·

1203 3226 1260 3250 10.
1294 3216 1415 3260 Qam
1449 3210 1644 3260 pugnam]
1691 3209 1824 3245 Bellare
1859 3218 1950 3244 unus
1988 3204 2189 3247 LeidenfiS.

1149 3263 1295 3301 Herus.
1323 3265 1376 3301 lta
1395 3263 1433 3300 δε
1455 3260 1565 3307 Epist.
1585 3273 1673 3298 xm.
1700 3260 1760 3308 69.
1786 3258 1848 3302 ubi,
1867 3258 1963 3297 vide.

1445 3311 1624 3362 ‚Qqqqq
1980 3318 2036 3348 1¹·
2062 3309 2190 3358 Qun:
