2483 3616
319 163 1569 229 METAMORPHOSEON
1637 166 1784 226 Lrn.

1858 170 1933 228 X·
2107 185 2206 241 737

353 286 428 341 Et
455 283 627 339 rursus
653 283 800 353 pomi
837 281 979 353 ja6³ru
1005 297 1272 339 remorata
1296 283 1546 348 secundi,

338 355 745 428 Consequitur,
785 355 1073 430 transitque
1099 357 1288 412 virum.
1329 374 1445 428 pars
1475 357 1660 412 ultima
1686 354 1867 412 cursus

352 427 628 484 Restabat:
671 430 859 493 Nune,
898 430 1100 503 inquit,
1142 430 1296 494 adeS‚
1333 430 1450 484 Dea
1472 431 1705 485 muneris
1733 426 1945 485 aucior:

349 499 517 573 Inque
543 500 674 555 latus
699 504 902 574 campi,
939 521 1049 576 quo
1077 503 1278 557 tardius
1301 503 1383 557 illa
1408 503 1639 569 rediret,

203 575 305 642 675
341 571 481 643 Jecit
506 572 571 627 ab
596 574 817 647 obliquo
845 577 1081 631 nitidum
1100 575 1407 646 juveniliter
1435 593 1639 631 aurum.

349 648 440 700 An
465 660 703 718 peteret,
744 649 898 720 virgo
923 649 1027 702 visa
1052 650 1127 703 est
1150 649 1422 703 dubitare:
1465 649 1624 720 coe'gi

350 717 606 782 Tollere3
647 722 704 775 &
729 721 898 792 adjeci
923 722 1125 776 sublato
1157 722 1399 794 pondera
1423 723 1593 776 malo:

348 790 683 865 Impediique
709 795 885 848 oneris
911 795 1107 865 pariter
1135 796 1393 865 gravitate
1418 796 1696 867 moraque.

262 932 266 933 7
342 864 504 919 *Neve
526 883 676 922 meus
704 867 880 921 sermo
905 868 1060 921 cursu
1086 866 1146 920 fit
1171 867 1375 921 tardior
1401 868 1491 921 illo
1513 899 1527 932 ;

209 935 315 993 680
355 937 646 995 Praeterita
675 938 751 994 est
772 940 953 1010 virgo:
996 939 1151 993 duxit
1176 940 1263 994 sua
1288 941 1519 1011 praemia
1543 938 1730 995 vicior.

353 1010 628 1081 Dignane,
667 1011 754 1067 cui
779 1025 953 1084 grates
978 1024 1190 1082 ageret,
1228 1014 1316 1067 cui
1344 1014 1475 1067 turis
1500 1014 1767 1068 honorem

353 1081 570 1148 Ferret,
598 1085 812 1148 Adoni,
850 1084 959 1138 fui?
1000 1102 1101 1139 nec
1129 1098 1303 1155 grates
1327 1085 1615 1140 immemor
1639 1085 1776 1156 egit:

355 1156 475 1210 Nec
501 1157 632 1211 mihi
657 1171 773 1212 tura
798 1157 968 1211 dedit.
1006 1157 1232 1211 subitam
1259 1171 1548 1213 convertor
1576 1159 1631 1213 in
1660 1158 1823 1212 iram:

352 1227 760 1304 Contemnique
786 1230 1001 1294 dolenS,
1039 1249 1108 1285 ne
1132 1229 1227 1284 sim
1253 1231 1549 1302 spernenda
1573 1231 1765 1285 futuris
1782 1270 1798 1295 ,

210 1299 312 1370 685
352 1300 622 1373 Exemplo
651 1321 840 1358 caveo:
885 1321 1078 1376 meque
1107 1303 1216 1374 ipsa
1243 1303 1504 1358 exhortor
1530 1304 1583 1357 in
1610 1303 1810 1357 ambos,

348 1374 580 1446 Templa
608 1375 788 1430 Deum
821 1376 1018 1440 Matri,
1053 1394 1189 1450 quae
1213 1376 1489 1449 quondam
1519 1377 1688 1431 clarus
1715 1375 1930 1431 Echion

355 1446 583 1502 Fecerat
610 1465 680 1503 ex
703 1465 863 1513 vot0,
900 1448 1196 1505 nemorosis
1223 1449 1401 1503 abdita
1432 1449 1591 1513 silvi3‚

355 1519 707 1575 Transibant:
753 1524 803 1574 ἃ
833 1523 935 1576 iter
961 1524 1185 1594 longum
1211 1522 1546 1595 requiescere
1571 1522 1738 1578 suasit.

355 1592 464 1648 Illic
490 1595 812 1649 concubitus
837 1595 1204 1667 intempestiva
1232 1595 1433 1667 cupido

212 1670 318 1734 690
356 1667 604 1739 Occupat
633 1667 1055 1740 Hippomenen,
1096 1670 1125 1724 a
1148 1668 1368 1724 numine
1395 1669 1610 1724 concita
1632 1667 1831 1724 nostro.

59 1877 202 1917 {Stultus
215 1907 225 1924 ‚
260 1877 304 1916 ab
325 1877 458 1929 obliquo
479 1877 540 1927 qui
560 1890 638 1915 cum
659 1878 824 1929 discedere
834 1880 939 1931 posset
952 1909 963 1927 ,
976 1887 1116 1932 Pugnat

69 1930 109 1969 in
129 1929 295 1978 adversas
318 1930 366 1967 ire
384 1939 525 1966 natator
547 1943 669 1979 aquas.
699 1933 811 1969 mor.

122 1986 205 2027 (ης.
235 1980 646 2030 Liquidum.]Quidam
671 1980 690 2018 ὲ
709 1982 891 2020 veteribus
909 1982 1021 2025 libris,
1046 1983 1114 2020 Ni-

60 2030 200 2067 ,otidum
231 2030 349 2068 IDEM.
403 2031 593 2080 Liquidum
625 2045 718 2069 unus
748 2033 945 2071 Patavinus
976 2046 1021 2071 ex
1035 2035 1119 2071 No-

72 2081 159 2118 stris.
189 2080 319 2128 reliqui
349 2092 480 2118 omnes
504 2110 513 2123 ,
542 2082 697 2120 nitidum
715 2111 726 2128 ‚
761 2084 829 2122 nifi
860 2084 964 2136 quod
984 2084 1121 2124 Barbe-

60 2131 138 2169 τίη.
158 2130 321 2178 fulvum.
352 2131 461 2179 paulo
481 2141 595 2170 anto:

409 2193 581 2244 nitidique
600 2196 755 2246 cupidine
768 2197 864 2248 pomi

124 2243 289 2282 Declinat
311 2244 439 2293 cursus.

68 2308 192 2348 Libro
219 2321 272 2347 xx.
296 2308 383 2346 688.

408 2383 485 2408 cum
498 2370 598 2420 spicis
617 2371 727 2409 nitido
744 2372 960 2422 flaventibus
983 2387 1082 2412 auro.

46 2432 138 2525 ’,Ιξο
184 2433 363 2483 liquidum
409 2446 539 2474 metuo
575 2447 622 2473 ne
653 2448 698 2474 ex
735 2435 868 2484 obliquo
899 2436 1126 2484 profluxerit.

123 2498 291 2525 Einsms.

132 2540 218 2584 675.
245 2535 508 2587 Juvenilhen]
541 2536 762 2582 Juveniliter
785 2536 950 2585 Rapba'el
971 2536 1125 2584 exponit

77 2587 248 2632 fortiter,
276 2588 378 2638 quod
401 2589 494 2626 mihi
517 2600 595 2626 non
619 2589 802 2637 probatur.
829 2600 914 2625 nam
938 2596 976 2625 ut
999 2586 1021 2623 a
1046 2598 1128 2624 cur·

0 2674 1 2680 ,
85 2638 125 2677 su
142 2647 321 2677 averteret
340 2640 497 2688 puellam
511 2667 521 2683 ‚
547 2639 625 2676 satis
647 2648 720 2676 erat
737 2666 746 2681 ,
776 2637 879 2686 quod
899 2638 943 2675 ab
973 2637 1127 2685 obliquo

0 2681 1 2759 l
73 2688 242 2739 jaciebat
262 2690 515 2738 pomumtsed
537 2690 682 2727 videtur
706 2689 796 2725 mihi
812 2688 975 2737 jaciendi
993 2688 1127 2725 modus

0 2761 2 2771 .
83 2739 271 2789 :expressus
282 2752 343 2789 per
355 2741 429 2778 hoc
442 2741 562 2790 ‚quod
584 2741 677 2778 dixit
692 2740 910 2789 juveniliter.
922 2739 1131 2776 GLAREAN.

2 2800 3 2865 ᾖ
88 2790 311 2835 :iuveniliter
328 2791 377 2829 est
399 2804 485 2829 cuin
507 2792 635 2830 ardore
660 2794 694 2828 &
718 2791 861 2838 impetu
877 2818 887 2835 ,
916 2797 955 2827 ut
973 2790 1131 2839 juvenes

85 2840 217 2878 solent.
245 2841 304 2879 sle.
335 2854 414 2880 111.
433 2844 514 2879 Art.
538 2855 556 2888 7
572 2854 623 2891 z3.
658 2840 864 2889 juveniliter
886 2854 1006 2877 arcum
1031 2840 1134 2878 corri-

88 2891 152 2940 pit.
178 2891 227 2928 fic
246 2891 396 2929 nimium
412 2893 619 2940 juveniliter
637 2894 691 2930 uti
712 2892 843 2940 ingenio
871 2905 917 2929 11.
941 2891 1134 2934 Trist.117.

89 2941 308 2989 juvenaliter
334 2944 394 2981 hic
434 2945 473 2981 in
512 2944 728 2993 quibusdam
762 2943 923 2992 scriptis,
951 2950 992 2980 ut
1019 2942 1136 2991 saepe.

95 2990 310 3031 BuRMANN.

145 3044 230 3090 679.
262 3044 374 3092 Cursu
385 3042 435 3092 fit
456 3045 589 3081 tardior
610 3044 716 3094 ipsa]
743 3045 804 3082 Illo
824 3052 982 3095 quatuor
1006 3043 1139 3092 scripti.

6 3119 9 3135 ,
88 3090 221 3179 gangim
259 3096 370 3133 etiam
407 3096 496 3132 alter
534 3096 740 3144 Hamburg.
795 3097 833 3133 ὃ(
879 3095 967 3133 alter
1003 3096 1138 3134 Erfurt.

139 3155 300 3182 Ernsrus.

147 3195 233 3244 683.
262 3201 353 3231 Tura
378 3194 511 3244 dedit.]
543 3195 638 3232 Tulit
662 3195 810 3234 mallem
825 3223 834 3240 ,
851 3196 1071 3244 repetitione
1085 3196 1140 3233 fa-

96 3243 229 3282 miliari
250 3247 371 3283 nostro
394 3247 544 3283 Poetae.

144 3295 229 3344 684.
256 3301 509 3347 contemnique
528 3296 689 3351 dalem]
727 3296 980 3346 contemnique
1006 3295 1138 3337 rectius

1967 1738 2224 1795 Luminis

1171 1881 1247 1920 duo
1268 1880 1438 1920 Medicei
1458 1893 1544 1920 cum
1576 1880 1692 1920 altero
1722 1878 2008 1930 Hamburgenfi.
2034 1877 2124 1916 alter
2151 1877 2229 1934 Ero⁴⁵

1172 1935 1362 1978 sumanus,
1391 1931 1651 1982 Contemtique.
1689 1933 1835 1981 HEth.
1890 1930 2086 1982 spernenda
2106 1929 2229 1977 futura

1174 1986 1285 2022 etiam
1307 1984 1479 2022 Francos.

1226 2035 1312 2083 685.
1340 2041 1467 2080 Meque
1486 2033 1635 2084 ipfizm.]
1674 2034 1746 2082 Ipsiz
1782 2034 1888 2071 Prior
1919 2031 2123 2074 Palatinus,
2152 2028 2229 2067 duo

1174 2083 1343 2125 Medicei
1373 2086 1412 2122 &
1435 2086 1511 2124 duo
1535 2086 1605 2122 alii.
1634 2085 1744 2122 reite.
1774 2084 1860 2120 vide
1883 2082 1927 2119 ad
1948 2081 2101 2128 sss.522.
2196 2129 2217 2135 ..

1229 2137 1315 2175 686.
1341 2136 1469 2173 Clarus
1493 2135 1658 2184 Echion]
1701 2141 1853 2182 Magnas
1872 2130 2078 2169 Bafileensls
2100 2130 2139 2167 δί
2158 2128 2233 2166 alu.

1171 2189 1227 2227 >ita
1257 2188 1332 2237 sup.
1354 2199 1436 2237 337·
1467 2193 1620 2235 Magnus
1638 2185 1771 2234 Cinyra
1792 2186 1828 2221 δε
1843 2183 1936 2220 alibi.
1965 2180 2038 2218 vid.
2051 2192 2123 2217 vn.
2144 2179 2232 2226 695·

1177 2252 1270 2277 vm.
1295 2250 1378 2288 371.
1408 2239 1546 2287 Regius
1567 2236 1750 2274 Echionem
1770 2236 1867 2271 hunc
1901 2243 2016 2270 unum
2049 2229 2068 2267 ὲ
2093 2229 2228 2267 Cadmi

1177 2290 1284 2329 sociis
1304 2291 1412 2332 facit,
1441 2290 1504 2338 qui
1535 2296 1764 2326 memoratur
1779 2285 1915 2321 lib.111.
1950 2283 2028 2319 126.
2055 2279 2174 2324 reete,
2202 2279 2231 2318 fi

1179 2341 1393 2378 Atalantam
1413 2338 1633 2376 Boeoticam
1655 2337 1840 2384 capiamus
1862 2348 1874 2377 ;
1902 2331 1962 2369 sed
1989 2343 2072 2387 cum
2097 2329 2234 2387 confu-

1181 2389 1267 2428 diffe
1291 2392 1329 2427 ὃς
1348 2389 1523 2426 Nostrum
1547 2390 1585 2425 δε
1606 2387 1694 2424 alios
1715 2385 1801 2422 duas
1822 2384 2009 2421 Atalantas
2029 2381 2235 2419 viderimus

1176 2441 1256 2488 jam
1275 2439 1377 2486 supra
1392 2467 1402 2482 ‚
1430 2439 1490 2475 hic
1512 2437 1642 2473 Echion
1672 2434 1789 2483 poffet
1824 2433 1975 2482 intelligi
1998 2433 2112 2469 Arcas
2127 2460 2137 2477 ,
2167 2432 2233 2481 qui

1181 2491 1251 2526 fuit
1269 2490 1364 2526 inter
1384 2496 1577 2525 venatores
1589 2486 1682 2534 Apri
1694 2484 1909 2533 Calydonii,
1924 2496 1967 2520 vr
1984 2502 1990 2519 ι
2005 2496 2034 2520 1.
2048 2484 2143 2521 Met.
2156 2494 2229 2532 311.

1181 2540 1219 2577 δε
1242 2539 1305 2588 qui
1325 2539 1421 2577 inter
1441 2540 1672 2586 Argonautas
1693 2544 1918 2573 numeratur.
1946 2534 2080 2572 BURM.

1233 2599 1318 2647 689.
1351 2599 1423 2635 illic
1441 2597 1639 2635 concubinis
1659 2597 1896 2647 intempestiva
1912 2596 2067 2646 cupida]
2098 2594 2231 2644 Cupido

1181 2651 1242 2689 hic
1265 2651 1455 2688 manifeste
1472 2661 1607 2698 genere
1624 2649 1836 2686 foeminino
1851 2650 2001 2696 ponitur
2016 2675 2024 2690 ‚
2037 2646 2138 2695 quod
2151 2647 2238 2684 Ho-

1183 2703 1293 2740 ratius
1311 2699 1492 2750 perpetuo
1528 2699 1744 2738 masculino.
1779 2699 1955 2737 Ceterum
1987 2697 2139 2748 sequens
2160 2709 2240 2736 car-

1186 2763 1298 2791 men:

1241 2821 1393 2866 Occupat
1404 2814 1644 2864 *Hippomenen
1657 2842 1668 2859 ,
1695 2822 1739 2854 ω’
1756 2813 1780 2852 ci
1801 2811 1944 2850 numine
1969 2809 2100 2848 concita
2114 2811 2239 2860 nostro,

1191 2890 1379 2940 Superssue
1400 2888 1534 2933 habet,
1562 2899 1605 2927 ω*
1627 2916 1636 2932 ,
1677 2885 1983 2935 conjunffionem
2002 2913 2012 2930 ‚
2041 2893 2169 2922 contra
2198 2886 2239 2923 &

1192 2942 1333 2980 sensum
1357 2942 1396 2979 &
1418 2941 1588 2978 carminis
1609 2939 1742 2987 legem.
1772 2937 2028 2974 GLAREmus.
2057 2936 2237 2973 Deleatur

1194 2991 1436 3042 praepositio,
1466 2999 1506 3029 ut
1525 3002 1674 3027 carmen
1702 2988 1840 3026 rectum
1875 2986 2031 3024 incedat.
2087 2986 2240 3024 CONST-

1194 3044 1367 3082 FANENS.
1397 3042 1513 3080 Recte
1536 3042 1571 3079 in
1597 3040 1741 3078 vetustis
1762 3037 1882 3076 Codd.
1897 3038 1974 3084 jam
2000 3036 2144 3073 numine
2163 3049 2244 3074 con-

1195 3095 1264 3131 cita
1284 3095 1390 3143 nostro
1406 3122 1416 3138 ‚
1445 3091 1548 3130 erasis
1586 3091 1718 3129 scilicet
1739 3088 2005 3138 conjunctione
2027 3089 2065 3125 ὅ(
2087 3098 2244 3136 praepo·

1195 3145 1350 3189 sitione,
1379 3156 1473 3192 quae
1495 3144 1782 3180 concinnitatem
1799 3138 2027 3187 occupabant
2050 3139 2086 3175 &
2110 3149 2245 3176 nurne-

1193 3208 1288 3233 rum.
1316 3196 1532 3231 B'IAMANG.
1558 3194 1728 3230 Acconis
1779 3194 1816 3228 in
1838 3189 2023 3227 Diatribis.
2083 3189 2124 3226 In
2142 3197 2248 3227 utro-

1194 3258 1267 3294 que
1290 3257 1379 3282 rneo
1408 3246 1445 3282 ὃς
1470 3245 1546 3281 aliis
1572 3244 1821 3286 fidelioribus,
1859 3246 1896 3277 A
1922 3242 2066 3276 numine
2113 3240 2249 3276 concita

1194 3296 1314 3346 nostro.
1341 3297 1434 3346 Quo
1455 3294 1574 3336 modo
1593 3293 1670 3333 fine
1691 3294 1763 3330 ulla
1791 3291 2021 3331 dubitatione
2047 3290 2249 3379 legendum

1681 3344 1840 3384 Aaaaa
1866 3354 1888 3382 2
2176 3344 2248 3381 fei,
