2483 3616
365 172 1614 243 METAMORPHOSEON
1686 174 1807 234 Lm.
1857 179 1953 240 IX.

361 291 607 350 Vertitur
631 288 686 342 in
711 286 949 349 fontem,
987 285 1080 359 qui
1102 302 1246 341 nunc
1274 301 1494 360 quoque
1523 283 1741 340 vallibus
1765 286 1864 342 illis

356 367 573 422 Nomen
600 361 759 416 habet
786 359 1072 424 dominae;
1112 360 1373 433 nigraque
1402 358 1496 415 sub
1520 359 1641 416 ilice
1665 367 1860 416 manat.

2120 189 2215 253 673

665 527 832 574 ΕΑΒ.
901 525 968 573 Χ.
1035 527 1640 575 ARGUMENTUM.

738 657 868 721 Iphis
902 673 960 704 ex
995 656 1196 722 Virgine
1229 658 1277 705 in
1310 656 1527 704 Puerum.

132 798 148 818 ⁸
179 788 382 851 Phaestos
410 788 466 850 est
489 787 681 848 oppidum
705 790 750 835 in
772 787 912 849 insula
937 787 1083 834 Creta.
1149 788 1239 834 Hie
1259 788 1423 851 Ligdus
1457 784 1476 812 ²²
1492 784 1709 849 generosae
1721 785 1898 848 stirpis,
1932 801 1982 834 ac
1996 786 2217 848 praestan·-

72 861 127 906 tis
135 856 268 918 fidei,
305 870 397 901 cum
414 854 596 914 petiiffet
618 855 645 898 a
672 850 894 916 Telethusa
920 853 1113 915 conjuge,
1148 864 1198 899 ut
1220 887 1235 913 ‚
1271 857 1316 914 st
1339 854 1526 914 puellam
1548 861 1751 913 pareret,
1786 861 1983 909 necaret3
2018 855 2088 912 cfi
2115 866 2219 911 pue-

70 938 163 972 rum
186 932 355 979 autem,
378 917 560 980 sobolem
579 920 751 978 patriae
772 916 966 978 servaret
978 938 995 973 3
1033 918 1089 969 ξς)
1114 928 1286 980 uterque
1321 914 1339 941 ‘¹
1354 931 1434 978 pro
1459 916 1556 979 casu
1570 917 1728 979 futuro
1749 919 1957 976 lacrymas
1972 917 2219 977 ‘dedifflent‚

70 997 205 1036 mater
227 987 420 1046 nequiens
451 981 467 1008 f
486 982 656 1045 adferre
682 999 830 1031 manus
843 984 998 1046 filiae,
1046 983 1197 1041 Ifidem
1222 986 1267 1029 in
1301 985 1427 1030 malis
1459 983 1611 1029 habuit
1646 985 1837 1029 auxilio:
1872 981 1988 1042 cujus
2022 983 2224 1042 pollicitis

73 1055 147 1100 illa
179 1056 197 1084 Β
221 1050 429 1112 infantem
447 1062 525 1109 pro
541 1050 874 1109 puero‚a'ecepto
890 1057 1017 1109 patre
1031 1048 1126 1108 filii
1153 1051 1338 1109 opinione
1361 1082 1377 1107 ,
1414 1050 1621 1095 nutrivit.
1693 1045 1711 1072 ¹¹
1746 1049 1953 1110 Namque
1988 1062 2081 1093 cum
2103 1055 2224 1092 aetas

70 1129 240 1165 matura
262 1118 422 1175 nuptiis
441 1115 711 1176 inereviſjet‚
745 1114 856 1161 nihil
877 1109 1100 1175 suspicans
1129 1124 1260 1173 pater
1282 1146 1298 1171 ‚
1346 1114 1561 1175 obstribtus
1586 1112 1677 1173 fide
1702 1112 1881 1174 conjugis
1907 1147 1924 1171 ,
1959 1110 2146 1159 Ianthen
2172 1127 2224 1156 ex

72 1182 218 1243 Teleste
254 1183 442 1243 genitam
488 1178 497 1205 i
528 1179 754 1241 despondit.
819 1176 838 1204 k
873 1180 973 1246 Qi
1017 1180 1129 1224 inter
1159 1177 1210 1240 se
1245 1194 1338 1226 cum
1366 1181 1500 1240 gravi
1524 1194 1665 1225 amore
1689 1188 2011 1238 premerentur,
2038 1177 2224 1222 maxime

73 1248 190 1307 Iphis
247 1245 351 1307 (hoc
376 1247 489 1291 enim
507 1255 636 1305 pater
668 1247 830 1291 nomine
865 1247 946 1290 avi
980 1260 1073 1290 eum
1096 1247 1245 1290 vocari
1281 1243 1511 1301 voluerat)
1548 1241 1556 1267 ¹
1580 1243 1820 1303 trepidante
1844 1258 1934 1304 ergo
1958 1251 2102 1288 matre
2125 1273 2141 1298 ‚
2173 1255 2225 1286 ne

71 1311 187 1373 Iphis
220 1316 247 1334 ¹¹¹
264 1312 408 1371 puella
431 1326 523 1356 cum
542 1309 727 1370 infamia
749 1313 1029 1370 reperiretur,
1063 1309 1208 1357 eadem
1233 1310 1310 1356 dea
1327 1307 1426 1369 fuit
1449 1309 1626 1355 auxilio.
1670 1313 1693 1335 ⁸
1715 1310 1842 1356 Nam
1865 1318 1914 1353 ut
1940 1309 2040 1353 totis
2064 1307 2228 1366 nuptiis.

60 1376 210 1440 jugari
222 1377 413 1437 poffent‚
450 1374 579 1436 Iphin
601 1377 646 1421 in
662 1389 842 1436 puerum
864 1374 1212 1436 transfiguravit.

73 1598 119 1626 na
130 1614 140 1631 ,
153 1598 240 1637 quae
253 1585 461 1637 prociderat,
473 1587 597 1634 refee‘ta
618 1586 702 1636 effer.
760 1585 885 1623 incidis
901 1587 1007 1635 prim.
1020 1585 1119 1625 Gro-

74 1649 164 1675 nOV.
183 1649 249 1685 pro
268 1637 368 1686 Bybli
384 1638 496 1686 jaces,
518 1649 612 1676 unus
635 1638 774 1676 Medic.
799 1648 888 1674 taces
901 1666 910 1682 ,
926 1649 1012 1675 nam
1028 1650 1118 1676 mox

74 1688 234 1738 sequitur
250 1716 260 1732 ,
285 1694 393 1724 Muta
410 1689 517 1737 jacet.
570 1688 716 1727 Hzms.

126 1739 212 1787 651.
239 1744 337 1788 Saepe
368 1738 482 1776 illam.
510 1739 525 1789 ]
581 1739 701 1777 Etiam
721 1739 756 1778 S.
785 1740 930 1784 Marci,
961 1739 1120 1788 Neapol.

74 1788 141 1827 sec.
167 1789 305 1827 Medic.
327 1789 535 1840 Cantabrig.
555 1791 593 1828 δε
615 1790 754 1840 septem
770 1791 828 1828 alii
851 1801 937 1829 cum
954 1790 1123 1839 Spirenfi.

78 1840 292 1879 Hsmsms.

127 1892 213 1940 652.
240 1897 284 1928 Ut
307 1889 487 1928 medeatur
507 1891 657 1940 amori.]
705 1892 902 1930 Mederetur
925 1892 1033 1930 multi
1060 1904 1125 1930 ve·

75 1948 169 1980 teres
190 1951 316 1980 contra
336 1950 509 1981 metrum.
537 1943 596 1980 sed
616 1943 810 1981 mederetur
829 1945 924 1982 bene
936 1945 1043 1992 prim.
1057 1944 1125 1982 Pa-

0 2027 1 2045 *
80 1993 142 2032 lat.
162 1994 269 2041 prim.
291 1993 461 2031 Vatican.
489 1994 698 2043 Cantabrig.
726 2004 808 2033 tert.
829 1995 968 2032 Medic.
994 1995 1124 2032 Oxon.

81 2044 190 2091 prim.
209 2043 413 2091 Hamburg.
436 2046 474 2082 &
493 2045 551 2082 alii
575 2047 793 2094 complures.
824 2047 968 2084 Hiems.

134 2093 220 2141 653.
249 2092 472 2143 Adhibent]
503 2095 652 2132 Dabam
684 2097 856 2134 Gronov.
877 2097 1015 2133 addunt
1038 2096 1126 2134 duo.

135 2142 220 2192 654.
250 2149 357 2180 Muta
370 2144 502 2194 jacen]
558 2151 659 2183 Tacet
692 2148 841 2186 Bonon.
865 2149 902 2185 ὃς
925 2147 1066 2186 Medic.
1087 2155 1129 2186 ut

85 2193 147 2233 lib.
165 2206 200 2231 x.
222 2193 306 2243 389.
335 2199 443 2230 Muta
464 2195 542 2244 filet
563 2197 670 2244 virgo.

136 2245 221 2292 654.
249 2250 350 2281 Tenet
371 2245 540 2292 unguibus
559 2246 717 2299 herbas.]
769 2248 863 2287 Terit
883 2256 1043 2301 quatuor
1064 2261 1132 2288 ve-

85 2303 192 2335 teres.
219 2295 325 2332 bene.
354 2295 501 2333 Herm.

138 2348 224 2395 659.
254 2345 458 2401 Bitumen.]
512 2347 573 2385 De
603 2347 784 2387 bitumine
814 2350 905 2388 Plin.
928 2351 992 2389 lib.
1019 2363 1132 2389 xxxv.

90 2409 167 2445 cap.
198 2410 254 2444 15.
284 2400 330 2433 Et
350 2397 543 2434 Bttuminis
560 2398 683 2436 vicina
710 2400 884 2448 (inquit)
913 2402 956 2448 est
975 2413 1106 2438 natura
1121 2429 1132 2446 ,

92 2447 176 2485 alibi
194 2447 320 2492 limus,
348 2446 435 2484 alibi
456 2459 562 2485 terra.
590 2448 710 2486 Limus
731 2449 756 2485 a
782 2451 946 2494 Judaeae
964 2452 1066 2495 lacu,
1094 2461 1135 2488 ut

93 2498 248 2535 diximus
263 2525 271 2540 ‚
306 2511 476 2546 emergens
491 2527 503 2544 ,
541 2509 637 2535 terra
658 2499 696 2535 in
717 2500 816 2548 Syria
834 2499 923 2536 circa
951 2501 1134 2546 Sidonem,

92 2549 246 2598 oppidum
265 2549 499 2587 maritimum.
543 2549 733 2599 Spiſjantur
763 2549 845 2587 haec
872 2562 1021 2601 utraque
1038 2551 1138 2590 &in

96 2598 296 2649 densttatem
317 2603 449 2638 co'e'unt.
475 2601 652 2644 Mrcrtt.
1012 2631 1024 2639 .

143 2652 229 2690 660.
255 2650 324 2688 Sub
353 2651 591 2701 adventum]
625 2651 801 2690 Adventu
829 2651 977 2701 plurimi
1008 2651 1141 2701 scripti.

99 2702 172 2740 vid.
198 2702 244 2741 ad
269 2701 379 2751 Epist.
402 2714 481 2740 xix.
505 2715 588 2752 195.

148 2753 232 2791 661.
260 2753 540 2802 Qaefrigore]
571 2756 656 2802 {Qua
676 2753 820 2791 Medic.

149 2803 235 2853 663.
263 2804 416 2840 Vertitur
435 2804 474 2841 in
489 2805 662 2855 sontem.]
701 2804 781 2842 Art.
810 2816 842 2843 1.
871 2804 956 2854 283.
984 2805 1034 2842 ait
1055 2815 1137 2842 eam

99 2853 233 2904 laqueo
256 2854 368 2891 vitam
394 2853 528 2892 finiffe:

150 2903 298 2955 Byblida
317 2904 402 2952 quid
420 2906 566 2952 reseram
579 2916 595 2944 ,θ
622 2906 732 2943 vetito
753 2919 841 2957 quae
852 2906 982 2953 fratris
1002 2919 1119 2943 amore

201 2953 303 3004 Arsit
316 2982 327 2999 ‚
353 2965 395 2994 (φ
417 2955 459 3002 est
475 2956 594 3007 laqueo
603 2957 748 3005 fortiter
769 2957 846 2995 ulta
873 2962 982 3005 nefas.

103 3017 243 3059 Eadem
264 3021 302 3058 in
319 3019 496 3057 sententia
516 3021 596 3058 sunt
615 3021 774 3064 Graeci,
803 3022 896 3058 inter
913 3033 1006 3069 quos
1018 3020 1144 3058 Eusta-

103 3071 197 3110 thius
217 3073 255 3109 in
273 3070 432 3119 Dionys.
450 3069 495 3107 de
519 3071 598 3109 Situ
620 3071 741 3109 Orbis.
772 3071 942 3108 CxorAN.
978 3072 1142 3109 Antoni-

102 3131 169 3159 nus
189 3122 363 3160 Liberalis
382 3132 460 3168 cap.
486 3132 571 3157 xxx.
601 3122 641 3159 in
670 3122 973 3171 Hamadryadem
1000 3121 1102 3159 fuisse
1124 3121 1145 3158 ὲ

105 3171 289 3221 Nymphis
307 3200 318 3216 ‚
357 3172 492 3210 sortem
513 3170 590 3219 ejus
617 3169 892 3215 miserantibus,
923 3184 1008 3210 cum
1044 3173 1077 3209 se
1101 3184 1146 3210 ex

105 3221 253 3270 scopulo
274 3222 384 3260 vellet
403 3222 641 3271 praecipitem
654 3221 739 3257 dare
754 3248 762 3261 .
777 3230 956 3259 mutatam
970 3250 981 3267 ,
1011 3223 1048 3259 δε
1061 3224 1147 3259 fon-

107 3278 182 3309 tem
204 3285 248 3311 ex
265 3273 349 3310 saxo
373 3280 611 3314 manantem,
650 3269 785 3307 dictam
804 3270 952 3315 δάκρυον
973 3271 1149 3316 Βέβ).ιὲος.

108 3321 246 3364 Conon
278 3324 419 3362 Narrat.
441 3335 476 3361 2.
503 3323 617 3361 etiam
642 3321 778 3370 laqueo
808 3331 854 3357 ex
886 3322 994 3359 Nuce
1023 3321 1057 3358 se
1079 3320 1152 3358 sus-

2065 1433 2226 1489 Fama

1174 1581 1336 1634 pendiffe
1356 1584 1428 1629 ait.
1444 1583 1507 1633 qui
1526 1584 1564 1622 δε
1590 1583 1763 1622 Caunum
1778 1588 1990 1631 correptum
2014 1590 2142 1618 amore
2153 1579 2231 1629 By-

1175 1636 1376 1679 blidis,nec
1393 1633 1550 1683 potuisse
1572 1647 1613 1672 ea
1626 1635 1736 1682 potiri
1753 1641 1883 1672 narrat.
1911 1631 2066 1670 diversas
2084 1631 2232 1669 senten-

1176 1688 1241 1725 tias
1264 1687 1374 1724 refert
1394 1686 1562 1723 Parthen.
1588 1686 1689 1724 Erot.
1711 1697 1742 1723 c.
1760 1697 1814 1722 xx.
1838 1684 1876 1722 δε
1897 1683 1942 1720 ad
1961 1693 2140 1732 quercum
2154 1681 2232 1719 col-

1174 1737 1255 1776 lum
1279 1735 1481 1775 innexuiffe
1504 1735 1668 1785 Byblida.
1715 1735 1849 1773 Noster
1875 1733 1920 1772 ad
1942 1733 2065 1771 ilicem
2084 1731 2230 1770 videtur

1180 1786 1363 1826 censuisse.
1388 1788 1483 1825 forte
1505 1787 1687 1836 suspendit
1705 1786 1740 1824 se
1758 1787 1855 1835 prius
1878 1784 1923 1824 ad
1935 1785 2057 1823 ilicem
2071 1811 2082 1829 ‚
2111 1783 2150 1820 &
2172 1783 2233 1820 in-

1180 1839 1225 1878 de
1245 1838 1395 1877 delicuit
1415 1839 1451 1875 in
1471 1838 1631 1875 fontem.
1660 1837 1793 1875 Bunm.

1234 1890 1318 1939 663.
1348 1887 1502 1926 Vallibus
1533 1888 1643 1938 illis.]
1700 1888 1785 1924 Imis
1810 1887 1917 1936 prim.
1949 1884 2122 1923 Ambros.
2157 1882 2233 1921 duo

1181 1941 1344 1984 Moreti,
1368 1940 1548 1978 Arondel.
1572 1940 1661 1977 alter
1691 1938 1901 1987 Hamburg.
1929 1937 1968 1975 δε
1997 1947 2091 1975 unus
2117 1945 2235 1974 meus.

1180 1991 1273 2030 libro
1294 2003 1348 2029 vt.
1377 2002 1459 2040 343.
1776 1995 1779 1998 '

1234 2049 1332 2079 Forte
1351 2042 1466 2079 lacum
1488 2041 1636 2079 melioris
1656 2054 1768 2088 aquae
1784 2039 1954 2091 prospexit
1972 2039 2013 2076 in
2034 2037 2118 2076 imis

1235 2093 1400 2130 Vallibus.
1430 2093 1580 2134 Hnms.

1183 2144 1272 2183 Vid.
1292 2145 1383 2194 supr.
1403 2143 1449 2182 ad
1472 2144 1562 2182 vers.
1587 2154 1670 2191 297.
1688 2141 1822 2191 finibus
1843 2139 1914 2179 illis
1935 2139 2089 2179 Palatin.
2107 2136 2233 2176 &duo

1184 2195 1255 2233 alii.

1237 2268 1253 2286 ³
1282 2259 1477 2310 Phaestos.]
1519 2259 1660 2297 Colon.
1680 2259 1728 2297 ita
1746 2255 2029 2304 incipit‚Ly5lus
2051 2248 2237 2288 Thelethu-

1179 2312 1242 2360 sae
1260 2312 1434 2357 maritus,
1453 2311 1558 2360 stirpe
1584 2310 1723 2361 quidem
1742 2305 1898 2361 ignobilis
1922 2333 1931 2349 ,
1960 2305 2022 2352 sed
2040 2302 2113 2350 fide
2136 2310 2238 2351 praef

1179 2361 1410 2410 stantiffi'mus
1428 2375 1528 2406 cum,
1556 2372 1627 2401 erc.
1683 2361 1807 2408 Lyttus
1828 2365 1940 2393 etiam
1961 2357 2119 2393 Raener.

1241 2412 1259 2438 b
1286 2415 1469 2460 Generosae
1482 2410 1641 2459 stirpis.']
1671 2406 1828 2456 Generofi
1843 2406 1957 2443 animi
1975 2407 2134 2443 Raener.

1241 2470 1257 2489 ‘³
1285 2463 1320 2499 si
1335 2472 1483 2512 puerum
1503 2472 1576 2500 επ.
1586 2458 1789 2509 ftrvaret.]
1819 2455 1963 2495 Omiffa
1981 2457 2074 2494 haec
2102 2455 2140 2492 in
2161 2453 2239 2492 Co-

1187 2511 1266 2549 lon.

1242 2560 1262 2588 d
1290 2568 1354 2599 Pro
1374 2561 1492 2613 casia]
1523 2566 1616 2599 Cum
1639 2569 1700 2610 pro
1721 2559 1799 2609 casu
1818 2559 1940 2597 Parm.
1961 2555 2084 2606 Lugd.
2106 2553 2242 2604 Micyl.

1195 2613 1352 2650 Raener.

1248 2671 1265 2690 e
1293 2661 1509 2714 Dediffent]
1542 2661 1692 2712 Dedtffit
1719 2662 1857 2700 Colon.

1245 2712 1261 2740 f
1285 2713 1423 2763 Afferre
1441 2713 1606 2763 manus]
1637 2713 1691 2751 Ita
1711 2713 1792 2750 MS.
1818 2711 1912 2750 Edd.
1933 2710 2072 2755 inferre.
2093 2708 2242 2745 Petron.

1196 2765 1401 2813 Attuhſjem
1429 2764 1519 2802 mihi
1543 2764 1736 2801 damnatus
1759 2776 1897 2801 manus.
1934 2764 2063 2810 Nepos
2098 2759 2135 2797 T
2139 2756 2244 2795 irnol.

1197 2828 1277 2864 cap.
1300 2828 1331 2853 1.
1370 2816 1438 2863 Ipse
1466 2828 1535 2853 non
1565 2814 1663 2852 modo
1693 2827 1822 2851 manus
1848 2826 1916 2850 non
1946 2811 2092 2854 attulit,
2114 2808 2176 2865 sfd.
2203 2818 2244 2841 ne

1198 2866 1341 2914 aspicere
1357 2866 1497 2913 quidem
1507 2867 1712 2913 fraternum
1728 2865 1935 2914 sanguinem
1956 2862 2081 2898 voluit.
2121 2860 2242 2913 [priam-

1198 2913 1319 2966 afferre
1345 2917 1423 2953 vim
1458 2929 1525 2965 pro
1555 2917 1682 2964 inferre
1713 2916 1930 2953 restituimus
1966 2913 2050 2950 huic
2081 2909 2244 2954 scriptorl

1201 2968 1284 3005 Lib.
1301 2979 1381 3015 1.9.
1406 2968 1442 3004 δε
1463 2980 1511 3013 11,
1533 2966 1567 3005 8.
1596 2968 1817 3005 Musicani.
1849 2967 1976 3011 Jnferre
1996 2953 2245 3014 ParmLUgd·

1200 3019 1344 3067 Micyll.
1374 3018 1530 3056 Raener.
1584 3024 1705 3055 Afater
1735 3031 1777 3053 ne
1798 3015 1916 3062 filiam
1939 3005 2242 3063 morti-traderet,

1204 3067 1324 3118 Jfidem
1342 3069 1442 3107 deam
1484 3070 1585 3106 ποθέω
1612 3071 1641 3107 ei
1665 3077 1881 3118 apparentem
1912 3065 2178 3109 Aegyptiorum,
2205 3066 2245 3091 m

1203 3120 1307 3158 matis
1333 3119 1369 3157 h.
1395 3133 1430 3156 a.
1459 3120 1596 3157 Colon.

1254 3179 1272 3207 g
1303 3170 1519 3219 Infantem.]
1549 3169 1706 3206 Puellam
1727 3167 1898 3209 infantem
1922 3158 2058 3196 Colon.
2166 3207 2172 3213 ι
2194 3205 2202 3212 .

1256 3221 1274 3247 h
1303 3227 1466 3267 Namque
1489 3219 1604 3267 cum.]
1627 3225 1748 3265 Itaque
1765 3227 1841 3250 cum
1862 3221 1957 3248 aetas
1976 3218 2105 3246 omnes
2116 3205 2218 3245 edltl.

1257 3268 1267 3295 ἶ
1296 3269 1520 3317 Despondit]
1550 3266 1736 3315 Despondit
1749 3264 1825 3310 filio
1848 3261 1984 3298 Colon.

1256 3319 1275 3346 k
1304 3318 1378 3366 §kei
1397 3318 1515 3367 cum.]
1545 3316 1683 3366 Qibus
1700 3312 1841 3361 interse
1861 3312 1947 3349 dum
1961 3338 1971 3357 ,
1988 3310 2062 3348 &Q
2090 3308 2250 3347 Raener.

1678 3366 1821 3413 Qqqq
1848 3374 1868 3400 2
2194 3357 2256 3408 qui
