2483 3616
8 3154 16 3224 i

13 3231 17 3244 .

358 193 1566 258 ME'TAMORPHOSEON
1634 200 1991 266 LmXIV.

2106 225 2210 283 937.

255 317 325 383 *65
363 313 628 369 Cerberos
650 307 809 365 rif'tus
833 326 933 382 pro
956 311 1188 384 partibus
1214 313 1414 368 invenit
1446 313 1557 368 illis.

364 386 584 454 Statque
607 398 799 437 canum
824 382 990 439 rabies
1016 403 1028 438 :
1069 386 1399 457 subjectaque
1423 399 1570 457 terga
1595 387 1827 444 ferarum

363 453 667 526 Inguinibus
692 456 921 522 trunciS,
956 470 1220 529 uteroque
1245 461 1507 521 exstante,
1546 461 1849 517 cohaerent.

653 629 821 677 ΕΑΒ.

887 630 966 676 ΙΙ.
1022 632 1620 679 ARGUMENTUM.

910 753 1084 801 Eadem
1116 755 1165 801 in
1196 752 1367 801 saxum.

136 897 152 918 ⁸
183 893 322 940 Docet
346 894 530 941 eamdem
555 895 736 955 Scyllam
754 893 1114 956 ¹trcmsformatam
1136 897 1210 956 eff}
1233 899 1277 942 in
1288 895 1475 958 fhxum,
1510 911 1557 942 ne
1580 894 1772 956 AEneae,
1794 898 2020 959 naviganti
2042 897 2086 944 in
2107 895 2206 954 Ita-ff

68 958 203 1019 tiam,
237 975 376 1007 nocere
388 961 536 1021 pfft.

466 1105 625 1159 Levit
650 1121 825 1159 amans
853 1103 1089 1159 Glaucus
1116 1123 1127 1158 :

1168 1101 1500 1177 nimiumque
1522 1103 1780 1161 hostiliter
1804 1107 1920 1162 usa-e

477 1177 689 1233 Viribus
715 1177 997 1230 herbarum
1023 1178 1159 1247 fugit
1187 1178 1449 1230 connubia
1476 1177 1676 1233 Circes,

249 1267 319 1317 70
357 1251 525 1323 Scylla
546 1250 668 1303 loco
693 1248 875 1303 mansit
902 1267 913 1302 :
953 1267 1187 1321 cumque
1221 1248 1296 1301 est
1320 1249 1440 1302 data
1465 1251 1616 1322 copia
1644 1252 1901 1323 primum,

361 1322 419 1377 In
446 1321 632 1376 Circes
663 1321 850 1375 odium
877 1321 1028 1375 sociis
1054 1321 1292 1393 spoliavit
1322 1321 1527 1375 Ulixen.

358 1394 503 1449 Mox
526 1394 712 1447 eadem
740 1393 978 1446 Teucras
1003 1393 1172 1448 fuerat
1200 1394 1428 1447 mersura
1454 1393 1682 1455 carina83

363 1467 433 1520 Ni
460 1466 601 1538 prius
626 1465 680 1518 in
708 1464 1009 1536 scopulum,
1046 1467 1137 1538 qui
1162 1483 1303 1520 nunc
1328 1483 1544 1537 quoque
1567 1465 1746 1521 saxeus
1774 1466 1966 1533 exstat,

354 1537 767 1605 ''Transformata
793 1537 950 1594 foret.
986 1538 1259 1612 scopulum
1286 1555 1504 1612 quoque
1531 1540 1703 1595 navita
1727 1540 1873 1595 vitat.

65 1749 143 1789 ⁴sec.
168 1750 279 1789 Paiat.
309 1750 439 1788 Oxon.
471 1749 510 1788 &
535 1747 596 1788 sex
619 1749 707 1790 aiiis.
734 1747 804 1794 fic,
834 1748 1109 1798 monstriferum,

71 1800 299 1847 horriferum,
330 1802 368 1838 &
388 1800 515 1839 similia
531 1801 628 1849 apud
649 1802 834 1840 Nostrum.
863 1802 1007 1839 Hfims.

127 1853 184 1899 56.
211 1851 380 1898 Hicfufhs
400 1850 517 1887 latices
533 1852 647 1889 radice
666 1852 798 1889 nocenti
810 1851 981 1901 spargit]
1013 1852 1110 1889 Om-

75 1912 139 1939 nes
159 1901 239 1940 libri
269 1902 410 1950 scripti,
449 1901 516 1938 Hic
536 1902 653 1951 preffirs
682 1903 809 1939 latices.
839 1904 1004 1940 CIOFAN.
1035 1901 1113 1952 Fufi

76 1950 192 1988 latices
216 1953 249 1990 S.
274 1952 392 1989 Marci
417 1977 425 1991 .
466 1952 564 1999 fusos
589 1961 670 1990 tert.
699 1953 843 1990 Bonon.
874 1953 963 1990 alter
993 1953 1111 1989 Ham-

73 1999 178 2046 burg.
196 2002 233 2038 δί
254 2003 357 2048 prim.
375 2001 544 2039 Gronov.
557 2001 669 2052 sparsi
686 2004 824 2039 venenis
836 2003 1013 2050 Gorgoneis
1032 2003 1109 2039 tha-

79 2048 169 2085 lami
199 2050 293 2097 apud
323 2051 512 2089 claudian.
540 2065 594 2090 1v.
629 2053 738 2090 Cons.
770 2054 873 2089 Hon.
901 2054 957 2102 36.
996 2052 1113 2090 latices

73 2097 179 2147 preffiz
206 2111 297 2137 unus
324 2100 425 2137 Basil.
453 2112 517 2147 pro
544 2102 622 2147 hic,
659 2115 751 2141 unus
771 2104 939 2140 Gronov.
961 2103 999 2140 &
1019 2112 1111 2148 tres,

77 2147 171 2186 hinc.
197 2149 262 2185 huc
282 2150 385 2197 prim.
404 2150 541 2188 Moret.
559 2153 598 2189 &
616 2155 724 2202 prim.
744 2153 890 2192 Bonon.
910 2152 975 2190 hac
996 2153 1111 2203 Thys.

78 2198 200 2242 Puto,
230 2198 323 2235 huic.
351 2200 496 2237 Hiams.

129 2250 187 2297 56.
215 2249 382 2292 Nocenti,
409 2249 544 2286 Recenti
562 2251 728 2292 Leidens.
750 2265 854 2292 unUS.

76 2310 185 2388 H57.
213 2303 259 2336 Et
287 2299 499 2349 obscurum]
538 2301 698 2350 Obscura.
724 2305 853 2342 Urbin.
877 2304 916 2342 &
949 2303 1024 2342 duo
1041 2304 1114 2343 alii.

122 2362 221 2387 ems.

127 2400 185 2449 58.
210 2400 504 2450 Demurmurat.]
541 2407 615 2438 Dea
641 2412 843 2441 murmurat
861 2396 966 2442 Voff.
985 2405 1022 2442 &
1042 2404 1115 2442 Ar-

70 2458 173 2500 gent.
188 2450 273 2486 dum
290 2462 491 2487 murmurat
509 2452 609 2490 alius.

128 2513 186 2549 59.
215 2500 401 2550 Mediaque
432 2512 529 2538 tenus
564 2502 778 2543 descenderat
810 2501 933 2552 alvo]
972 2502 1014 2539 In
1037 2515 1113 2540 uno

0 2575 1 2578 =
74 2562 186 2594 meo,
216 2556 434 2601 Pontumque
453 2552 551 2599 subit
579 2552 693 2589 media
711 2562 808 2589 tenus
822 2552 915 2588 alvo.
945 2552 1113 2591 CIOFAN.

75 2601 294 2649 mediamque
310 2612 336 2638 t.
359 2602 528 2649 descendit
545 2603 582 2640 in
603 2602 729 2640 alvum
751 2603 868 2641 Gron.
892 2603 930 2640 δί
951 2610 1020 2640 tres
1041 2603 1113 2641 alii.

0 2642 3 2658 ³
79 2652 130 2689 ad
151 2651 277 2688 alvum
297 2660 468 2699 quatuor.

125 2705 185 2740 60.
212 2701 440 2738 Latrantibus
459 2702 604 2752 inguina
622 2702 814 2752 monstris]
844 2704 933 2741 Hoc
950 2703 1111 2741 hemisti-

74 2753 199 2791 chium
220 2752 326 2790 habes
346 2763 497 2801 quoque
519 2755 555 2791 in
576 2754 651 2791 Ciri
670 2754 866 2803 Virgiliana
889 2765 979 2791 vers.
1001 2755 1112 2802 59.in

73 2815 152 2841 uno
176 2802 362 2840 ssafiieenfi
390 2812 465 2840 erat
483 2832 494 2849 ,
533 2803 747 2840 latrantibus
769 2804 836 2852 ing.
859 2804 986 2843 raucis.
1000 2814 1039 2841 ut
1058 2805 1113 2840 la-

71 2863 208 2891 trantes
228 2864 293 2897 pro
316 2853 483 2898 canibus,
511 2853 571 2891 lib.
590 2866 679 2892 vm.
706 2865 784 2901 344.
803 2856 841 2891 ὃς
864 2866 946 2900 412.
965 2854 1110 2893 Hms.

128 2905 188 2952 63.
215 2905 309 2950 Qos
328 2903 463 2953 fugit.]
493 2906 592 2951 Qas
622 2904 697 2942 duo
720 2912 869 2942 veteres.
892 2903 1030 2942 dictum
1051 2905 1113 2942 lib.

75 2966 138 2992 111.
172 2965 252 2999 140.
282 2963 383 2989 mox.
411 2957 456 2989 Et
469 2963 583 3002 partes
602 2968 764 3003 quaerens
778 2982 786 2998 ,
819 2966 895 2991 non
913 2963 1025 3003 corpus
1043 2963 1114 2993 tres

75 3004 206 3051 scripti.
236 3003 352 3039 IDEM.
381 3003 482 3051 Lege
505 3015 592 3040 meo
622 3005 806 3052 periculo,
836 3005 898 3052 sed
920 3005 1114 3055 quaesugit

74 3053 229 3091 attrahit
248 3065 305 3089 ora
320 3080 330 3096 ‚
357 3063 468 3100 quarn
487 3052 685 3090 lectionem
699 3081 709 3096 ,
736 3063 775 3092 ut
787 3055 890 3101 spero
904 3083 915 3099 ,
941 3067 1018 3093 non
1029 3067 1114 3093 om-

8 3134 9 3139 ,
79 3105 170 3142 nino
194 3111 436 3141 contemnent
455 3103 502 3145 ii,
530 3104 593 3151 qui
616 3104 774 3139 nitorem
797 3105 1025 3143 &solemnes
1039 3107 1114 3143 Na-

79 3154 174 3192 sonis
186 3154 418 3201 repetitiones
429 3161 565 3190 norunt
579 3153 616 3189 ὅ(
628 3161 764 3189 amant.
793 3153 1114 3204 Sanppm.apud

82 3204 179 3241 Tan.
199 3203 282 3240 Fab.
311 3203 371 3240 lib.
393 3215 438 3239 11.
468 3203 534 3250 Ep.
555 3214 614 3248 71.
640 3203 738 3240 muna
770 3205 954 3241 necessitas
987 3214 1116 3243 contra

15 3257 19 3311 Ὗ.
84 3253 227 3292 codices
249 3253 385 3302 aliquid
405 3253 582 3290 novandi.

132 3302 362 3390 66.TStatque
388 3315 515 3343 canum
532 3300 679 3352 rabien]
708 3307 878 3352 stantque
893 3303 999 3357 prim.
1021 3303 1120 3352 Gr03

220 3365 284 3393 om.
310 3359 356 3393 ΙΙ.
586 3359 590 3362 ’

2055 1611 2208 1668 Fan.

1166 1761 1257 1789 nov.
1280 1749 1390 1790 Latet
1418 1751 1610 1790 mendum.
1646 1750 1781 1795 Forte,
1819 1756 1962 1800 statque
1993 1760 2120 1786 canum
2149 1752 2211 1786 ναι·

1168 1801 1220 1839 bie
1258 1802 1332 1839 hoc
1360 1801 1430 1846 est,
1457 1803 1648 1840 inferiores
1681 1810 1795 1849 partes
1817 1830 1827 1846 ,
1868 1803 2010 1839 femora
2040 1811 2178 1848 nempe
2197 1827 2210 1845 ,

1170 1864 1269 1890 crura
1300 1853 1337 1889 ὃ(
1360 1852 1467 1900 pedes
1488 1854 1522 1889 in
1545 1865 1676 1890 canum
1700 1852 1834 1889 rabiem
1862 1857 2058 1889 mutantur.
2086 1849 2211 1898 postea

1167 1915 1232 1951 pro
1254 1906 1396 1946 coercet,
1427 1903 1595 1941 Cantabr.
1616 1904 1652 1940 ὃ(
1675 1914 1765 1940 unus
1788 1901 1890 1940 Voss.
1907 1904 2066 1937 co'e'rcent.
2094 1900 2211 1937 cohae-

1167 1964 1217 1991 ret
1251 1965 1343 1990 unus
1373 1953 1491 1990 PataV.
1521 1955 1558 1990 ὅ(
1584 1954 1696 2001 Juret.
1717 1952 1861 1996 Scribe,
1889 1950 2078 1988 cohaerent.
2100 1960 2211 1999 atque

1168 2005 1217 2041 ita
1248 2003 1335 2040 alter
1356 2003 1561 2052 Hamburg.
1582 2003 1714 2041 Noster
1734 2003 1806 2052 ipse
1826 2003 1960 2039 Amor.
1982 2001 2042 2039 lib.
2062 2014 2088 2039 1.
2108 2001 2211 2049 Eleg.

1168 2066 1224 2092 ιν.

1220 2122 1292 2153 Nec
1319 2116 1408 2153 mihi
1434 2114 1524 2163 silva
1545 2116 1689 2154 domus:
1711 2128 1769 2152 nee
1789 2128 1870 2165 equo
1889 2127 1965 2152 mea
1984 2112 2138 2151 membra
2158 2125 2210 2159 cof

1345 2166 1496 2203 haerent.

1166 2216 1312 2259 Heius.
1341 2218 1532 2254 cohaerent
1553 2217 1662 2254 etiarn
1684 2215 1852 2253 Francof.

1219 2287 1234 2305 ³
1260 2278 1407 2328 Docet.]
1440 2285 1542 2315 Docet
1554 2277 1682 2325 fabula
1703 2277 1839 2315 Colon.
1866 2287 1960 2326 quae
1980 2275 2120 2314 fabulae
2138 2276 2211 2324 pri⁴²

1168 2341 1253 2366 mae
1276 2338 1494 2377 argumento
1519 2328 1720 2367 connectit.

1220 2379 1280 2416 68.
1307 2380 1536 2428 Nimiumque
1558 2377 1760 2428 hostilium]
1797 2377 1950 2415 Viriliter
1969 2387 2061 2415 unus
2080 2375 2212 2414 Heins.

1170 2429 1305 2467 utiliter
1324 2429 1497 2466 Ambros.

1221 2490 1279 2525 71.
1305 2479 1478 2527 Ulixem.)
1508 2478 1631 2515 Ulixen
1649 2478 1829 2516 meliores.
1858 2477 2004 2515 HEms.

1191 2538 1287 2616 l72.¹
1306 2535 1394 2566 Mox
1421 2529 1577 2579 eadem.]
1618 2535 1770 2578 Moxque
1798 2529 1967 2566 Francof.
1996 2529 2034 2566 δί
2055 2527 2208 2577 quidam

1169 2590 1188 2616 a
1204 2592 1241 2617 ιι.

1220 2640 1279 2676 73.
1307 2629 1358 2666 Ni
1372 2627 1738 2678 priusinscopulum.]
1768 2628 1956 2677 Scyllaeum
1969 2628 2079 2672 dicit,
2105 2628 2210 2676 quod

1166 2681 1216 2718 ita
1252 2680 1472 2728 appeliatum
1509 2680 1557 2716 ait
1597 2680 1794 2726 Procopius
1821 2681 1858 2717 in
1888 2681 1995 2717 tertio
2030 2679 2076 2716 de
2106 2679 2209 2717 Bello

1168 2730 1381 2768 Gothorum
1394 2756 1406 2773 ,
1432 2729 1534 2778 quod
1548 2740 1678 2776 magna
1688 2729 1871 2766 latronum
1885 2730 2083 2766 multitudo
2097 2732 2207 2778 (quos

1167 2781 1297 2818 Graeci
1325 2783 1559 2821 σκυλλάκονς
1588 2780 1738 2818 vocant)
1768 2791 1882 2828 usque
1900 2780 1943 2817 ad
1961 2780 2020 2816 sna
2041 2790 2209 2827 teinpoxa

1167 2843 1253 2868 eum
1285 2829 1402 2868 finum
1432 2830 1647 2872 incoluerit,
1686 2841 1763 2866 non
1794 2830 1896 2877 quod
1926 2830 2041 2878 Scylla
2077 2831 2208 2866 mulier

1168 2880 1393 2918 monstruosa
1438 2892 1480 2918 ac
1526 2879 1684 2917 belluina
1730 2880 1850 2917 forma
1897 2881 1946 2917 ibi
1982 2879 2208 2916 habitaverit.

1170 2931 1317 2969 ConsT.
1345 2931 1444 2968 FAN.

1222 3004 1279 3039 74.
1305 2993 1483 3043 Scopulum
1514 3004 1644 3042 quoque
1670 2992 1797 3029 navita
1828 2990 1964 3039 vitat.]
2005 2990 2043 3026 in
2064 2988 2206 3027 duobus

1168 3044 1338 3082 Vatican.
1373 3045 1479 3091 Joan.
1516 3046 1554 3080 &
1595 3043 1746 3079 Caelest.
1785 3048 1915 3078 Saxum
1948 3053 2100 3088 quoque,
2135 3052 2206 3078 eye.

1169 3095 1338 3133 C1orAN.
1377 3095 1420 3132 In
1450 3092 1705 3142 Argentinenfi
1733 3093 1806 3129 hoc
1831 3091 1959 3129 ordine
1989 3091 2078 3127 hacc
2106 3089 2206 3137 lege-

1169 3145 1301 3183 bantur
1317 3173 1328 3189 ,

1221 3206 1272 3243 Ni
1278 3205 1372 3253 prius
1383 3203 1421 3240 in
1427 3203 1600 3252 scopulum
1618 3201 1807 3252 (scopulum
1819 3215 1947 3251 quoque
1956 3200 2083 3238 navita
2092 3199 2206 3248 vitat)

1226 3256 1493 3301 Transformata
1503 3254 1596 3300 foret
1608 3267 1619 3296 ς
1659 3254 1718 3302 qui
1739 3265 1830 3291 nunc
1848 3266 1977 3303 quoque
2000 3253 2126 3302 saxeus
2146 3264 2206 3288 ex-

1296 3305 1381 3352 stat.

1408 3353 1600 3402 Ccccce
2073 3356 2208 3403 39³st
