2483 3616
295 149 1550 249 ,META'MORPHOSEON
1622 189 1741 245 Lm.
1816 190 1952 248 vni.

2098 208 2200 262 577

338 302 635 377 Hippasus,
675 299 731 353 &
757 301 939 372 primis
963 301 1256 357 etiamnum
1285 302 1479 358 Nestor
1505 302 1560 355 in
1586 304 1757 358 armis,

329 377 409 431 Et
434 392 567 449 quos
594 373 931 446 Hippocoon
955 375 1185 449 antiquis
1211 375 1348 431 misit
1374 375 1615 446 Amyclis
1627 399 1646 438 >3
1706 424 1709 427 .

92 600 182 640 312.
212 585 446 637 Naryciusque
468 584 611 634 Lelex.]
643 590 771 633 Naryx
787 584 869 624 urbs
889 585 937 624 est
957 587 1090 626 Locri-

4 642 6 651 “
37 641 127 685 1ὡς,
163 649 256 687 quae
281 641 318 675 &
357 636 551 684 Naryciam
573 636 611 673 ὃς
636 642 773 685 Naryce
800 636 931 674 dicitur
953 666 963 682 ,
992 638 1091 676 unde

4 690 5 693 ’
47 690 222 739 Narycius
240 686 471 737 poffeffivum
495 687 696 725 declinatur
713 716 721 731 ‚
750 687 794 724 ab
816 689 889 724 hoc
907 687 997 725 vero
1018 690 1091 726 Le-

4 757 6 764 <
48 743 130 790 lege
150 740 275 788 populi
305 737 458 786 Leleges
481 738 583 775 fuere
615 739 882 788 cognominati.
923 739 1092 777 Remus.

54 793 197 829 Locros
236 790 435 839 aliquando
472 789 626 837 Lelegas
652 789 851 838 appellatos
879 787 982 826 fuiss'e
1006 817 1016 833 ,
1044 790 1093 828 est

5 860 7 885 ;
40 842 181 880 *Plinius
209 850 315 878 autor
334 839 394 877 lib.
421 851 473 876 IV.
495 851 616 888 cap.‚7.
645 839 825 877 &Strabo
843 838 903 877 lib.
932 851 1004 878 vir.
1030 841 1095 890 qui

39 893 159 933 etiam
188 891 306 929 versus
332 889 489 927 Hesiodi
509 891 577 927 hos
599 891 708 928 citat:

91 951 193 996 {Huni
218 955 259 1007 93
279 959 398 1005 Λοκρὸς
416 952 568 1001 Λελέγων
593 952 747 1000 ἡγήσοιτο
769 958 876 1004 Meas,

99 1009 168 1052 ‘riq
186 1010 228 1061 ῥοὲ
257 1027 337 1049 ποτε
356 1010 495 1056 Κρονίδης
516 1007 592 1051 Ζεδς
614 1007 743 1059 ἄφθιτοι
759 1008 866 1060 μήδεαι
883 1007 964 1050 eisaie
976 1038 986 1058 ,

100 1062 226 1107 Λεκτὲς
247 1066 292 1103 ὡς
313 1069 410 1111 γαίης
433 1063 534 1106 οὲλέὅς
558 1061 628 1116 vo'ps
655 1064 906 1108 Δευκκλΐωνῶ».

49 1134 173 1182 Quare
194 1132 323 1170 recinis
337 1161 346 1177 ‚
375 1135 532 1181 opinor,
560 1133 634 1170 hoc
653 1131 740 1170 loco
756 1131 928 1180 Narycius
941 1160 951 1175 ,
979 1129 999 1167 {i
1016 1135 1093 1167 Na-

36 1197 124 1233 .ryce
146 1185 356 1221 Locrorum
389 1184 499 1227 urbe,
529 1184 630 1232 cujus
659 1183 698 1219 ὅς
729 1183 930 1230 Stephanus
959 1183 1093 1220 memi-

6 1268 7 1283 ,
47 1236 124 1283 nit,
146 1234 344 1272 secundum
368 1235 528 1283 Regium
548 1234 704 1282 legitur,
731 1232 844 1282 quam
863 1241 924 1277 ,ut
942 1233 999 1270 alii
1013 1245 1092 1269 ma-

35 1285 146 1328 llum,
175 1285 356 1330 Neritius,
383 1285 456 1322 five
477 1285 551 1322 hoc
573 1283 593 1321 a
618 1285 749 1322 Nerito
778 1284 923 1321 Ithacae
938 1312 948 1328 ‚
977 1283 1050 1320 five
1071 1282 1091 1320 a

6 1334 7 1365 l
48 1336 179 1373 Nerito
198 1336 436 1373 Acarnanum
459 1336 570 1378 urbe,
607 1335 708 1384 cujus
738 1336 775 1371 δε
800 1335 934 1372 Plinius
955 1335 992 1371 δε
1013 1334 1090 1371 Ste-

6 1418 7 1423 ,
47 1386 182 1435 phanus
206 1388 410 1424 meminere
425 1414 434 1429 ,
463 1386 675 1423 deducatur.
731 1386 766 1422 Si
787 1384 1013 1423 tamenillud
1028 1385 1091 1422 de-

6 1451 7 1458 *
47 1445 106 1475 tur
125 1437 324 1475 Locrenses
347 1438 390 1474 ab
409 1438 483 1475 hoc
507 1437 643 1485 Lelege
663 1447 805 1473 nomen
829 1434 1092 1484 accepiffe,aut

35 1487 144 1531 ,hunc
172 1488 396 1526 Locrensem
425 1500 560 1538 genere
578 1485 696 1526 fuisse.
749 1488 849 1525 Nam
874 1486 977 1537 quod
996 1485 1091 1524 infra

6 1554 7 1557 ¹
35 1538 225 1589 sequitur:

554 1589 622 1626 Illa
643 1589 849 1628 Troezenius
870 1588 966 1625 heros

99 1646 205 1677 Parte
225 1640 326 1678 Lelex
340 1669 350 1685 ,
372 1641 467 1687 *raris
480 1640 619 1690 sparsus
633 1641 713 1688 jam
734 1649 884 1689 tempora
904 1638 999 1676 canis
1012 1668 1022 1685 ‚

6 1718 7 1722 ¹
39 1713 247 1751 repugnare
274 1703 372 1740 ¹huic
407 1703 579 1751 opinioni
607 1702 764 1739 videtur.
793 1702 857 1739 nisi
880 1699 971 1738 vero
997 1700 1095 1738 dica-

6 1764 9 1797 ?;
40 1765 151 1797 mus,
178 1762 241 1790 aut
271 1753 362 1791 duos
398 1754 551 1802 Lelegas
583 1753 620 1789 in
646 1753 715 1790 hac
739 1754 937 1797 venatione
963 1749 1094 1796 fuiffe,

7 1803 9 1827 ³
43 1803 272 1842 Locrensem
292 1832 301 1847 ,
330 1803 405 1841 five
434 1805 544 1841 etiam
568 1804 799 1841 Acarnanem
816 1832 827 1848 ‚
854 1803 1026 1846 alterum,
1057 1804 1094 1840 δε

46 1855 200 1893 alterum
232 1854 503 1892 Troezenium.
555 1855 635 1891 Aut
658 1854 772 1891 rursus
806 1853 965 1892 eundem
996 1854 1097 1891 hunc

43 1917 97 1943 2ex
118 1906 245 1943 Locris
268 1906 304 1942 in
332 1904 630 1953 Peloponnesum
662 1904 796 1942 veniffe
811 1933 821 1950 ,
849 1905 973 1953 ibique
996 1902 1015 1941 a
1038 1904 1097 1942 Pi-

43 1957 141 1993 ·theo
162 1958 199 1993 ὅς
218 1956 437 1993 Troezeniis
463 1963 653 2003 receptum
669 1983 679 1999 ,
705 1964 816 2004 atque
843 1957 892 1993 ita
925 1955 944 1992 a
962 1967 1096 2004 genere

8 2044 9 2059 χ
41 2007 203 2054 .»ςηίἀεηι
228 2007 429 2055 Narycium
454 2035 464 2051 ‚
508 2005 528 2044 a
548 2007 635 2043 loco
662 2015 787 2044 autem
814 2006 873 2044 ubi
895 2007 1097 2044 consenue-

44 2059 99 2094 ·rit
117 2056 373 2094 Troezenium
392 2067 568 2095 vocatum
587 2055 669 2094 effe.
713 2058 810 2094 Nam
837 2069 914 2106 quo
942 2057 1014 2094 alio
1035 2068 1100 2105 pa·

8 2107 9 2154 f
57 2106 119 2143 &o
147 2107 208 2144 hic
233 2107 361 2150 locus,
388 2116 427 2145 ut
452 2119 551 2145 nunc
579 2108 732 2157 quidem
757 2108 867 2145 habet
889 2136 900 2151 ‚
928 2108 1098 2156 explicari

7 2166 9 2204 ς
55 2157 184 2205 possit,
207 2168 283 2192 non
304 2157 427 2195 video.
478 2158 641 2196 Fuerunt
661 2168 785 2196 autem
806 2160 844 2196 &
861 2158 919 2196 alii
943 2158 1098 2206 Leleges

8 2255 9 2259 Ἰ
57 2206 158 2249 duo,
187 2207 276 2243 alter
303 2209 468 2255 Neptuni
494 2208 586 2246 filius
607 2236 618 2253 ,
645 2211 708 2257 qui
742 2209 1015 2258 Megarensibus
1033 2209 1099 2245 ali-

59 2256 212 2305 quando
232 2257 428 2305 imperavit
447 2286 456 2302 ‚
494 2257 515 2295 a
549 2271 626 2308 quo
656 2259 804 2308 Lelegeia
831 2262 964 2297 moenia
995 2258 1098 2308 supra

59 2307 241 2345 dicuntur.
271 2308 374 2345 Alter
398 2309 603 2346 Laconicus
621 2309 823 2356 αὐτόχθων,
852 2311 954 2360 cujus
972 2310 1102 2348 Pausa-

51 2359 136 2399 tuias
159 2359 331 2395 meminit
356 2359 392 2395 in
412 2360 590 2407 principio
622 2361 911 2398 Laconicorum.
950 2362 1009 2399 Ab
1027 2363 1101 2399 hoc

62 2410 102 2447 ὃ(
125 2410 294 2448 Lacones
320 2408 517 2458 aliquando
543 2409 698 2458 Leleges
724 2412 893 2460 appellati
914 2413 1039 2455 fuere,
1066 2420 1108 2448 ut

63 2459 162 2499 idem
181 2469 287 2497 autor
308 2460 456 2497 indicat.
485 2460 706 2498 Micrrius.
753 2462 916 2510 Quidam
950 2461 1108 2497 Naritios

63 2510 211 2560 legunt,
239 2510 300 2547 sed
329 2512 471 2547 Graece
509 2510 557 2547 est
585 2511 735 2554 νῆρέτισς
764 2538 775 2554 ,
810 2509 955 2548 fortaffe
986 2512 1106 2548 Dores

40 2585 43 2587 -
65 2561 217 2605 imitati,
245 2561 308 2610 qui
329 2572 374 2598 ex
397 2575 414 2602 n
434 2562 572 2598 faciunt
597 2574 632 2598 u.
677 2561 861 2610 Sequente
879 2570 1003 2598 autem
1025 2573 1106 2598 ver-

59 2611 126 2656 su,
152 2611 258 2648 etiam
288 2625 402 2654 nunc,
431 2624 497 2660 pro
518 2612 624 2648 etiam
655 2622 739 2647 tunc
766 2611 925 2660 pofitum
946 2607 1103 2648 videtur.

67 2662 198 2700 Rursus
228 2663 401 2711 sequente
434 2662 537 2700 versu
571 2661 830 2709 explicandum
858 2663 974 2699 fuerat
997 2674 1102 2699 com-

68 2715 262 2751 mentatori
277 2741 286 2755 ,
314 2714 378 2762 qui
402 2714 559 2757 fuerint,
587 2724 680 2761 quos
696 2714 925 2760 Hippocoon
948 2712 1105 2761 antiquis

58 2763 196 2812 :miserit
222 2764 392 2812 Amyclis.
429 2764 679 2811 Ampycidem
701 2763 810 2800 etiam
833 2764 907 2800 hoc
927 2763 1014 2800 loco
1028 2775 1106 2800 non

69 2816 219 2862 exponit
241 2842 252 2857 ‚
286 2814 346 2852 sed
375 2815 497 2863 postea
525 2813 699 2862 Mopsum
731 2814 913 2864 Apollinis
941 2813 1107 2851 sacerdo-

10 2862 11 2898 }
71 2871 170 2906 tem,
198 2868 476 2913 quemsagacem
505 2863 649 2902 vocaffe
672 2864 817 2902 videtur
839 2868 973 2913 poeta,
1003 2863 1107 2913 quod

10 2913 11 2917 ’
62 2915 277 2952 »εἱαῐίίῖἰιῃιιε
305 2915 411 2953 fuerit
431 2923 543 2953 vates.
595 2916 685 2952 Hoc
706 2927 860 2964 quoque
877 2914 1107 2952 lectoricon-

10 2981 12 2988 >
71 2964 312 3007 siderandum,
328 2977 400 3013 qua
421 2967 585 3011 ratione,
612 2966 657 3003 de
671 2966 1027 3015 Atalantaloquens,
1048 2979 1110 3002 ra-

8 3031 12 3065 g
63 3013 165 3065 ,filem
184 3014 500 3061 dixeritfibulam‚
528 3017 593 3054 nisi
613 3016 652 3054 fit
673 3028 739 3064 pro
762 3017 910 3066 cingulo
931 3044 942 3062 ,
968 3025 1009 3055 ut
1028 3016 1108 3055 vult

10 3077 13 3114 ;
72 3065 247 3114 Raphael.
275 3067 313 3103 ὅς
331 3067 404 3102 hoc
427 3065 571 3115 Virgilii
591 3079 761 3105 carmen:

125 3121 245 3152 Aurea
260 3125 465 3165 purpuream
480 3117 648 3163 subneft'it
661 3117 775 3165 fibula
796 3117 933 3165 vestem.

11 3173 13 3180 ⁴
71 3164 175 3203 Idem
203 3167 367 3204 ostendit.
388 3166 519 3214 fibulae
546 3169 645 3204 enim
665 3169 885 3206 vocabulum
911 3168 1016 3207 valde
1032 3168 1106 3207 late

12 3223 13 3250 1
69 3223 193 3262 patet,
220 3226 259 3252 ut
280 3228 323 3254 ex
340 3218 516 3256 Vitruvio
539 3226 661 3264 patet,
698 3220 735 3255 δὲ
763 3219 839 3255 aliis
862 3220 960 3256 claris
980 3220 1108 3256 aurfto-

12 3284 13 3297 ι
75 3264 181 3301 ribus.
207 3265 459 3306 Gariennos.
513 3266 757 3316 Naericiusque
785 3268 845 3304 vel
884 3268 1111 3319 Naritiusqff

65 3313 201 3364 scripti,
255 3316 378 3366 Lege,
405 3317 651 3370 Naryciiffqae.
698 3316 825 3366 Naryx
848 3318 947 3357 enim
966 3319 1111 3369 Loci-03

2019 452 2188 508 Pene-

1146 599 1228 625 rum
1245 587 1350 630 urbs.
1379 587 1441 637 qui
1456 585 1612 636 Leleges
1630 586 1828 638 aliquando
1840 586 2020 637 appellati.
2047 589 2193 631 Harum

1146 638 1235 676 Vid.
1254 639 1300 677 ad
1323 638 1480 676 Remed.
1503 639 1585 681 264·

1198 701 1281 739 3¹2·
1309 688 1522 739 Panopeus.]
1564 689 1639 726 Hic
1656 689 1772 727 Phoci
1793 689 1887 727 filius
1908 687 2011 727 fuiss'e
2031 689 2189 735 videtur„

1147 749 1249 789 pater
1269 740 1360 789 Epei
1376 769 1385 785 ‚
1414 742 1478 789 qui
1491 751 1628 789 equum
1644 740 1848 778 Durateurn
1867 740 2056 778 fabricatus
2070 740 2193 789 postea

1148 792 1239 835 fuit,
1267 791 1509 829 utPausanias
1527 793 1564 828 in
1590 791 1832 829 Corinthiacis
1860 800 1975 829 notat.
2030 791 2090 829 Ab
2117 791 2191 828 hoc

1151 842 1188 878 &
1213 842 1391 890 oppidum
1429 841 1639 886 Phocense‚
1673 842 1845 891 Panope-a
1877 842 2111 880 nominatum
2132 850 2193 887 ‚ut

1119 914 1123 919 ‹
1150 900 1256 929 autor
1277 892 1374 930 idem
1399 893 1585 930 Pausanias
1606 893 1653 930 ei’t
1672 921 1683 937 ‚
1711 894 1750 930 &
1769 900 1954 942 praeterea
1979 893 2193 942 Stephanus.

1149 942 1376 981 Micrrrus.
1405 942 1492 981 Vid.
1514 943 1605 991 supr.
1629 943 1674 981 ad
1690 944 1751 981 lib.
1774 955 1904 990 11¹·19·

1204 1005 1287 1042 312.
1314 995 1458 1044 Hyleus.
1481 994 1496 1044 ]
1553 995 1690 1038 Hunc,
1719 994 1930 1044 conjectura
1957 1007 2110 1045 quoque
2130 994 2197 1033 ad-

1150 1043 1279 1082 ductus
1302 1073 1312 1088 ,
1348 1055 1439 1093 puto
1469 1043 1540 1082 effe
1562 1073 1572 1088 ‚
1608 1046 1673 1094 qui
1701 1046 1958 1083 Melanionem
1997 1046 2191 1083 Atalantae

1149 1104 1353 1133 amatorem
1386 1098 1423 1133 in
1461 1096 1662 1132 venatione
1691 1097 1849 1140 occidit,
1879 1097 2128 1135 aemulatione
2156 1097 2197 1135 δε

1147 1145 1284 1183 invidia
1308 1156 1430 1184 motus
1452 1175 1462 1191 ,
1502 1158 1548 1183 eo
1582 1145 1685 1195 quod
1714 1148 1751 1184 δε
1781 1147 1854 1195 ipse
1883 1160 2010 1186 amore
2030 1147 2193 1197 ejusdem

1148 1197 1289 1244 puellae
1308 1206 1504 1234 teneretur.
1558 1197 1683 1234 Postea
1703 1205 1828 1236 tamen
1856 1199 1894 1235 &
1916 1199 1988 1247 ipse
2010 1200 2046 1236 ὃς
2064 1199 2195 1236 Rhoe-

1147 1256 1203 1284 tus
1226 1248 1269 1284 ab
1291 1248 1459 1285 Atalanta
1479 1248 1610 1296 sagittis
1639 1248 1775 1286 confixi
1799 1277 1809 1293 ,
1843 1260 1928 1286 cum
1957 1249 2008 1286 illi
2038 1249 2113 1286 vim
2139 1249 2195 1286 af-

1147 1298 1240 1334 ferre
1264 1300 1387 1336 conati
1409 1297 1578 1342 fuiffcnt,
1607 1308 1647 1335 ut
1672 1300 1916 1337 Callimachus
1959 1308 2065 1338 autor
2087 1299 2134 1336 est
2153 1300 2192 1336 in

1147 1349 1321 1397 Hymnis.
1341 1349 1446 1398 hujus
1469 1348 1569 1386 idem
1598 1349 1759 1387 Ovidius
1780 1351 1818 1387 ὅ(
1841 1350 1901 1387 lib.
1930 1362 1977 1388 ιι.
2006 1351 2087 1388 Art.
2111 1361 2192 1399 191.

1147 1401 1321 1438 meminit
1344 1400 1418 1438 hoc
1438 1399 1561 1437 versu:
2014 1409 2018 1412 ·

1199 1450 1303 1498 Senfit
1325 1462 1368 1490 (γ’
1388 1451 1489 1500 Hylei
1507 1459 1737 1501 contemptum
1756 1451 1899 1500 saucius
1917 1465 2051 1491 arcum.

1147 1501 1196 1539 Et
1213 1502 1376 1551 Propert.
1392 1514 1423 1540 1.
1441 1513 1540 1550 1.13.

1202 1552 1262 1590 Ilt'e
1283 1552 1390 1590 etiam
1413 1552 1513 1602 Hylei
1534 1553 1700 1602 percuffxs
1721 1552 1867 1589 vulnere
1887 1553 1981 1590 rami

1276 1604 1421 1641 Saucius
1441 1604 1624 1640 Arcadicis
1647 1603 1788 1653 rupibus
1808 1604 1989 1652 ingemuit.

1147 1657 1235 1693 Nec
1254 1655 1369 1693 obstat
1393 1654 1487 1693 adeo
1502 1683 1511 1697 ‚
1547 1653 1651 1704 quod
1671 1654 1768 1692 idem
1789 1666 1933 1692 nomen
1953 1655 2035 1692 alias
2055 1653 2199 1702 disyllass

1152 1706 1240 1743 bum
1256 1734 1266 1750 ‚
1293 1704 1377 1743 alias
1403 1705 1627 1755 trisyllabum
1658 1706 1818 1753 ponitur.
1873 1704 2013 1742 Eadem
2035 1705 2135 1742 enim
2154 1703 2196 1741 fi-

1151 1755 1240 1806 gura
1274 1758 1384 1794 etiam
1415 1758 1453 1795 in
1481 1757 1558 1794 aliis
1589 1756 1668 1794 usus
1699 1755 1747 1793 est
1775 1759 1913 1805 poeta,
1940 1767 1981 1794 ut
2011 1753 2106 1793 infra
2132 1754 2196 1792 libo

1152 1821 1225 1846 xix.
1245 1809 1329 1845 260.

1205 1864 1364 1909 Cumque
1377 1857 1452 1907 suis
1473 1856 1630 1906 Gryneus
1654 1857 1848 1894 immanem
1862 1856 2003 1905 sustulit
2024 1868 2128 1893 aram

1209 1910 1345 1958 Ignibus
1360 1938 1369 1954 ‚
1397 1921 1470 1948 (Tc,

1156 1962 1202 1999 Et
1220 1961 1356 1998 rursum
1377 1960 1461 1997 268.
1776 1981 1780 1984 -

1206 2012 1339 2060 Figitur
1359 2011 1415 2047 hic
1434 2010 1561 2060 duplici
1583 2014 1740 2058 Gryneus
1757 2009 1897 2046 lumina
1915 2022 2026 2046 ramo.

1155 2062 1225 2100 Sed
1243 2071 1369 2099 tamen
1390 2062 1464 2098 hoc
1488 2062 1587 2100 idem
1606 2063 1716 2097 etiam
1739 2062 1816 2098 aliis
1843 2058 2118 2109 dijudicandum
2142 2070 2197 2096 re·

1152 2115 1294 2154 linouo.
1323 2114 1500 2150 Mrcur.

1207 2155 1230 2213 3*
1238 2176 1291 2212 13.
1320 2171 1491 2213 Feroxque
1512 2160 1715 2211 Hippasus.]
1756 2159 1907 2207 Hippasi
1937 2159 2047 2196 etiam
2073 2159 2197 2207 Hygi·-

1154 2228 1221 2253 nus
1239 2216 1412 2252 meminit
1434 2217 1527 2251 inter
1549 2222 1740 2249 venatores
1759 2213 1832 2256 apri
1847 2238 1856 2252 ‚
1886 2222 2047 2258 eumque
2068 2209 2199 2257 Euryti

1154 2266 1271 2304 filium
1302 2266 1400 2304 dicit.
1454 2266 1539 2302 Stat.
1568 2264 1725 2311 septimo
1763 2261 1931 2316 Theban.
1960 2271 2042 2308 353.
2087 2260 2197 2298 etiam

1158 2318 1323 2355 Nauboli
1343 2326 1482 2366 patrem
1503 2316 1588 2352 facit
1602 2342 1611 2357 ‚
1640 2315 1714 2350 hoc
1738 2314 1861 2348 vei-iu:

1601 2364 1670 2400 Cui
1691 2372 1793 2410 nuper
1812 2361 1991 2409 ademptus

1212 2418 1393 2455 Naubolus
1410 2414 1625 2466 Hippastdes,
1654 2425 1757 2457 tuus,
1789 2410 1991 2458 &mitissime
2013 2411 2103 2456 Lai,

1211 2469 1330 2516 Hospes
1344 2495 1354 2511 ,
1381 2479 1452 2506 &a

1154 2517 1258 2555 ,infra
1287 2527 1411 2553 autem
1440 2516 1499 2553 lib.
1522 2528 1595 2552 xri.
1623 2525 1704 2563 352.
1730 2513 1841 2550 eti-sm
1870 2513 1963 2550 inter
1993 2512 2198 2552 Centauros

1160 2568 1338 2616 Hippasus
1357 2576 1580 2604 numeratur.
1611 2567 1726 2602 lnam.

1211 2630 1296 2667 313„
1334 2622 1379 2654 Et
1407 2617 1530 2667 primis
1564 2616 1670 2652 etiam
1703 2627 1795 2651 nunc
1826 2613 1948 2661 Nestor
1979 2613 2017 2650 in
2043 2613 2198 2665 annis.]

1159 2670 1250 2706 Hoc
1273 2668 1345 2712 est,
1373 2670 1490 2716 prima
1508 2676 1639 2703 aetate.
1666 2666 1728 2703 Ad
1748 2666 1891 2702 tertiam
1914 2665 2012 2702 enirn
2039 2674 2199 2703 aetatem

1159 2720 1359 2757 hominurn
1381 2718 1544 2756 vivendo
1565 2717 1755 2766 pervenit,
1784 2724 1824 2753 ut
1853 2716 2045 2753 Homerus
2070 2717 2120 2754 ait
2144 2716 2202 2764 Οἵ

1162 2769 1252 2820 dyfl'.
1272 2782 1325 2808 iv.

1214 2840 1307 2884 Τρῑς
1330 2840 1401 2884 γὰρ
1419 2838 1461 2880 δή
1481 2851 1539 2885 μιν
1560 2837 1672 2885 <puoh
1685 2833 1883 2884 ἀνάξασθαι
1905 2836 1999 2882 ’γένε’
2020 2834 2156 2880 ἀνδρῶν,

1163 2907 1211 2946 Et
1232 2907 1336 2944 Iliad.
1356 2908 1478 2954 primo
1497 2919 1582 2956 250.

1214 2960 1274 3003 Τῷ
1296 2953 1328 2992 δ’
1344 2958 1407 2999 ἧὲῆ
1427 2958 1486 2995 δύο
1506 2960 1572 3002 μὲν
1592 2957 1711 3000 ’γενειεῖ
1728 2955 1885 2998 μερὸπων
1908 2953 2087 2995 ἀνθρώπων

1215 3008 1365 3055 Ε’Φθῑιι6’
1378 3038 1389 3054 ,
1409 3009 1437 3044 οἳ
1455 3009 1486 3044 οἱ
1505 3007 1645 3053 πρόσθεν
1665 3007 1741 3053 &uz
1764 3005 1900 3051 τραῴεν
1914 3031 1923 3047 ,
1952 3002 2001 3044 ἧδ’
2020 3000 2199 3045 ἐγένοντο]

1164 3071 1256 3117 Quo
1277 3077 1403 3107 tamen
1433 3069 1545 3114 loco,
1573 3076 1730 3107 aetatem
1758 3067 1840 3107 alii,
1868 3075 1933 3113 pro
1956 3060 2098 3116 &qul-0»
2124 3059 2199 3096 hOC

1164 3120 1237 3164 est,
1263 3119 1377 3168 spatio
1402 3131 1551 3158 centum
1572 3130 1752 3157 annorum
1768 3144 1778 3160 ,
1806 3116 1864 3152 alii
1884 3124 1947 3160 pro
1969 3119 2113 3158 triginta
2135 3120 2200 3146 an-

1162 3172 1217 3208 nis
1238 3172 1433 3218 accipiunt.
1488 3171 1557 3207 Sed
1592 3171 1665 3206 hoc
1685 3168 1775 3204 nihil
1795 3165 1839 3201 ad
1860 3174 1936 3199 rem
1961 3159 2200 3216 praesentem.

1165 3221 1280 3258 lom.
1333 3221 1539 3257 Etiamnum
1576 3218 1806 3255 Florentinus
1848 3213 1880 3248 S.
1910 3211 2038 3266 Marci,
2054 3211 2092 3247 ὃς
2133 3210 2201 3266 sec.

1167 3270 1370 3306 Mediceus.
1406 3278 1447 3306 ut
1476 3270 1578 3316 saepe
1606 3267 1699 3304 alibi.
1729 3262 1859 3300 deinde
1882 3261 2002 3310 primis
2027 3273 2065 3297 m
2094 3273 2204 3297 armis

1166 3319 1273 3368 prim.
1285 3318 1454 3358 Vatican.
1467 3318 1670 3360 Cantabrig.
1691 3313 1796 3361 prim.
1806 3311 1906 3350 Bassl.
1919 3319 2072 3362 uterque
2084 3311 2205 3349 Ham-

1285 3366 1290 3369 ’
1445 3369 1453 3371 “
1640 3365 1675 3402 D
1690 3363 1712 3401 d
1723 3363 1745 3400 d
1754 3363 1777 3402 d
1804 3374 1824 3401 2.
2124 3361 2208 3409 bur·¹
