2483 3616
202 205 294 274 158
691 190 760 247 Ῥ.
840 183 1256 245 OV·1D11

1324 179 1477 237 NA
1515 176 1865 234 SO‘N'IJS

486 291 850 366 Quacumque
875 286 1208 359 ingreditur,
1245 280 1498 336 florentia
1521 278 1752 351 proterit
1777 295 1900 334 arva
1910 316 1934 344 .,

487 365 793 438 Exuritque
820 362 1036 424 herbaS,
1075 359 1129 413 &
1153 357 1357 411 summa
1379 352 1655 409 cacumina
1679 352 1875 423 carpit:

489 439 828 511 Adflatuque
853 446 948 491 1uo
973 433 1232 507 populos,
1267 428 1563 500 urbesque,
1598 423 1907 496 domosque

487 513 717 570 Polluit:
760 510 815 565 δε
842 508 1062 564 tandem
1085 502 1382 560 Tritonida
1404 497 1665 570 conspicit
1689 514 1896 561 arcem,

346 606 447 660 795
486 586 748 660 IngeniiS,
786 585 1114 657 opibusque,
1153 579 1208 634 δε
1234 576 1363 632 festa
1385 590 1514 646 pace
1539 570 1835 626 virentem:

489 662 713 734 Vixque
738 673 886 713 tenet
912 655 1185 715 lacrimas;
1225 650 1349 724 quia
1377 647 1451 728 nil
1477 643 1797 700 lacrimabile
1822 645 2013 701 cernit.

492 735 602 791 Sed
626 733 907 806 postquam
933 729 1193 784 thalamos
1217 726 1434 778 intravit
1458 719 1712 791 Cecrope
1737 732 1920 783 natae,

488 807 628 880 juss'a
655 806 809 860 facit:
849 803 1146 876 pefiusque
1169 815 1331 853 manu
1354 793 1626 865 ferrugine
1650 791 1816 867 tincta

495 880 738 950 Tangit:
781 876 837 929 &
863 875 1085 930 hamatis
1118 868 1433 944 praecordia
1457 866 1690 921 sentibus
1713 866 1934 938 implet;

352 954 456 1012 800
492 953 821 1025 Inspiratque
847 966 1051 1004 nocens
1075 947 1245 1001 virus:
1285 944 1612 1016 piceumque
1637 957 1734 1012 per
1759 939 1866 993 ossa

492 1024 724 1098 Dissipat
740 1065 755 1089 ‚
795 1024 850 1079 &
877 1022 1065 1078 medio
1089 1019 1285 1093 spargit
1310 1017 1569 1090 pulmone
1595 1029 1884 1067 venenum.

494 1101 651 1157 Neve
676 1098 799 1156 mali
821 1097 1048 1171 spatium
1073 1092 1276 1152 caussae
1299 1108 1397 1165 per
1427 1088 1580 1146 latius
1606 1100 1819 1151 errent,

258 1302 346 1350 792.
374 1295 570 1346 Exuritque
589 1293 712 1333 herbas
741 1303 786 1333 (9⁵
809 1291 954 1340 summa
969 1298 1151 1340 papavera
1181 1299 1260 1324 car-

200 1351 301 1404 pit.l
342 1350 432 1387 Non
464 1347 583 1385 modo
614 1347 673 1384 hic
704 1343 874 1382 alluditur
895 1342 942 1379 ad
961 1339 1161 1390 Tarquinii
1193 1337 1260 1375 Su-

206 1398 306 1453 perbi
328 1400 514 1439 historiam
537 1397 763 1436 notiffimam
785 1424 795 1440 ‚
826 1405 939 1445 quem
976 1393 1116 1430 constat
1147 1401 1259 1439 papa-

208 1465 339 1492 verum
362 1451 556 1490 cacumina
578 1447 801 1487 decutiendo
815 1475 825 1491 ‚
840 1445 992 1484 saevum
1013 1441 1260 1481 illum&san÷

207 1505 416 1555 guinarium
447 1502 620 1540 nuntium
643 1496 813 1538 remisisse
838 1510 882 1535 ex
903 1497 1018 1535 horto
1041 1510 1052 1539 ;
1083 1493 1186 1543 cujus
1209 1491 1262 1530 rei

210 1556 338 1594 Livius
360 1584 370 1601 ,
406 1552 608 1602 Dionyfius
630 1581 640 1597 ,
665 1550 832 1588 Valerius
856 1578 867 1594 ‚
893 1549 935 1586 ὃς
967 1547 1026 1584 alii
1053 1544 1263 1594 complures

212 1608 487 1645 meminerunt:
516 1603 576 1641 sed
597 1605 635 1641 &
657 1604 702 1640 ad
724 1600 811 1640 illud
834 1598 1043 1643 l‘eriandri‚
1070 1608 1185 1647 quem
1206 1596 1262 1633 fe-

210 1666 296 1697 runt
318 1658 404 1696 nihil
427 1653 646 1706 respondisse
669 1655 726 1697 ei,
755 1652 819 1704 qui
841 1650 981 1690 consilii
1001 1647 1153 1699 petendi
1175 1659 1263 1685 cau-

211 1709 246 1747 sa
269 1709 314 1746 ad
336 1709 451 1758 ipsum
476 1707 597 1745 miffus
620 1708 737 1744 suerat
751 1734 762 1750 ,
788 1703 849 1742 sed
871 1701 1182 1752 supereminentes
1193 1699 1264 1748 spi-

210 1773 270 1798 cas
310 1758 498 1797 demendo
523 1788 534 1803 ‚
560 1762 720 1807 segetem
753 1753 921 1805 aequasse
945 1783 955 1799 ,
984 1753 1085 1803 cujus
1116 1750 1261 1789 causam

213 1823 300 1849 cum
323 1823 401 1849 non
426 1810 643 1858 intelligeret
656 1808 804 1846 nuntius
818 1822 829 1850 3
844 1818 886 1843 ac
905 1805 1047 1843 faffilum
1068 1803 1112 1840 ab
1125 1814 1167 1839 ea
1179 1813 1263 1839 nar-

209 1870 330 1909 raret,
357 1860 568 1899 intellexisse
596 1858 857 1898 Thrafibulum
881 1885 892 1902 ‚
928 1855 1034 1907 quod
1067 1853 1264 1904 oportebat

211 1914 523 1964 supereminentes
546 1912 643 1948 cives
665 1911 807 1948 auferre
819 1924 831 1953 3
861 1908 965 1959 quod
983 1906 1101 1945 scribit
1124 1904 1264 1943 Aristo-

212 1966 303 2003 teles
343 1966 380 2002 in
412 1963 521 2001 tertio
552 1962 796 2000 politicorum
822 1989 832 2006 ,
869 1971 939 1998 nec
981 1971 1061 1997 non
1094 1957 1265 1995 Laertius

212 2016 418 2065 Diogenes.
467 2015 638 2061 JAcossus
677 2026 703 2051 A
735 2014 890 2050 Canen.
927 2010 1077 2049 Eodem
1107 2009 1267 2058 pertinet

214 2066 426 2118 quomodo
446 2064 639 2114 superiora.
670 2063 735 2101 nili
758 2064 861 2113 quod
886 2063 1049 2112 epitheto
1072 2089 1083 2105 ‚
1104 2061 1265 2109 summa,

215 2118 295 2156 usus
326 2117 472 2155 videtur
493 2145 504 2162 ,
541 2125 581 2153 ut
623 2115 797 2153 alludertt
839 2113 884 2151 ad
917 2113 953 2151 id
979 2142 989 2159 ‚
1027 2111 1131 2162 quod
1163 2111 1265 2148 idem

216 2169 307 2208 dixit
339 2167 498 2206 Remed.
531 2168 615 2217 369.
661 2173 808 2203 Summa
835 2167 922 2216 petit
943 2165 1037 2200 livor
1060 2192 1071 2208 ‚
1112 2161 1268 2212 perflant

217 2218 382 2268 alttffima
411 2220 510 2256 venti
532 2221 605 2256 &c.
642 2218 702 2255 Est
725 2217 825 2255 enim
850 2228 891 2253 ea
914 2215 1081 2253 Invidiae
1115 2223 1242 2251 natura
1257 2242 1268 2259 ‚

218 2280 258 2310 ut
277 2272 421 2309 summa
444 2272 482 2307 ἃ
504 2269 717 2307 excellentia
740 2267 903 2305 maxime
937 2275 1046 2315 petat.
1090 2265 1270 2304 M1crLL.

215 2323 440 2361 praeclarior
457 2321 546 2359 liber
578 2333 707 2365 meus,
734 2325 781 2356 Et
805 2319 949 2368 summa
981 2317 1161 2354 cacumina
1194 2330 1272 2352 car-

213 2374 281 2424 pit.
320 2374 452 2423 Sicque
474 2372 632 2420 impreffi
654 2370 819 2420 quidam.
848 2370 954 2415 Haec
970 2368 1082 2413 lediio
1105 2367 1269 2416 apposite

222 2425 349 2462 referri
369 2423 487 2474 potest
508 2423 553 2461 ad
574 2422 684 2461 illud:

378 2507 523 2538 Summa
540 2500 630 2549 petit
650 2499 756 2538 livor.

225 2570 280 2627 In·
294 2570 407 2608 altero
430 2584 517 2609 meo
539 2580 644 2610 antea
673 2572 861 2621 legebatur
886 2600 897 2617 ‚
936 2577 984 2609 Et
998 2571 1145 2620 fitmma
1178 2585 1278 2609 cacu-

229 2635 328 2678 mina
352 2624 504 2672 rumpit,
531 2622 549 2659 {1
573 2635 651 2672 quo
679 2624 840 2660 deletum
874 2622 921 2660 est
956 2624 1110 2660 verbum
1127 2652 1137 2668 ‚
1165 2629 1280 2661 Cacu-

231 2685 354 2716 mma,
384 2673 421 2709 ἃ
454 2673 570 2710 aliena
594 2685 731 2718 manu,
760 2682 941 2722 papaver-a
965 2673 1177 2722 repositum.
1206 2675 1280 2712 Ita-

231 2735 306 2773 que
327 2734 425 2760 nunc
446 2722 576 2771 legitur
591 2753 600 2767 ‚
629 2730 674 2759 Et
688 2725 833 2771 [αἰνήσω
851 2734 1027 2773 papavera
1049 2726 1193 2774 rumpit.
1235 2726 1279 2762 ll-

230 2774 286 2819 le,
314 2774 377 2823 qui
404 2774 477 2810 hoc
499 2775 611 2821 tetigit
636 2803 646 2817 ‚
685 2775 773 2811 alios
797 2783 870 2810 vet.
891 2775 1000 2811 libros
1030 2774 1170 2813 secutus
1202 2775 1244 2813 fit
1268 2803 1279 2820 ,

232 2836 303 2863 nec
326 2837 397 2868 ne,
424 2836 502 2861 non
535 2823 638 2860 facile
672 2824 815 2872 possum
840 2826 1093 2872 pronunciare
1146 2827 1193 2862 Et
1225 2835 1279 2863 ta-

234 2888 322 2914 men
343 2876 434 2913 haec
454 2886 605 2924 quoque
628 2874 738 2912 lefrio
771 2875 849 2912 satis
882 2875 973 2912 mihi
1005 2876 1146 2913 arridet.
1175 2877 1279 2925 Virg.

236 2935 361 2964 autem
393 2926 577 2974 vulgatam
614 2925 757 2962 videtur
789 2924 1006 2962 confirmare
1030 2955 1039 2970 ‚
1078 2927 1205 2974 Eclog.
1230 2939 1275 2962 11.

235 2997 297 3007 -——-
322 2976 398 3013 Tibi
419 2977 571 3013 candida
595 2977 692 3013 Nais.
723 2976 895 3013 Pallentes
927 2976 1038 3012 violas
1068 2989 1111 3015 ey
1133 2977 1280 3025 stimma

229 3038 408 3079 papavera
431 3038 591 3077 carpens,
623 3027 819 3076 Narciffitm
835 3040 928 3071 ,eya
957 3026 1126 3072 judicent
1139 3027 1281 3065 eruditi.

237 3081 452 3118 CIOFANUS.
507 3085 689 3129 Papavera
733 3079 956 3115 vetustiores.
997 3077 1055 3114 alii
1087 3079 1282 3115 cacumina.

237 3131 347 3168 recle.
379 3130 560 3167 cacumina
592 3129 638 3167 de
667 3129 784 3166 herbis
818 3129 905 3166 Fast.
939 3140 993 3165 IV.
1030 3139 1109 3175 127.
1134 3131 1172 3166 ὃς
1195 3142 1281 3176 912.

238 3179 346 3234 Trist.
377 3194 440 3218 111.
461 3193 533 3218 xxx.
560 3193 615 3218 12.
642 3180 745 3229 Virg.
769 3193 814 3218 11.
849 3181 986 3229 Georg.
1018 3191 1076 3227 29.
1110 3180 1285 3218 Laberius

237 3241 276 3267 in
299 3232 490 3269 Catalestis
509 3231 653 3269 Pithoei
681 3243 760 3280 pag.
783 3243 817 3268 2.

294 3281 399 3317 Floris
421 3296 581 3319 cacumen
603 3282 732 3329 nostrae
743 3283 869 3328 famae
882 3284 1058 3331 frangere.
1081 3284 1288 3324 HE1NSXUS.

239 3332 434 3370 Cacumina
456 3333 565 3372 teile.
593 3333 679 3372 Stat.
702 3345 736 3372 x.
757 3333 880 3372 Theb.
905 3334 986 3384 138.

2223 1162 2369 1222 Ger-

1367 1279 1580 1318 Demittunt
1600 1288 1759 1317 extrema
1781 1278 1966 1316 cacumina
1976 1278 2104 1330 silvas.

1317 1344 1497 1393 Quinctil.
1528 1356 1619 1381 vm.
1652 1343 1736 1381 Inst.
1770 1344 1878 1383 Orat.
1911 1357 1943 1395 3.
1980 1348 2163 1396 surgentia
2195 1350 2233 1388 in
2254 1353 2374 1393 altum

1314 1396 1498 1434 cacumina
1519 1395 1607 1432 oleae
1629 1397 1727 1443 fierro
1747 1396 1904 1434 coercebo.
1933 1398 1973 1434 &
1991 1399 2118 1447 paffim
2142 1402 2211 1440 alii.
2239 1405 2372 1446 Burin«.

1348 1460 1456 1505 ι792.
1482 1453 1629 1484 Summa
1642 1456 1824 1497 papavera
1846 1448 1985 1499 carpit]
2015 1451 2159 1489 Allufio
2181 1455 2230 1491 est
2252 1457 2299 1495 ad
2311 1458 2374 1496 In-

1317 1499 1441 1538 indiae
1450 1507 1734 1548 naturam‚quae
1745 1498 1889 1537 summa
1901 1509 2026 1549 petere
2044 1502 2146 1542 solet.
2160 1506 2373 1547 GLAREAN.

1372 1564 1456 1601 793.
1486 1549 1637 1600 Populos.
1651 1559 1668 1600 j
1707 1551 1915 1602 Populosque
1931 1553 2077 1600 junian.
2098 1555 2137 1592 δί
2159 1557 2374 1600 Gronovia-

1317 1615 1385 1643 nus
1407 1615 1513 1641 unus.

1372 1668 1455 1705 795.
1486 1654 1700 1711 Ingeniique
1721 1653 1942 1705 opibusque.]
1983 1655 2059 1694 Alii
2080 1657 2238 1708 ingenuis
2259 1664 2374 1714 opibus
2398 1681 2403 1682 ⁷

1318 1715 1360 1746 ut
1384 1706 1599 1744 Prudentius
1623 1706 1795 1743 Lathem.
1819 1707 1940 1755 Hym.
1963 1719 2010 1745 11.
2041 1711 2176 1747 Fundit
2204 1722 2274 1762 opes
2295 1730 2375 1765 ager

1319 1760 1494 1809 ingenuas.
1534 1757 1705 1795 meliores
1746 1758 1890 1806 ingeniis
1931 1758 2121 1810 opibusque.
2171 1764 2375 1806 Hmnsrus.

1319 1811 1358 1848 &
1378 1811 1428 1848 ita
1448 1810 1572 1847 laudat
1594 1808 1716 1846 Schol.
1740 1809 1843 1846 Statii
1864 1808 1910 1846 ad
1928 1809 1992 1848 lib.
2024 1822 2096 1848 ΧΠ.
2134 1826 2217 1865 503.
2252 1823 2376 1867 lagen..

1318 1873 1454 1913 temque
1472 1860 1586 1912 opibus
1607 1859 1717 1897 Leid.
1735 1859 1869 1898 deinde
1882 1888 1893 1906 ‚
1906 1860 2087 1899 valentem
2111 1864 2257 1913 Sprotii.
2295 1869 2375 1907 bea-

1318 1924 1408 1952 tum.
1432 1925 1524 1952 unus
1547 1911 1654 1950 Leid.
1674 1911 1837 1962 alterque
1860 1924 1928 1961 pro
1947 1913 2048 1950 varia
2069 1913 2243 1956 lecffione.

1376 1978 1461 2014 795.
1489 1970 1545 2020 Et·
1558 1964 1649 2011 fhstcz
1665 1973 1747 2020 pare
1777 1964 1991 2014 virentem]
2032 1967 2087 2003 lta
2106 1966 2186 2005 libri
2219 1970 2341 2008 excufi
2362 2001 2377 2018 ‚

1320 2018 1445 2067 itaque
1476 2016 1564 2066 legit
1597 2016 1766 2053 Lutatius
1786 2016 1825 2053 in
1860 2015 2017 2053 Statium
2042 2030 2050 2054 :
2096 2017 2158 2056 sed
2188 2032 2268 2059 non
2299 2022 2379 2061 satis

1323 2067 1532 2106 emendate.
1571 2066 1614 2104 In
1637 2074 1797 2115 utroque
1821 2078 1909 2104 meo
1924 2095 1934 2111 ‚
1962 2067 2060 2105 Abb.
2085 2069 2233 2109 Briantii
2255 2102 2266 2119 ,
2306 2077 2378 2112 (ja-

1321 2120 1457 2169 pranic.
1480 2118 1660 2156 ambobus
1693 2117 1825 2154 Maffei
1851 2146 1861 2161 ‚
1897 2119 1938 2156 &
1968 2119 2079 2157 tribus
2112 2121 2235 2160 Vatic.
2266 2124 2380 2174 longe

1323 2171 1455 2209 reatus
1468 2185 1480 2214 ;
1511 2178 1622 2219 atque
1646 2168 1878 2206 emendatius
1899 2169 2030 2218 legitur
2045 2199 2056 2215 ,
2084 2178 2172 2208 Pace
2196 2175 2380 2215 nitentem.

1328 2224 1497 2261 CIOFAN.
1526 2221 1616 2260 nihil
1639 2229 1742 2258 muta
1757 2249 1766 2266 ,
1794 2220 1882 2258 Stat.
1906 2233 1935 2261 1.
1958 2221 2081 2261 Theb.
2106 2234 2189 2272 392.

1484 2291 1547 2328 Sed
1565 2289 1657 2340 prole
1677 2288 1818 2329 virebat

1378 2356 1552 2394 feminea.

1328 2418 1433 2458 Idem
1448 2420 1508 2456 lib.
1521 2433 1555 2456 v.
1569 2431 1628 2468 53.
1657 2418 1789 2456 florere
1813 2419 1925 2466 dicit,
1944 2419 2093 2470 florebat
2113 2423 2212 2460 dives
2228 2423 2384 2461 alumm's

1333 2476 1451 2507 Terra.
1507 2471 1554 2508 Et
1565 2472 1615 2507 ita
1628 2470 1982 2510 Claudianus&alii.
2016 2473 2225 2511 Hzmsms.
2253 2476 2385 2524 Quem

1333 2521 1419 2559 vide
1441 2520 1488 2558 ad
1510 2521 1701 2559 Claudian.
1721 2522 1830 2570 Rapt.
1854 2535 1881 2560 1.
1904 2523 1989 2573 236.

1361 2572 1470 2629 ssor.
1498 2573 1646 2622 spargit.
1663 2578 1674 2621 j
1707 2572 1893 2611 Gebhard.
1916 2587 1962 2611 11.
1987 2575 2173 2624 Crepund.
2196 2588 2242 2613 11.
2264 2577 2388 2614 inver-

1331 2634 1384 2714 {ttt
1407 2623 1520 2662 duflu
1541 2624 1624 2661 MS.
1655 2624 1752 2673 legit.
1779 2624 1890 2673 quod
1904 2625 1942 2662 in
1964 2626 2067 2664 nullo
2089 2626 2298 2665 nostrorum
2322 2640 2387 2666 ex-

1365 2683 1410 2712 at.

1391 2725 1475 2769 804.
1507 2723 1759 2781 Pulchrqqqe.]
1790 2725 1899 2763 Unus
1933 2726 2165 2773 Bafileenfis,
2189 2729 2386 2781 plenaque.-

1335 2775 1510 2813 venuste:
1538 2787 1596 2812 cul
1619 2776 1708 2813 nilnl
1730 2775 1864 2813 deerat.
1893 2778 2057 2827 Propert.
2080 2792 2125 2816 11.
2148 2792 2226 2817 xxx.
2250 2792 2309 2829 77.

1388 2825 1523 2873 Vidistis
1539 2826 1638 2876 pleno
1658 2837 1813 2863 texeram
1836 2830 1983 2866 candore
2000 2830 2166 2878 puellam.

1336 2878 1384 2914 ita
1404 2877 1544 2926 plenum
1566 2888 1690 2915 votum
1714 2891 1741 2915 1.
1764 2879 1844 2915 Art.
1868 2879 1952 2920 671.
1986 2880 2068 2918 Bon
2078 2895 2117 2919 M.

1381 2927 1472 2985 &³5-
1511 2935 1647 2977 Magna
1679 2929 1812 2984 facia]
1864 2932 2074 2980 Magnificat
2106 2945 2199 2972 unus
2231 2933 2389 2974 Heinfii.

1337 2982 1504 3025 mmflcat
1527 2980 1803 3028 Neapolitanus.

1390 3029 1476 3078 809.
1504 3030 1624 3067 Aliter
1654 3046 1723 3068 non
1754 3031 1872 3069 uritur
1894 3033 2052 3084 Hersen]
2099 3034 2140 3072 In
2173 3036 2388 3087 quibusdam

1339 3087 1414 3117 vet.
1440 3087 1521 3118 Non
1543 3081 1688 3119 laevius.
1728 3082 1843 3119 Reti&
1867 3092 2025 3133 utroque
2057 3087 2187 3124 modo.
2218 3090 2390 3127 CxorAN.

1343 3137 1423 3167 Non
1445 3132 1554 3169 lenius
1576 3133 1740 3184 plerique
1771 3142 1922 3172 veteres.
1951 3135 2100 3185 quidam
2129 3167 2139 3183 ,
2166 3153 2236 3177 non
2266 3140 2390 3177 levius.

1342 3190 1502 3231 quatuor
1534 3212 1545 3229 ‚
1582 3197 1651 3221 non
1691 3184 1807 3223 aliter.
1843 3186 1982 3235 primus
2014 3186 2111 3225 ssafil.
2146 3203 2214 3226 non
2251 3191 2390 3228 lentius.

1344 3234 1518 3288 Omnino
1539 3234 1769 3272 scribendum
1794 3265 1807 3282 ,
1843 3251 1911 3274 non
1933 3237 2055 3286 secius.
2082 3247 2121 3277 ut
2149 3240 2247 3290 apud
2269 3241 2391 3292 Vi1·gi»=

1342 3283 1433 3322 hum
1457 3297 1522 3322 111.
1545 3286 1683 3334 Georg.
1708 3287 1791 3334 367.

1397 3341 1532 3374 Interea
1551 3346 1621 3375 toto
1642 3350 1710 3374 non
1724 3337 1833 3388 ficius
1854 3341 1932 3378 a'e're
1954 3339 2080 3391 ningit.

2350 3392 2391 3430 &
