2483 3616
233 177 332 233 552
741 144 1283 209 P.OV1D11

1357 143 1890 203 NASONIS

533 255 687 311 Talia
716 256 946 321 dicenti,
984 268 1231 310 curarum
1257 253 1486 307 maxima
1511 254 1694 309 nutrix

531 330 661 384 Nox
684 331 1002 390 intervenit;
1045 323 1387 397 tenebrisque
1411 325 1629 383 audacia
1653 327 1838 382 crevit.

535 402 712 457 Prima
737 403 886 474 quies
911 402 1124 460 aderat;
1160 399 1266 471 qua
1292 398 1433 452 curis
1457 397 1581 453 fess'a
1607 399 1813 454 diurnis

533 475 759 529 Pectora
784 475 997 531 somnus
1022 472 1198 528 habet.
1239 470 1498 525 thalamos
1535 472 1794 526 taciturna
1818 483 2068 544 paternos

430 549 492 616 85
528 548 718 602 Intrat:
763 548 817 601 (ἵε
859 550 998 618 (heu
1023 545 1296 612 facinusl)
1336 543 1479 599 fatali
1505 555 1625 597 nata
1650 557 1931 615 parentem

532 621 700 676 Crine
723 620 874 675 suurn
896 620 1108 694 spoliat:
1148 615 1456 690 praedaque
1478 615 1651 688 potita
1674 616 1906 670 nefanda

538 691 667 748 Fert
690 693 870 747 secum
896 694 1119 766 spolium
1144 690 1381 753 sceleri83
1422 686 1802 762 progreffaque
1826 689 1984 760 porta

532 765 638 821 Per
666 765 876 820 medios
905 765 1078 821 hostes
1120 763 1357 833 (meritis
1381 763 1576 818 fiducia
1602 776 1746 816 tanta
1773 760 1882 830 est)

535 837 789 892 Pervenit
814 837 881 891 ad
907 854 1117 909 regem:
1159 853 1323 909 quem
1350 836 1417 891 fic
1442 836 1618 891 adfata
1642 848 1953 907 paventem:

427 929 495 983 90
533 909 698 965 Suasit
722 928 872 965 amor
896 911 1113 965 facinuS.
1153 910 1329 981 proles
1356 927 1460 982 ego
1487 910 1634 980 regia
1659 908 1770 963 Nisi

535 982 734 1056 Scylla,
770 984 866 1039 tibi
893 983 1048 1038 trado
1074 983 1381 1058 patriosque
1407 1000 1667 1065 meosque
1694 982 1935 1036 Penates,

536 1055 779 1112 Praemia
804 1058 944 1113 nulla
971 1071 1129 1129 pem,
1168 1056 1263 1111 nisi
1290 1071 1359 1112 te.
1399 1074 1529 1130 cape
1555 1073 1749 1128 pignus
1775 1055 1969 1110 amoris

249 1272 330 1311 Lib.
351 1283 386 1310 x.
410 1282 494 1321 409.

395 1328 441 1359 Et
461 1323 499 1359 in
520 1321 579 1358 hoc
597 1334 675 1359 mea
704 1322 810 1370 (pone
832 1321 1013 1371 timorem)

292 1373 466 1412 sedulitas
484 1373 550 1411 erit
568 1382 651 1423 apta
671 1373 748 1411 tibi.
785 1372 1003 1412 BURMANN.

292 1449 351 1485 79.
380 1436 441 1474 Ille
459 1434 589 1485 mihil]
629 1434 696 1472 Illa
721 1435 867 1483 Junian.
898 1443 939 1473 ut
960 1435 1004 1474 ad
1025 1445 1216 1487 purpuram
1238 1447 1295 1474 re-

241 1489 375 1526 feratur
389 1515 399 1532 ,
427 1488 466 1525 &
488 1499 578 1525 mox
593 1487 739 1534 faflura
757 1496 928 1536 potentem
942 1487 984 1536 est
999 1487 1187 1526 Leidenfis
1201 1499 1294 1526 unus

243 1541 279 1577 ἃ
302 1541 474 1577 Gronov.
497 1539 536 1576 ὃς
564 1539 749 1586 majorem
771 1540 848 1576 vim
872 1537 1007 1577 habere
1028 1540 1291 1589 repetitionem

243 1593 306 1627 ’τοῦ
325 1590 367 1637 est
387 1589 556 1627 credebat
576 1588 760 1627 Heinfius.

293 1640 353 1678 82.
380 1639 639 1690 Tenebrisque]
669 1639 827 1677 Tenebris
839 1639 947 1678 Leid.
967 1640 1044 1679 duo
1065 1642 1154 1690 regii
1173 1641 1292 1679 &tres

243 1691 316 1728 alii.
340 1690 462 1729 similis
481 1691 624 1729 locutio
645 1691 749 1729 Plinii
766 1691 828 1729 lib.
841 1704 892 1729 ix.
912 1703 970 1735 42.
997 1691 1056 1728 ubi
1074 1691 1217 1729 licentia
1228 1705 1294 1728 au-

246 1741 346 1777 dacia
376 1743 497 1780 crevit.
534 1743 572 1779 &
607 1742 798 1780 claudian.
829 1742 942 1791 praef.
969 1743 1031 1780 lib.
1055 1756 1081 1780 1.
1108 1743 1153 1781 de
1187 1744 1296 1792 Rapt.

243 1792 340 1830 Pros.
367 1792 433 1838 Ast
453 1792 512 1830 ubi
525 1793 720 1842 paullatim
733 1802 888 1842 praeceps
909 1793 1059 1830 audacia
1081 1794 1202 1831 crevit.

296 1843 355 1891 85.
383 1842 500 1880 Fatali
531 1853 619 1879 nata
645 1843 964 1893 parentem4Crine
993 1846 1100 1894 suum
1128 1844 1291 1896 spoliat]

243 1894 327 1932 Hae
349 1893 394 1932 de
414 1906 452 1931 re
471 1892 518 1930 fic
536 1894 744 1942 Propertius
764 1894 826 1931 lib.
849 1906 931 1932 111.
951 1895 1041 1945 eleg.
1060 1909 1116 1944 17.

292 1962 412 2006 Tuque
437 1954 453 1991 ὁ
471 1955 593 1992 Minoa
614 1956 835 1994 venumdata
849 1985 860 2003 ,
888 1956 1023 2006 Scylla,
1043 1957 1184 2007 figura,

324 2012 328 2026 ¹
346 2012 378 2043 T
374 2006 501 2043 ondens
515 2016 686 2055 purpurea
705 2021 808 2056 regna
825 2018 973 2057 paterna
994 2022 1100 2046 coma.

293 2064 399 2095 Hanc
418 2057 525 2106 igitur
544 2058 656 2094 dotem
684 2059 781 2107 Virgo
801 2059 1021 2108 desponderat
1042 2060 1151 2108 hosti!

344 2109 446 2156 Nise,
477 2118 556 2144 tuas
573 2118 689 2158 portas
698 2110 830 2155 fraude
848 2109 983 2160 reclusit
1003 2124 1113 2148 amor.

293 2163 348 2197 At
371 2172 433 2195 vos
446 2187 456 2203 ‚
483 2159 650 2208 innuptae
664 2188 673 2203 ‚
692 2160 831 2207 felicius
852 2161 943 2199 urite
960 2161 1103 2206 taedas,

343 2209 475 2246 Pendet
494 2215 641 2247 Cretaea
659 2213 773 2248 trabia
791 2212 904 2260 puella
926 2223 1011 2249 rate.

290 2266 372 2298 Non
392 2271 511 2298 tamen
529 2261 704 2299 immerito
723 2263 841 2299 Minos
853 2263 949 2312 sedet
969 2262 1099 2300 arbiter
1121 2263 1202 2302 orci
1216 2292 1229 2311 ,

245 2363 276 2400 C
341 2313 451 2348 Victor
467 2322 544 2350 erat
565 2313 732 2363 quamvis
746 2342 757 2360 ,
776 2327 906 2363 aequus
926 2315 964 2353 in
984 2314 1072 2363 hoste
1084 2316 1173 2362 fuit.

280 2374 459 2401 romnus.

295 2423 354 2470 ὃς.
384 2424 549 2473 Fatali.]
604 2426 715 2464 vitali
739 2426 778 2464 in
804 2426 1064 2466 vetustioribus
1091 2427 1291 2467 nonnullis.

245 2474 449 2514 I-lrmsms.
483 2475 596 2514 Male.
624 2478 741 2515 fatum
773 2478 876 2515 enim
907 2487 982 2515 erat
1011 2480 1120 2516 crinis
1141 2479 1227 2524 ille,
1252 2488 1294 2519 ut

241 2523 443 2562 Palladium
463 2526 603 2576 Trojae
622 2529 659 2565 &
672 2527 813 2566 similia.

297 2573 355 2619 87.
383 2575 531 2623 spolium
549 2578 718 2629 sceleris.]
757 2579 832 2617 Ubi
852 2578 983 2627 [celeris
1000 2580 1159 2629 legitur,
1179 2580 1293 2619 celeris

246 2624 485 2680 emendamus
500 2655 510 2671 ,
537 2639 622 2665 cum
643 2642 690 2666 ex
712 2632 867 2680 antiquo
888 2631 1019 2670 codice
1033 2641 1135 2677 ‚tum
1155 2644 1201 2670 ex
1214 2634 1292 2671 Pri·

242 2675 364 2713 seiano
376 2675 501 2713 locum
522 2678 622 2714 hunc
643 2680 691 2716 ita
713 2682 858 2719 citante.
912 2683 1063 2733 Hicque
1085 2683 1180 2722 ordo
1194 2685 1284 2729 erit,

244 2726 316 2774 ipsa
349 2725 485 2771 celeris,
529 2728 604 2764 hoc
637 2729 687 2765 est
708 2757 718 2773 ‚
767 2731 892 2769 festina
914 2761 925 2777 ,
954 2736 1030 2779 fert
1067 2734 1186 2783 secum
1211 2735 1288 2784 spo-

245 2776 347 2813 lium.
384 2776 478 2835 inc3
497 2790 532 2832 a⁴
547 2778 700 2816 CRUCE.
755 2780 905 2818 Crinem
926 2795 1151 2832 purpureum
1171 2814 1182 2831 ‚
1210 2798 1289 2836 quo

244 2827 415 2866 scelerate
442 2839 600 2865 nimium
624 2839 762 2877 patrem
785 2831 963 2879 spoliarat.
989 2835 1141 2882 quidam
1163 2846 1291 2874 tamen

244 2890 313 2927 pro
329 2877 463 2925 sceleris
477 2906 486 2923 ‚
509 2878 621 2915 celeris
641 2879 864 2918 substituunt.
890 2882 949 2919 sed
970 2884 1084 2932 quain
1105 2887 1290 2934 bene,ipsi

244 2928 417 2968 viderint.
446 2930 615 2967 Rzoxus.
662 2931 794 2967 Sceleris
815 2944 946 2969 omnes
967 2934 1047 2971 libri
1067 2935 1185 2981 scripti
1200 2938 1287 2980 ,illo

246 2980 351 3018 Statii
372 2989 552 3030 excepto,
580 2982 618 3018 in
636 2992 713 3030 quo
733 2991 839 3018 antea
855 2982 1062 3030 legebatur,
1091 2985 1287 3028 celeris,cui

244 3032 369 3080 postea
387 3033 526 3070 recenti
542 3044 654 3070 manu
669 3061 680 3077 ‚
707 3034 745 3070 ὅ(
765 3040 973 3070 atramento
995 3033 1160 3071 additum
1183 3035 1287 3083 ests,

245 3082 461 3132 factumque
476 3083 622 3132 sceleris.
665 3083 862 3121 Priscianus
885 3084 994 3121 etiam
1019 3084 1131 3133 legit,
1159 3085 1286 3123 celeris.

248 3134 326 3171 e‘us
348 3135 457 3172 verba
477 3134 559 3172 sunt
575 3134 637 3172 lib.
657 3147 694 3172 v.
728 3139 775 3170 Et
799 3134 981 3183 adjea‘livis
1008 3136 1171 3184 exceptis,
1201 3150 1289 3185 quae

241 3146 280 3230 β
299 3197 365 3220 non
384 3186 421 3221 in
442 3185 652 3231 hisfaciunt
665 3186 864 3232 feminina,
893 3186 1066 3234 necessarii)
1090 3188 1288 3224 communia

241 3233 349 3278 sint,
376 3246 414 3271 ut
428 3235 525 3271 Celer
543 3237 776 3284 masculinum
798 3236 923 3273 Celeris
938 3238 1030 3281 jacit
1045 3238 1262 3284 femininum

246 3284 338 3329 cajus
357 3284 393 3321 in
422 3299 437 3322 e
459 3297 633 3327 neutrum.
663 3288 780 3327 Ovid.
801 3300 889 3326 vm.
910 3289 1163 3338 Metainorph.
1276 3267 1287 3285 ²

2262 1126 2387 1185 Pur-
2407 1167 2413 1178 x

1479 1288 1542 1298 ....
1562 1269 1760 1320 praedaque
1766 1267 1881 1318 potita
1901 1265 2082 1316 nefanda}
2339 1240 2342 1243 ·

1404 1326 1483 1358 Fert
1491 1321 1609 1370 secum
1620 1320 1771 1372 spolium
1794 1318 1930 1365 celeris,
1953 1317 2186 1370 progressaque
2197 1326 2313 1369 porta.
2392 1344 2397 1350 «

1352 1384 1553 1424 Terentius
1573 1387 1610 1425 in
1630 1387 1882 1425 Phormione:

1404 1437 1538 1475 Nullus
1566 1452 1599 1475 es
1626 1443 1714 1476 Geta
1745 1436 1811 1487 nist
1828 1434 2004 1486 confilium
2023 1434 2168 1486 aliquod
2189 1434 2290 1475 celere
2313 1439 2400 1489 repo-'j

1530 1489 1626 1527 reris.
1680 1489 1900 1527 Ciofaiws.

1350 1552 1478 1591 Celeris
1499 1554 1536 1591 ln
1558 1555 1682 1603 primo
1702 1553 1881 1591 Mediceo
1896 1581 1907 1598 ,
1933 1553 2057 1601 priore
2076 1551 2215 1591 Erfurt.
2235 1552 2396 1594 Calandr.

1346 1603 1459 1651 Juret.
1481 1604 1635 1654 Spirens.
1663 1606 1702 1643 ὃς
1728 1605 1893 1654 quinque
1923 1603 2013 1641 aliis.
2045 1603 2245 1653 quomodo
2268 1605 2306 1642 δί
2324 1604 2399 1643 Pri·
2470 1630 2473 1638 ι

1346 1654 1487 1693 scianus
1513 1656 1677 1705 agnoscit
1699 1685 1709 1700 ,
1739 1657 1777 1693 δε
1809 1657 1847 1693 in
1868 1654 2071 1692 veterrimo
2101 1654 2195 1694 libro
2217 1655 2399 1694 Vivianus

1348 1706 1504 1745 invenit.
1561 1707 1632 1746 Sed
1652 1707 1711 1745 vel
1736 1705 1784 1745 fic
1805 1706 1949 1745 versum
1967 1706 2067 1743 hunc
2085 1705 2291 1744 tollendum
2315 1717 2413 1744 cen-

1348 1756 1423 1795 seo.
1482 1759 1593 1796 Certe
1634 1759 1673 1797 in
1703 1759 1851 1807 optimo
1883 1757 1917 1795 S.
1948 1756 2068 1794 Marci
2100 1756 2231 1794 codice
2267 1756 2402 1806 margi-⁵

1349 1808 1388 1845 ni
1405 1808 1601 1859 adscriptus
1623 1817 1721 1854 erat,
1755 1808 1869 1859 idque
1891 1819 2007 1847 manu
2035 1808 2246 1846 recentiori.
2272 1808 2403 1855 Htw
2465 1800 2468 1833 ⁴¹

1349 1871 1462 1950 SIUSSS.
1491 1912 1616 1949 Meriti
1628 1911 1764 1959 fiducia
1782 1920 1887 1947 tanta
1912 1908 1992 1958 est.]

1350 2026 1451 2051 xvn.
1481 2027 1538 2063 19.

1402 2077 1464 2113 91.
1493 2065 1724 2115 patriamque
1748 2064 1902 2114 meosque
1918 2060 2096 2112 penate5.]
2126 2060 2327 2112 Patriosque
2351 2073 2396 2100 ex
2458 2092 2462 2111 ,

1351 2117 1576 2155 melioribus.
1604 2118 1750 2154 Herm.
1807 2114 2014 2163 Patriaeque
2044 2112 2215 2150 Francof.
2248 2111 2397 2153 Cantab.
2458 2130 2483 2161 μ

2457 2168 2460 2184 Ι

1351 2167 1390 2204 ἃ
1403 2166 1469 2267 {ix
1488 2168 1623 2268 ziiignus
1639 2216 1806 2267 amoris]
1833 2222 1969 2254 Munus
1979 2215 2126 2264 Junian.
2138 2214 2177 2252 ὅτ
2199 2213 2396 2254 Leid.ma·‘

1349 2268 1394 2307 le.
1415 2270 1490 2308 vid.
1511 2272 1555 2308 ad
1575 2271 1684 2319 Epist.
1706 2283 1766 2307 xv.
1788 2281 1871 2313 104.

1401 2333 1460 2370 94.
1487 2321 1723 2372 Scelerataque
1742 2320 1869 2357 dextra
1887 2325 2040 2356 Munera
2053 2315 2251 2368 porrexit.]
2279 2316 2395 2368 Exag-=
2452 2290 2457 2337 ἶ
2476 2358 2483 2366 Δ

1348 2382 1449 2421 gerat
1473 2377 1586 2423 poe'ta
1604 2382 1740 2410 tetrum
1766 2373 1908 2410 facinus
1931 2370 2084 2420 Scyllae.
2114 2369 2229 2406 Cror.

1399 2425 1461 2472 96.
1491 2424 1645 2473 Imagine
1663 2422 1791 2473 sabla]

1347 2475 1635 2564 ἕῖἐεΜΓεςωωτ.
1671 2475 1804 2513 eadem
1833 2472 2020 2512 diversitas
2046 2472 2140 2521 supr.
2165 2471 2227 2510 lib.
2256 2482 2292 2518 v.
2309 2467 2386 2520 258.

1402 2591 1460 2625 97.
1487 2577 1552 2614 Dii
1570 2588 1603 2614 te
1615 2575 1910 2625 summoveant]
1964 2575 2055 2613 Hoc
2079 2573 2179 2612 idem
2196 2601 2208 2618 ‚
2237 2573 2388 2622 opinorj

1347 2628 1423 2667 aliis
1444 2629 1562 2667 verbis
1579 2629 1672 2667 dixit
1694 2629 1917 2666 Terentius:
1948 2626 2012 2662 Dii
2032 2636 2064 2663 te
2085 2624 2270 2663 eradicent.
2319 2622 2378 2661 Et:
2445 2631 2447 2633 ’

1345 2685 1403 2716 At
1422 2681 1486 2717 Dii
1501 2679 1665 2728 perdant.
1691 2679 1839 2717 Plautus
1866 2678 1904 2715 in
1927 2677 2138 2715 Aulularia:
2168 2674 2328 2725 Juppiter
2342 2681 2387 2718 te,

1344 2729 1465 2780 Dique
1491 2743 1607 2767 omnes
1633 2729 1798 2779 perdant.
1850 2728 1957 2766 Idem
1986 2728 2023 2765 in
2055 2727 2230 2765 Rudente
2248 2755 2258 2770 ,
2286 2722 2337 2762 Di
2353 2731 2386 2760 te

1345 2780 1563 2828 infelicitent.
1614 2780 1720 2818 Idem
1753 2782 1792 2819 in
1821 2779 1952 2818 Casina
1976 2792 1985 2816 ε
2014 2784 2058 2815 Ut
2085 2778 2188 2815 illum
2208 2776 2261 2814 Di
2279 2784 2388 2813 omnes

1336 2833 1490 2882 perdant
1524 2837 1697 2883 Deaeque.
1748 2831 1810 2869 Ad
1838 2842 1951 2881 quem
1980 2831 2110 2868 locum
2139 2828 2290 2878 respexit
2310 2825 2384 2882 Te·

1345 2886 1481 2922 rentius
1501 2886 1538 2922 in
1560 2884 1766 2921 Eunucho:
1803 2888 1847 2920 Ut
1877 2881 1931 2919 Di
1953 2881 2055 2918 illum
2076 2886 2234 2931 Deaeque
2249 2877 2386 2927 semum

1340 2935 1502 2982 perdant.
1531 2935 1751 2971 Cromnos.

1395 2985 1454 3030 98.
1484 2984 1572 3020 Orbe
1584 2986 1692 3033 sua]
1750 2984 1838 3020 Orbe
1864 2982 1963 3034 polus
1987 2982 2145 3031 Neapol.
2167 2981 2320 3019 Florent.
2346 2974 2383 3015 S.

1345 3031 1487 3078 Marci,
1517 3035 1554 3070 ὅ(
1586 3034 1675 3082 Spir.
1729 3035 1817 3071 Orbe
1836 3045 1894 3071 tuo
1936 3044 2083 3083 quartus
2113 3031 2248 3070 Medic.
2299 3025 2386 3065 Orbe

1344 3097 1427 3121 meo.
1480 3084 1623 3126 Scribe,
1653 3085 1742 3121 Orbe
1759 3085 1823 3133 pio.
1851 3086 1973 3133 postea
1995 3095 2159 3134 negentur
2171 3094 2235 3131 pro
2254 3089 2386 3128 negetur

1345 3135 1538 3172 Mediceus
1555 3135 1775 3173 chartaceus.
1806 3137 2010 3174 Hfimssus.
2048 3134 2136 3170 Orbe
2148 3135 2210 3179 suo
2229 3132 2384 3169 retinen·
2432 3125 2436 3188 l

1345 3185 1433 3223 dum
1449 3214 1459 3229 ‚
1482 3187 1565 3229 quia
1580 3198 1669 3223 mox
1691 3187 1850 3235 sequitur
1864 3215 1873 3231 ‚
1902 3194 2029 3227 Creta,
2057 3197 2145 3232 quae
2163 3196 2255 3219 meus
2275 3179 2317 3227 est
2334 3193 2386 3216 ω·-
2431 3197 2434 3239 3

1344 3235 1406 3274 bis.
1434 3237 1602 3286 intelligit
1622 3249 1710 3274 vero
1731 3247 1853 3275 totum
1876 3238 2026 3281 orbem,
2040 3235 2077 3272 in
2098 3245 2210 3284 quem
2231 3232 2383 3270 deorum
2430 3251 2433 3284 ξ

1345 3287 1393 3325 est
1411 3288 1578 3338 potestas.
1605 3288 1821 3327 Burri-mma.

2179 3338 2181 3341 ⁴
2214 3332 2273 3381 98.
2298 3336 2385 3378 Pone

2034 1908 2176 1946 Meritis
2195 1908 2284 1946 duo.
2311 1919 2398 1948 unus

1351 1962 1697 2008 Leidenfis,menti.
1723 1974 1804 2000 non
1823 1961 1932 1999 male.
1959 1960 2076 1998 IDEM.
2131 1959 2218 1997 Vid.
2238 1959 2282 1997 ad
2293 1959 2397 2011 Epist.
2461 1966 2465 1993 ἐ

1833 2420 1982 2468 Monstri
2002 2432 2094 2459 unus
2112 2420 2310 2458 Gronovii.
2334 2416 2392 2458 sed
2449 2418 2454 2462 Ξ

2448 2485 2451 2536 l

2438 2712 2445 2914 t
