2483 3616
334 158 1282 222 METAMORPHOS
1321 163 1457 221 EO
1494 163 1550 221 N
1619 163 1761 222 Lan.

1830 167 1926 229 IV.

2081 188 2183 241 295

437 266 524 322 Ed
548 277 726 319 tamen
747 265 1003 320 ambobus
1029 268 1204 322 versae
1228 266 1404 321 solatia
1427 267 1631 323 formae

448 337 651 408 Magna
677 353 842 408 nepos
865 337 1064 392 fuerat:
1105 356 1268 410 quem
1294 338 1551 394 debellata
1573 341 1784 396 colebat

192 414 305 478 ‘505
343 409 513 464 India:
555 426 716 482 quem
739 408 919 481 positis
946 410 1244 465 celebrabat
1268 413 1472 465 Achaia
1498 413 1725 484 templiS.

343 481 496 536 Solus
521 481 874 546 Abantiade3‚
911 483 974 537 ab
999 484 1204 554 origine
1231 496 1405 537 cretus
1430 484 1649 548 eadem,

258 591 263 594 -
337 553 572 608 Acrisius
596 554 853 626 superest,
892 556 985 627 qui
1008 555 1287 609 moenibus
1313 569 1488 610 arceat
1511 556 1655 610 urbis

341 626 629 697 Argolicae
641 650 660 688 ,ς
702 641 996 699 contraque
1018 627 1200 683 Deum
1224 627 1359 682 ferat
1384 646 1555 694 arma3
1594 646 1866 702 genusque

336 699 460 754 Non
482 712 641 771 putet
664 698 767 753 effe
784 699 958 769 Jovis:
986 718 1162 772 neque
1187 700 1330 754 enim
1348 700 1495 770 Jovis
1521 701 1623 756 effe
1647 703 1863 774 putabat

191 773 300 824 >610
337 770 556 843 Persea;
598 789 760 844 quern
783 772 964 842 pluvio
990 773 1171 826 Danae
1198 786 1519 844 conceperat
1545 792 1690 828 aum.

340 843 483 897 Mox
507 857 687 897 tamen
712 842 974 897 Acrisium
990 883 1005 907 ,
1046 847 1225 913 (tanta
1249 843 1322 898 est
1345 846 1633 916 praesentia
1658 847 1806 915 veri)

340 915 483 970 Tam
507 915 717 971 violasse
740 915 948 979 Deum,
985 933 1146 988 quam
1170 933 1279 971 non
1301 917 1512 987 agnosse
1540 932 1825 992 nepotem,

94 1131 121 1161 ’Υ
140 1132 348 1183 Agebant.]
377 1133 570 1171 Habebam.
593 1132 730 1171 Co'lom

108 1190 127 1219 g
154 1184 337 1232 Aspet‘tam
360 1184 497 1234 caput.]
528 1185 585 1221 Sic
607 1183 686 1220 MS.
708 1181 833 1220 habuit
861 1181 1090 1220 ut&Vene-

50 1241 110 1270 ta.
131 1235 286 1271 Raencr.
323 1234 506 1283 abscifficm.
533 1232 674 1280 Micyll.
694 1234 875 1281 absectum.
919 1232 989 1270 Sed
1009 1244 1090 1280 per-

54 1294 180 1332 peram
195 1311 206 1327 ,
230 1292 271 1320 ut
290 1285 433 1332 opinor.
459 1285 678 1322 Maricam.
704 1283 891 1332 Abseftum
919 1283 1056 1321 Colon.

103 1332 123 1361 ἥ
151 1333 320 1383 Retulit.]
349 1340 414 1370 Per
434 1338 518 1371 a'e'ra
541 1335 624 1371 tulit
643 1333 786 1382 Micyll.
807 1334 946 1372 Colon.

96 1381 115 1410 ἆ
140 1383 375 1434 Serpentum]
405 1386 570 1433 Serpentis
594 1386 749 1422 Raener.
768 1385 895 1422 Heins.

107 1434 125 1462 k
152 1433 285 1483 Utero.]
315 1434 421 1471 Haec
444 1435 492 1471 est
516 1435 626 1472 lecffio
650 1435 732 1472 MS.
758 1435 794 1472 ὅς
809 1435 989 1473 Venetae.
1015 1435 1092 1473 Mi-

57 1484 188 1533 cyllus,
214 1485 256 1521 ab
286 1495 390 1522 utero,
429 1485 499 1522 Sed
531 1487 658 1523 Nonn.
686 1485 843 1534 Dionys.
874 1486 956 1523 Lib.
978 1498 1090 1524 xxxx.

54 1545 136 1584 pag.
155 1547 234 1584 515.
261 1532 422 1576 l‘rrnsz‘nv
445 1536 623 1581 ἐλόχευσε
653 1540 752 1581 γσνῆν
774 1536 1007 1578 &Suum-&uoq
1029 1535 1092 1571 αὐ-

62 1588 143 1631 χήν.
169 1587 274 1633 Quae
287 1584 470 1624 adstruunt
482 1586 734 1634 conjecturam
757 1586 892 1623 Barthii
904 1587 962 1623 lib.
975 1597 1090 1624 xxnx.

62 1635 125 1672 od.
146 1647 190 1672 11.
217 1647 344 1673 trunco.
371 1637 446 1674 Alii
475 1637 575 1675 aliter
606 1637 651 1674 de
672 1637 733 1675 illo
755 1647 853 1686 equo
875 1636 1091 1674 fabulantur.

58 1684 155 1722 Vide
182 1686 268 1723 Fest.
294 1686 332 1723 in
352 1687 504 1737 Hippius.
546 1688 689 1737 Hygin.
722 1688 848 1737 Myth.
882 1699 961 1735 cap.
1012 1699 1091 1736 151.

58 1735 306 1783 Apollodorus
330 1737 413 1775 Lib.
449 1751 502 1776 11.
541 1736 817 1784 Nazarenam-ae
835 1737 875 1773 δὲ
895 1739 957 1780 τῆς
976 1738 1093 1783 κεφα-

57 1788 145 1830 λῆς,
165 1786 207 1822 ἐκ
230 1789 292 1829 τῆς
313 1789 473 1833 Γοργῖτνσς
513 1787 647 1836 ἐξέθορε
680 1789 847 1834 Πήγασος
870 1790 1001 1831 πτηνὸς
1025 1787 1091 1824 ’ἱπ-

57 1849 144 1881 πος,
169 1839 230 1874 καὶ
250 1840 414 1883 Χρυσάωρ
444 1840 463 1876 ’ὀ
496 1840 664 1884 Γηρυόνου
690 1841 823 1884 πατήρ.
876 1841 1031 1881 Τούτους
1050 1839 1090 1875 δὲ

56 1885 215 1933 ἔγένησεν
236 1883 287 1923 ἐκ
310 1889 523 1931 Ποσειδῶνος.
563 1890 680 1937 Quod
710 1889 736 1927 fi
759 1889 897 1927 menses
918 1890 952 1927 ei
973 1890 1090 1927 exaffi

56 1939 182 1982 fuere,
205 1949 290 1976 cum
318 1941 434 1988 capite
455 1948 705 1984 truncaretur,
733 1941 829 1978 forte
852 1952 940 1988 ergo
954 1951 998 1977 ex
1011 1949 1092 1978 ute-

53 1996 206 2026 ro'tunc
223 1989 424 2027 exilierunt.
452 1992 666 2029 Muucmzn.
686 1991 730 2027 ab
751 2002 843 2027 utero
867 1991 1003 2028 Colon.

63 2037 124 2124 Edl
156 2039 316 2087 Medusae
345 2039 494 2091 hujus.]
548 2042 709 2091 Ejusdem
754 2042 918 2090 Medusae
959 2053 1091 2079 omnes

108 2145 136 2164 ¹¹¹
162 2136 300 2187 Exiit.]
322 2140 408 2176 Exi—t
430 2140 811 2191 Parm.Lugd.exivit
833 2141 971 2179 Colon.

111 2200 195 2250 603.
221 2201 348 2239 Solatia
368 2217 494 2252 magna
513 2216 607 2256 nepos
627 2206 805 2256 dederat.]
843 2213 971 2243 Fuerat
992 2218 1086 2245 unus

56 2250 251 2289 Voffianus
275 2253 310 2289 &
332 2254 577 2302 fragmentum
598 2258 836 2294 veterrimum
854 2285 863 2299 ‚
876 2257 978 2306 quod
990 2256 1086 2294 Am-

55 2299 263 2340 stelaedami
284 2303 379 2347 ,vidi
405 2303 605 2352 eleganter:
634 2307 812 2355 Epicedio
841 2305 974 2353 Drusi,
1000 2319 1085 2354 411.

111 2373 168 2405 At
189 2380 228 2406 tu
250 2371 310 2421 qui
321 2371 454 2420 superes
467 2371 607 2420 miserae
617 2372 746 2421 fhlatia
768 2375 888 2412 matri.

55 2431 241 2473 Remedio
265 2437 439 2482 Amoris,
466 2438 551 2487 483.

61 2502 64 2507 '
106 2497 214 2534 Dixit
235 2511 279 2538 0⁶·
298 2498 387 2536 hanc
406 2501 530 2538 habuit
542 2502 674 2551 solatia
697 2516 824 2552 magna
842 2502 978 2553 prioris.

55 2558 114 2598 Sic
136 2561 314 2601 Phaedrus
333 2563 392 2601 lib.
418 2564 530 2602 1.fab.
555 2578 611 2603 rx.

105 2615 208 2660 Lepus
219 2614 445 2662 semianimus
459 2642 468 2659 ‚
491 2617 611 2652 mortis
632 2616 672 2651 in
690 2615 832 2663 filatia.

57 2659 114 2698 Sic
133 2661 327 2710 legendum
342 2665 498 2702 omnino
513 2693 523 2709 ‚
551 2665 663 2714 vulgo
678 2693 688 2709 ‚
715 2666 752 2701 iu
765 2665 889 2711 solatio
903 2692 913 2709 ‚
936 2664 1086 2701 Petron.

58 2711 140 2748 108.
162 2714 287 2751 aderat
307 2715 538 2758 interpellanti
561 2715 787 2752 mercenarius
810 2729 913 2752 comes
934 2727 977 2754 (y
996 2727 1087 2750 unus

55 2760 205 2813 alterque
235 2759 478 2813 infirmiffimus
519 2769 635 2803 vet‘lor
657 2795 667 2812 ,
696 2765 828 2815 solatia
858 2766 967 2814 magis
994 2765 1090 2810 litis,

57 2823 163 2859 quam
183 2814 314 2851 virium
334 2815 482 2852 auxilia.
508 2816 618 2864 Epist.
644 2829 825 2864 xvt.294.

107 2866 154 2898 Et
177 2873 238 2899 tua
260 2863 320 2910 βω
351 2866 469 2915 quaeso
491 2867 639 2903 crimina
655 2867 749 2913 Jblus
774 2880 837 2915 ego.
865 2866 1009 2903 Hzms.

55 2908 143 2950 Vid.
164 2913 208 2950 ad
226 2915 381 2953 Remed.
402 2915 487 2964 528.
513 2918 551 2954 ὅτ
572 2917 717 2953 nfast.
741 2929 799 2965 37.
820 2917 857 2953 δε
877 2915 961 2961 408.

109 2961 194 3018 694.
217 2965 436 3016 Debellata.]
466 2967 667 3003 Decolorata
697 2968 848 3004 Bernec.
878 2978 971 3006 unus
992 2969 1090 3007 Gro-

56 3013 161 3048 novii
178 3015 220 3050 ,ὃζ
249 3015 413 3061 Heinfii,
439 3016 503 3065 qui
533 3016 618 3054 inde
650 3017 803 3054 faciebat
825 3045 835 3060 ,
861 3017 999 3066 discolor
1021 3034 1091 3058 ora.

59 3058 208 3098 Meliori
226 3063 339 3111 specie
352 3064 478 3114 poffet.
500 3067 626 3104 decolor
646 3081 705 3104 ora
720 3096 731 3112 ‚
757 3067 829 3106 vid.
842 3066 932 3116 supr.
945 3069 1090 3107 advers..

57 3119 118 3145 21.
156 3111 215 3148 sed
243 3115 351 3151 tutius
391 3116 439 3153 est
467 3116 557 3153 nihil
587 3125 740 3155 mutare.
801 3118 966 3154 decollata
998 3132 1092 3158 unus

58 3157 197 3214 Medic.
243 3163 426 3201 celebrarat
472 3166 584 3203 etiam
626 3167 780 3216 Berneg.
810 3167 1006 3207 celebravit.
1032 3182 1084 3219 pr.

55 3207 196 3246 Medic.
246 3210 372 3249 ΒΗΜΛ.

106 3258 189 3348 όεᾶξ.
216 3260 366 3347 Acssa‘z'a.
387 3260 403 3312 ]
460 3263 571 3312 Apud.
601 3264 824 3314 Stephanum
846 3266 1005 3306 scribitur
1025 3264 1087 3316 ’At

165 3323 229 3347 om.
293 3339 305 3348 δ

1988 1005 2186 1065 Poeni*

1143 1131 1335 1182 χαῖΐοιῖρτο
1358 1136 1509 1184 regione
1524 1161 1534 1178 ‚
1570 1134 1664 1183 apud
1686 1134 1834 1173 Pausan.
1856 1134 1994 1182 Ἀχαΐα
2008 1163 2019 1179 ,
2052 1136 2185 1186 absque

1143 1184 1374 1233 diphthongo
1389 1214 1400 1231 ,
1432 1185 1490 1223 cui
1528 1186 1566 1222 &
1602 1185 1753 1223 latinum
1793 1186 1934 1223 Achaia
1981 1186 2187 1235 respondet.

1145 1235 1329 1272 MICYLL.

1197 1285 1282 1324 608.
1310 1286 1486 1335 Genufijue
1508 1292 1587 1322 Non
1603 1295 1707 1336 pietat
1730 1286 1785 1334 effe
1797 1285 1938 1335 deuna]
1969 1287 2067 1335 Quia
2078 1291 2185 1336 praess

1146 1335 1259 1380 cessit,
1275 1347 1456 1386 contraque
1471 1343 1582 1373 Deum
1597 1339 1695 1383 ferat
1708 1351 1825 1381 arma,
1852 1348 1945 1385 quae
1959 1337 2066 1374 verba
2087 1338 2186 1377 haud

1146 1386 1298 1423 obscure
1321 1386 1366 1424 de
1389 1388 1533 1424 Baccho
1556 1387 1823 1436 intelliguntur,
1852 1387 2020 1424 videntur
2042 1388 2183 1426 &haec

1147 1435 1193 1473 de
1213 1436 1348 1474 eodem
1376 1436 1460 1475 dici.
1497 1446 1535 1475 ut
1567 1437 1608 1474 fit
1638 1437 1777 1482 sensus,
1806 1436 1963 1474 Acrisius
1984 1449 2060 1475 non
2081 1446 2185 1487 putat

1146 1486 1333 1524 Bacchum
1353 1487 1422 1524 effe
1449 1499 1561 1536 genus
1578 1488 1706 1525 Deum
1723 1517 1732 1533 ‚
1749 1489 1823 1525 hoc
1846 1487 1893 1524 est
1913 1488 1957 1524 de
1978 1499 2111 1536 genere
2123 1497 2184 1527 aut

1145 1549 1305 1575 numero
1327 1538 1506 1582 deorum;
1537 1547 1572 1575 at
1593 1539 1679 1575 illud
1698 1539 1789 1575 enim
1805 1567 1813 1581 ,
1827 1538 1927 1586 quod
1938 1538 2096 1586 sequitur
2116 1551 2186 1587 pro

1146 1587 1252 1624 etiam
1273 1587 1432 1636 pofitum
1462 1590 1632 1634 videtur,
1658 1597 1698 1626 ut
1731 1588 1771 1626 fit
1793 1588 1933 1626 fabulae
1956 1588 2001 1625 ad
2024 1588 2184 1628 fabulam

1147 1640 1346 1676 connexio.
1378 1651 1499 1688 neque
1519 1640 1611 1675 enim
1632 1639 1775 1676 videtur
1794 1638 2062 1686 conjuncffionis
2074 1639 2186 1676 ratio-

1148 1689 1234 1726 nalis
1256 1689 1333 1726 vim
1352 1689 1484 1726 habere
1499 1718 1509 1733 ‚
1532 1688 1597 1726 nifi
1619 1690 1697 1738 quis
1707 1689 1802 1726 dicat
1818 1717 1828 1733 ‚
1856 1700 1950 1738 quae
1963 1689 2186 1737 praecedunt

1146 1739 1257 1775 verba
1279 1740 1327 1776 ita
1348 1740 1509 1788 intelligi.
1547 1739 1729 1776 Acrisium
1751 1751 1828 1777 non
1851 1747 1976 1787 putare
1989 1750 2100 1787 genus
2113 1738 2185 1777 effe

1148 1789 1275 1826 Deum
1290 1818 1300 1834 ,
1325 1790 1400 1827 hoc
1422 1790 1469 1827 est
1482 1789 1599 1827 nullos
1621 1788 1691 1826 effe
1714 1789 1814 1827 deos.
1839 1789 1887 1826 fic
1909 1790 2009 1826 enim
2019 1790 2186 1836 infertur,

1148 1852 1269 1888 neque
1304 1841 1404 1877 enim
1433 1841 1536 1887 Jovis
1568 1838 1638 1877 effe
1667 1840 1815 1888 putabat
1843 1839 1980 1877 Persea.
2006 1840 2066 1877 sed
2086 1841 2185 1888 prior

1146 1891 1261 1927 sensus
1283 1892 1398 1939 magis
1425 1892 1520 1928 mihi
1549 1891 1732 1938 probatur.
1770 1891 1859 1927 Hoc
1889 1890 1975 1927 loco
1998 1891 2108 1927 etiam
2129 1896 2188 1928 A-

1149 1941 1330 1978 bantiades
1352 1941 1505 1978 Abantis
1524 1940 1616 1978 filius
1638 1939 1795 1978 Acrisius
1818 1940 1969 1984 dicitur,
1999 1952 2082 1977 cum
2097 1952 2187 1989 pau-

1148 1991 1186 2028 lo
1206 1991 1284 2040 post
1307 1991 1449 2029 Perseus
1481 1991 1701 2028 Abantiades
1733 1991 1872 2028 dicatur
1894 2018 1904 2034 ‚
1931 1990 1991 2028 sed
2013 2003 2091 2028 non
2127 1996 2185 2027 A-

1148 2041 1265 2078 bantis
1283 2041 1374 2079 filius
1388 2070 1399 2086 ,
1427 2050 1468 2079 ut
1488 2041 1645 2078 Acrisius
1666 2041 1780 2078 dictus
1804 2041 1874 2085 est,
1901 2052 2030 2077 verum
2060 2040 2186 2078 Aban-

1146 2092 1190 2129 tis
1221 2092 1418 2141 pronepos.
1456 2091 1595 2129 etiamfi
1627 2090 1792 2140 Raphael
1821 2098 1997 2139 nepotem
2032 2091 2186 2138 exponit

1143 2142 1298 2180 Abantis
1312 2171 1322 2187 ‚
1350 2154 1436 2179 cum
1468 2141 1509 2178 fit
1530 2141 1659 2178 Acrisii
1688 2154 1732 2178 ex
1755 2141 1826 2178 filia
1847 2152 1961 2188 nepos
1976 2169 1985 2184 ‚
2025 2140 2121 2177 unde
2142 2142 2182 2178 &

1141 2192 1232 2229 libro
1253 2193 1417 2240 sequenti
1447 2191 1698 2241 Acrifioniades
1730 2192 1859 2229 dicitur
1887 2190 2040 2227 Perseus.
2079 2191 2186 2227 GLA-

1141 2255 1262 2280 REAN.
1289 2242 1457 2280 Emenda
1472 2271 1482 2287 ,
1508 2254 1552 2280 cx
1574 2254 1650 2279 uno
1670 2243 1729 2279 lib.
1752 2253 1839 2278 meo
1854 2269 1864 2284 ,
1891 2242 1930 2277 &c
1951 2240 2092 2277 duobus
2104 2242 2184 2278 Va-

1140 2293 1290 2338 ticanis,
1313 2293 1483 2343 genusque
1517 2299 1597 2330 Nou
1621 2302 1724 2341 placat
1754 2291 1808 2340 effe
1833 2291 1953 2336 Jovis.
1981 2291 2113 2328 Cicero
2143 2291 2183 2329 in

1140 2343 1435 2381 Phaenomenis:
1473 2348 1503 2379 E
1520 2343 1660 2392 pedibus
1682 2352 1808 2378 vatum
1820 2341 1958 2389 summo
1989 2351 2092 2377 natus
2114 2341 2184 2387 Jo-

1143 2407 1185 2429 ve
1216 2394 1365 2441 Perseus.
1406 2396 1519 2436 Cxof.
1557 2400 1660 2429 Putet
1682 2392 1862 2428 meliores.
1892 2391 1930 2427 &
1952 2402 2017 2438 pro
2041 2396 2181 2435 Deum,

1142 2443 1437 2487 Arondehanus,
1467 2443 1605 2479 Mureti
1636 2448 1803 2489 excerpta
1828 2469 1838 2484 ‚
1877 2441 1914 2477 &
1947 2448 2103 2489 quatuor
2125 2441 2184 2479 alii

1146 2503 1191 2529 ex
1214 2493 1360 2537 nostris,
1388 2505 1433 2530 ex
1457 2492 1680 2530 Ciofanianis
1702 2500 1771 2528 tres
1787 2519 1797 2536 ‚
1823 2491 1942 2537 Jovis.
1982 2490 2102 2528 Scribe
2118 2506 2129 2527 .-

1807 2541 1974 2591 genusque

1200 2599 1280 2630 Non
1295 2602 1394 2643 putet
1414 2592 1470 2642 effe
1494 2592 1624 2639 Jovis:
1644 2592 1708 2641 fid
1729 2605 1786 2629 nec
1805 2592 1914 2638 Jovis
1939 2590 1994 2640 effe
2004 2591 2159 2641 putabat·

1198 2645 1330 2691 Persea.

1146 2694 1355 2732 exciderant
1386 2702 1457 2732 tres
1478 2705 1592 2731 voces
1606 2722 1617 2738 ‚
1636 2693 1700 2742 sed
1718 2706 1775 2729 nec
1797 2693 1927 2738 Jovis,
1956 2704 2076 2730 errore
2097 2702 2186 2731 nato

1146 2756 1191 2781 ex
1214 2745 1379 2793 negleita
1401 2744 1420 2782 {1
1444 2745 1588 2782 librario
1611 2744 1784 2780 oscitante
1807 2743 2024 2792 repetitione
2044 2745 2107 2780 τοῦ
2119 2745 2189 2789 Jo-

1145 2796 1224 2837 vis,
1265 2795 1382 2832 versui
1413 2807 1479 2843 pro
1512 2794 1658 2832 arbitrio
1696 2794 1883 2830 tibicinem
1915 2793 2037 2842 postea
2065 2795 2185 2831 nescio

1146 2846 1224 2894 quis
1247 2845 1415 2883 admorat
1430 2873 1440 2889 ,
1466 2844 1526 2882 sed
1549 2845 1623 2881 fine
1644 2842 1810 2881 successu.
1841 2842 1962 2881 Potest
1986 2844 2187 2888 &rescribi‚

1145 2909 1230 2933 nam
1253 2909 1310 2932 mc
1331 2896 1439 2941 Jovis
1460 2895 1517 2945 effe
1531 2894 1682 2943 putabat
1713 2896 1843 2942 Persea.
1870 2893 1979 2942 paulo
2000 2902 2082 2931 ante
2104 2905 2186 2940 pro,

1145 2945 1301 2994 Acrissas
1317 2946 1485 2996 superest,
1529 2944 1754 2983 Genevenfis
1776 2973 1787 2990 ‚
1816 2947 1969 2994 superat.
1996 2952 2035 2980 ut
2065 2943 2101 2979 in
2122 2942 2185 2978 illo

1144 2996 1312 3034 Maronis
1336 3009 1416 3035 111.
1441 3008 1528 3046 339.

1373 3059 1557 3109 fitperatne
1576 3072 1619 3099 (7
1640 3059 1789 3109 vescitur
1806 3056 1900 3095 aard

1195 3110 1383 3148 Aetherea.
1422 3111 1561 3147 HEINS.

1201 3171 1285 3209 612.
1313 3175 1433 3220 Qam
1457 3186 1524 3208 non
1544 3172 1710 3222 agnoffi.]
1742 3172 1798 3207 Sic
1819 3177 1958 3205 veteres
1977 3166 2065 3204 libri.
2079 3167 2117 3205 δί
2128 3169 2186 3204 re=3

1143 3220 1212 3257 ete.
1236 3236 1302 3258 non
1324 3221 1449 3270 novisse
1472 3222 1760 3260 Cantabr.&sex
1774 3220 1842 3256 alii.
1863 3217 2000 3267 cognosse
2012 3217 2185 3256 duo.vid.

1145 3269 1236 3317 supr.
1252 3283 1338 3319 2912

1684 3318 1743 3366 Pp

2016 3318 2100 3367 6132
2129 3319 2188 3365 Aa
