2483 3616
333 116 1573 181 METAMORPHOSEON
1645 117 1787 178 Lm.

1861 124 1970 184 XI·
2092 140 2201 201 777,

347 224 611 280 Aeacides
636 222 738 285 illi,
776 220 1062 282 Pulchros‚
1102 221 1340 293 Regina,
1376 221 1602 295 piosque

202 313 304 366 390
343 296 493 351 Pone
520 307 718 349 metus:
759 295 912 366 plena
935 295 1009 349 est
1038 294 1276 368 promiffi
1311 295 1476 366 gratia
1500 295 1671 350 vestri.

347 369 474 422 Non
497 368 668 438 placet
694 383 839 420 arma
864 367 994 421 mihi
1019 380 1207 423 contra
1231 384 1370 421 nova
1393 366 1625 422 monstra
1646 367 1869 425 moveri.

337 440 556 494 Numen
580 438 912 494 adorandum
939 441 1109 513 pelagi
1137 440 1227 495 est.
1260 439 1390 493 Erat
1415 438 1577 493 ardua
1608 441 1765 495 turris
1782 479 1800 506 ,

342 513 490 566 Arce
513 511 665 565 focus
687 511 919 576 summan
960 512 1100 568 feffis
1126 514 1244 568 loca
1268 523 1415 584 grata
1437 512 1642 566 carinis,

340 583 694 638 Adscendunt
719 585 869 648 illue,
912 585 1203 658 stratosque
1226 586 1283 639 in
1307 585 1461 638 litore
1484 595 1663 638 tauros

197 672 299 725 395
334 656 477 710 Cum
503 658 705 727 gemitu
730 657 1051 729 adspiciunt,
1087 658 1509 727 vastatoremque
1537 667 1766 712 cruento

343 728 456 783 Ore
479 729 648 783 ferum
663 769 679 792 ,
715 731 902 800 longos
925 730 1181 785 infectum
1203 729 1452 800 sanguine
1476 728 1640 784 villos,

340 800 471 855 inde
497 818 680 856 manus
705 803 931 856 tendens
956 802 1012 855 in
1041 802 1210 873 aperti
1235 803 1390 857 litora
1416 801 1598 872 ponti,

341 872 658 930 Caeruleam
681 874 869 929 Peleus
895 873 1238 938 Psamathen,
1273 888 1333 930 ut
1358 872 1505 930 finiat
1532 874 1697 938 iram,

50 1087 108 1124 tes
138 1082 218 1123 suos
246 1084 400 1123 invenit.
435 1084 662 1124 vetustissimi
690 1091 840 1130 tamen,
878 1082 1015 1133 Difict't.
1042 1083 1096 1123 nil

55 1144 172 1176 muto.
202 1135 306 1173 Silius
326 1136 386 1173 lib.
410 1148 457 1174 11.
478 1135 561 1184 558.

103 1185 172 1222 Cui
192 1185 315 1222 vultus
336 1186 463 1222 induta
479 1195 596 1234 pares,
623 1186 830 1234 disjectaque
849 1184 979 1223 crinem

105 1236 290 1281 Eumenis,
316 1236 356 1273 in
380 1236 506 1274 medios
520 1237 672 1287 perrupit
691 1236 834 1273 turbida
855 1246 982 1277 caetus.

54 1285 102 1326 Et
117 1287 177 1325 lib.
199 1299 235 1326 v.
255 1299 340 1337 203.

493 1337 716 1389 Disjeffaque
739 1337 868 1375 crinem

106 1387 303 1425 Illacrt'mat
323 1394 444 1426 Venus.
497 1389 644 1427 Htms.

56 1439 189 1479 Noster
206 1439 315 1488 Epist.
339 1452 410 1477 xix.
427 1439 486 1489 63.
514 1439 759 1490 disJ'eHarnque
789 1452 913 1478 comas.
948 1438 1091 1486 discutit

51 1490 217 1540 quinque
237 1518 247 1534 ,
282 1489 414 1539 dissipat
441 1499 600 1539 quatuor
619 1519 628 1536 ,
664 1491 802 1540 discidit
833 1499 914 1528 tres.
947 1490 1089 1538 difficit,

51 1541 157 1590 quod
188 1552 255 1590 pro
283 1541 419 1589 dissecat
451 1542 582 1579 volunt
610 1542 820 1589 usurpatum
843 1570 852 1585 ,
881 1543 1008 1590 probat
1029 1543 1091 1579 hic

55 1592 248 1629 Gevartius
266 1591 328 1629 lib.
349 1605 395 1630 ii.
415 1591 528 1629 Eleu.
542 1604 576 1637 4.
607 1593 670 1641 qui
694 1594 730 1629 ὃς
750 1595 787 1629 in
808 1603 885 1629 uno
898 1592 1033 1640 differat
1056 1591 1090 1629 se

52 1641 218 1691 reperisse
240 1643 397 1681 testatur.
424 1643 633 1692 antiquariis
660 1643 735 1680 suas
767 1642 911 1679 delicias
931 1656 1009 1680 non
1033 1644 1089 1680 in-

54 1693 233 1730 videmus.
261 1693 334 1731 vid.
358 1695 395 1731 &
409 1694 521 1740 Juret.
542 1693 587 1732 ad
606 1693 759 1732 Paullin.
775 1694 836 1731 lib.
849 1706 911 1731 111.
939 1693 986 1731 de
1003 1694 1092 1732 Vita

55 1744 208 1782 Martini
235 1744 291 1786 X'fs.
320 1745 401 1793 360.
430 1744 547 1781 Enim

105 1795 188 1844 386.
215 1794 376 1845 Colloque
395 1794 507 1841 infixa
529 1794 664 1832 mariti.
688 1794 705 1844 ]
752 1794 796 1832 In
818 1802 979 1844 utroque
1003 1807 1092 1833 meo

51 1845 94 1934 {c
113 1846 221 1883 tribus
242 1846 363 1884 Vatic.
388 1846 436 1883 est
451 1873 461 1890 ‚
489 1846 650 1897 Colloque
675 1844 792 1895 insufla
811 1846 944 1883 mariti.
958 1846 1092 1886 Placet.

117 1897 167 1934 ist.
185 1909 230 1933 Π.
303 1925 312 1934 .

91 1908 223 1993 pAufies
244 1908 632 1997 g3amplettiff0ll0que
653 1946 788 1992 infusus
807 1946 988 1992 amantis,

156 1997 281 2044 Oscula
297 2006 355 2043 per
373 1999 487 2046 longas
502 1999 642 2046 jungere
654 1998 758 2046 pressa
782 2011 905 2035 moras.
935 1999 1048 2036 C10F.

106 2045 190 2094 387.
219 2046 348 2082 Mittat
379 2057 418 2082 ut
445 2048 620 2085 auxilium
644 2047 714 2094 fine
727 2048 802 2097 fia]
858 2049 1000 2087 Eruditi
1022 2050 1090 2088 viri

49 2096 193 2146 prorsus
210 2104 344 2144 negant
367 2097 438 2134 dici
457 2097 576 2145 posse,
606 2099 749 2135 Mittere
767 2099 953 2136 auxilium.
983 2101 1093 2149 Quo-

55 2159 138 2185 rurn
168 2147 295 2195 opinio
325 2158 368 2183 ex
398 2147 470 2185 hoc
498 2149 724 2195 potiffimum
746 2150 833 2187 loco
865 2149 968 2187 facile
988 2163 1091 2188 coar-

55 2199 189 2245 guitur.
218 2197 396 2234 Sallustius
420 2210 570 2247 quoque
591 2200 659 2236 hac
680 2200 871 2238 locutione
896 2201 972 2238 usus
985 2201 1033 2239 est
1044 2202 1090 2240 de

55 2247 160 2285 Bello
185 2248 407 2295 Jugurthino
429 2248 570 2286 duobus
599 2249 635 2286 in
664 2249 776 2294 locis,
806 2253 843 2289 &
865 2251 1022 2297 Livius,
1051 2254 1090 2291 ὃς

57 2298 187 2336 Caesar
206 2298 265 2336 lib.
288 2311 352 2335 111.
373 2299 434 2336 sub
454 2300 695 2347 principium:
725 2301 777 2339 bis
796 2302 856 2339 lib.
872 2315 924 2339 vt.
947 2304 986 2340 ὃς
1004 2316 1090 2342 vir.

57 2348 117 2386 De
141 2348 215 2386 ssei.
246 2349 340 2385 Gall.
369 2350 457 2386 Hoc
487 2361 534 2386 eo
564 2349 732 2388 libentius
761 2354 962 2395 annotavi,
988 2354 1092 2403 quod

54 2400 79 2437 ii
95 2427 105 2443 ,
132 2400 195 2448 qui
217 2399 448 2437 Thesaurum
463 2427 472 2444 ,
500 2400 641 2449 aliaque
658 2400 818 2448 ejusdem
839 2403 979 2449 generis
1001 2416 1090 2451 ope-

53 2461 91 2487 ra
117 2450 344 2498 collegerunt
362 2478 372 2494 ‚
402 2451 615 2488 omiserunt.
670 2450 815 2487 Mittere
843 2452 955 2488 etiarn
988 2454 1094 2489 auxi-

52 2499 143 2537 lium
174 2500 271 2548 leges
301 2501 339 2537 δε
369 2501 465 2549 apud
486 2501 666 2548 Justinum
697 2500 832 2538 lib.1v.
885 2501 1012 2549 Atque
1042 2504 1092 2540 ita

58 2549 253 2588 dicendum
277 2551 325 2588 est
346 2551 390 2589 de
412 2553 483 2590 aiio
504 2551 650 2590 dicendi
671 2562 828 2600 genere,
868 2557 971 2601 Opem
992 2553 1094 2590 emit-

52 2609 135 2640 tere.
161 2611 198 2639 ut
222 2600 317 2639 infr-22
341 2602 400 2639 111).
422 2615 482 2640 xv.
500 2603 584 2649 649.

383 2653 490 2690 multi
509 2653 673 2697 retinere,
694 2654 869 2702 suamque
998 2689 1010 2696 χ

111 2707 189 2739 Non
211 2703 364 2740 emittere
383 2713 473 2752 opem
489 2731 498 2747 ‚
528 2716 586 2739 nec
607 2704 755 2740 numina
779 2703 914 2740 tradere
929 2704 1095 2753 suadent.

60 2752 224 2790 ConAN.
254 2754 293 2790 In
315 2754 441 2800 Justini
459 2755 520 2791 lib.
542 2766 594 2790 1V.
620 2766 653 2797 4
691 2754 845 2802 ingentia
872 2756 1009 2791 auxilia
1028 2757 1096 2792 mi-

53 2805 124 2852 [ere
138 2831 145 2846 ,
159 2816 236 2841 non
254 2805 429 2841 auxilium
448 2805 594 2853 legitur,
611 2814 649 2841 ut
665 2806 700 2841 &
712 2804 807 2851 apud
822 2805 953 2842 Saiiust.
966 2806 1047 2854 Jug.
1062 2818 1095 2851 7.

62 2854 197 2904 reliqua
218 2854 322 2898 loca,
352 2866 437 2892 cum
457 2867 535 2892 non
556 2863 724 2892 accurate
752 2857 936 2892 notaverit
968 2858 1096 2894 Ciofa-

0 2935 1 2938 ,
60 2913 139 2948 nus,
155 2906 337 2954 requirere
348 2917 427 2942 non
439 2914 555 2943 vacat.
583 2906 701 2943 nuilus
714 2914 837 2942 tamen
851 2906 993 2951 dubito,
1006 2908 1096 2957 quin

50 2952 194 2991 'auxilia
216 2956 353 2992 mittere
380 2955 421 2992 sit
453 2956 604 2993 obvium
643 2958 680 2993 ὃς
711 2956 866 2994 rectum.
901 2957 959 2994 sed
992 2958 1097 2995 auxi-

65 3001 169 3050 lium,
198 3017 264 3053 pro
287 3006 480 3043 auxiliariis
503 3007 642 3044 Poetae
677 3008 817 3044 facilius
845 3020 955 3057 quam
972 3008 1097 3046 Histo-

65 3054 139 3092 rico
158 3057 394 3104 permiserim.
420 3057 506 3094 licet
525 3058 630 3105 plane
644 3055 817 3095 damnare
830 3070 906 3096 non
928 3059 1098 3099 audeam.

60 3101 189 3143 Bumi.

118 3156 202 3204 388.
225 3163 268 3193 Ut
278 3158 393 3205 servet
412 3157 450 3194 in
470 3155 584 3206 und]
640 3157 825 3206 conservet
852 3167 929 3206 opt.
948 3161 984 3197 T
988 3161 1098 3201 huan.

67 3204 106 3242 ἃ
127 3218 216 3243 unus
237 3209 401 3245 Voffian.
423 3208 568 3244 Heme.

114 3266 200 3306 390.
225 3258 331 3296 Plena
344 3259 391 3308 est
407 3256 554 3309 promiffi
570 3257 688 3308 gratia
699 3256 841 3307 vestra]
874 3257 935 3296 An
954 3259 1028 3298 hoc
1042 3273 1098 3308 ref

2022 944 2160 1002 Orat
2174 967 2191 1012 ς

1151 1082 1210 1121 <ste
1231 1083 1274 1122 fit
1285 1084 1424 1123 dicium
1452 1084 1582 1124 dubito
1596 1113 1609 1131 ‚
1644 1097 1712 1134 pro
1735 1085 1903 1126 concedo
1925 1085 1963 1124 in
1984 1091 2085 1123 tuam
2109 1084 2191 1123 sen-4

1149 1136 1327 1180 tentiam,
1355 1138 1393 1172 δε
1420 1136 1602 1186 obsequor
1629 1139 1798 1176 omnino.
1817 1133 1963 1185 permissi
1980 1136 2029 1173 est
2053 1137 2090 1173 in
2110 1147 2188 1173 uno

1150 1186 1305 1223 Moreti.
1334 1186 1505 1224 Heinsius
1531 1195 1746 1233 notaverat,
1788 1186 1933 1235 permissi
1955 1186 2071 1234 gratia
2103 1186 2190 1224 voti.³

1145 1237 1266 1284 gratia
1285 1236 1387 1284 nostri
1405 1237 1544 1273 Medic.
1565 1239 1603 1275 &
1616 1237 1746 1276 decem
1759 1238 1830 1276 alii.
1853 1236 1963 1287 gloria
1987 1236 2089 1284 vestri
2101 1236 2192 1276 duo„

1150 1287 1331 1325 acutiores
1356 1287 1514 1324 videant.
1541 1287 1671 1326 Bunm.

1205 1349 1287 1387 391.
1316 1337 1502 1388 Moveri.]
1550 1345 1693 1377 Movere
1721 1339 1868 1389 plurimi
1895 1337 2014 1388 scripti
2036 1338 2075 1376 δε
2094 1338 2194 1385 non-J

1149 1389 1241 1427 nulli
1261 1389 1360 1427 editi.

1200 1451 1285 1489 303.
1311 1445 1404 1477 Arce
1427 1439 1516 1477 locus
1529 1440 1674 1489 summa
1688 1438 1795 1488 ,jeffis
1813 1440 1884 1477 loca
1902 1448 2003 1488 grata
2026 1436 2186 1487 carinis]

1149 1490 1287 1528 Melius
1300 1490 1378 1534 loci,
1396 1500 1435 1529 ut
1458 1503 1585 1529 meum
1605 1492 1717 1529 habet
1734 1491 1931 1540 exemplar.
1953 1490 1995 1527 C.
2016 1490 2195 1527 FANms.

1148 1543 1274 1589 Quam
1300 1543 1566 1579 inconcinnum
1597 1541 1686 1579 locus
1714 1543 1752 1580 ὅ(
1783 1542 1854 1578 loca
1876 1542 1912 1578 in
1936 1552 2012 1578 uno
2036 1539 2192 1577 eodem-

1146 1603 1221 1641 que
1244 1592 1367 1630 versu!
1397 1593 1522 1630 Scribo
1544 1593 1651 1641 igitur
1666 1621 1677 1638 ,
1698 1598 1788 1630 Arce
1801 1593 1900 1638 focus
1913 1590 2070 1640 summai.
2095 1590 2191 1627 Pha-

1149 1655 1216 1681 ron
1240 1642 1426 1692 designat,
1453 1643 1515 1681 seu
1535 1652 1672 1682 turrem
1689 1671 1700 1688 ,
1739 1656 1782 1681 ex
1805 1655 1877 1691 qua
1898 1641 2070 1680 nocturni
2089 1641 2191 1688 ignes

1148 1694 1185 1730 in
1219 1694 1321 1732 usum
1360 1696 1507 1732 navium
1549 1695 1730 1732 lucebant.
1786 1695 1897 1731 Hanc
1936 1691 2191 1740 conjecturam

1148 1744 1271 1792 postea
1310 1745 1447 1793 primus
1480 1745 1678 1783 Vaticanus
1712 1744 1957 1782 confirmavit.
1992 1744 2041 1779 ita
2063 1749 2192 1778 tamen.

1149 1803 1189 1832 ut
1209 1795 1303 1833 erasa
1324 1795 1609 1844 quodammodo
1631 1794 1717 1833 effer
1744 1804 1849 1832 vetus
1873 1795 1910 1831 &
1934 1793 2094 1842 genuina
2108 1790 2191 1828 scri-

1148 1853 1263 1894 ptura.
1292 1848 1329 1884 in
1351 1847 1465 1885 aitero
1486 1847 1596 1884 etiam
1617 1845 1838 1883 Twisdenio
1865 1843 1886 1881 ἐι
1911 1856 2022 1881 manu
2047 1844 2188 1890 prima,

1141 1896 1279 1945 phocas.
1314 1910 1360 1935 an
1392 1897 1523 1947 pharus
1551 1897 1733 1946 scripserat
1759 1894 1887 1934 Naso?
1929 1903 1966 1933 ut
1990 1892 2086 1943 apud
2109 1892 2192 1929 Vai⁰

1149 1947 1321 1985 Flaccum
1345 1960 1414 1986 vu.
1440 1948 1499 1994 83.

1197 2004 1278 2034 Non
1299 1999 1352 2035 ita
1373 1999 1569 2047 Tyrrhenus
1581 1997 1692 2048 stupet
1720 1996 1898 2044 Ioniusque
1916 1994 2073 2042 magister
2086 2020 2096 2037 ,

1201 2049 1276 2097 Qi
1292 2058 1433 2098 portus,
1463 2049 1649 2097 Tyle-crine,
1677 2060 1774 2092 tuos3
1803 2047 2003 2095 claramque
2014 2042 2140 2094 sereni

1199 2105 1292 2135 Arce
1313 2100 1453 2136 Pharon
1470 2109 1620 2148 praeceps
1640 2098 1763 2148 subiit.

1147 2148 1195 2186 Et
1215 2151 1370 2187 Statium
1389 2151 1480 2188 libro
1505 2163 1567 2187 111.
1590 2151 1726 2199 Sylvar.
1747 2160 1782 2184 v.
1809 2159 1890 2192 rog.

1198 2200 1466 2251 Theleboumque
1483 2201 1597 2237 domos
1610 2228 1621 2244 ‚
1647 2198 1785 2248 trepidis
1805 2197 1862 2233 ubi
1881 2195 1998 2232 dulcia
2021 2195 2140 2232 nautis

1198 2252 1351 2288 Lumina
1373 2253 1572 2300 ncci‘ivagae
1594 2250 1686 2288 tollit
1709 2248 1843 2286 Pharus
1864 2247 2004 2282 aemula
2024 2252 2155 2283 Lunae.²

1146 2300 1314 2347 Juvenal.
1335 2303 1404 2339 Sat.
1427 2314 1498 2339 xix.
1522 2314 1579 2350 ης.

1200 2353 1354 2388 Tandem
1375 2352 1489 2389 intrat
1505 2350 1626 2400 pofitas
1644 2349 1776 2398 inclusa
1792 2356 1852 2397 per
1866 2359 2015 2397 aequora
2035 2344 2152 2385 moles.

1199 2402 1482 2451 Tyrrhenamque
1501 2403 1653 2438 Pharon.

1149 2452 1263 2489 Rutil.
1288 2464 1319 2489 1.
1337 2464 1421 2498 404.

1202 2502 1350 2537 Lumine
1370 2503 1539 2537 nutft'urno
1561 2499 1788 2549 conspicienda
1813 2499 1956 2536 Pharos.
2121 2536 2123 2538 .

1151 2551 1333 2597 Sedfocus
1350 2552 1510 2600 praestat.
1537 2551 1602 2588 nisi
1623 2554 1717 2597 fines
1748 2552 1876 2588 mavis.
1908 2550 2029 2588 Potest
2049 2551 2088 2589 ὃς
2106 2549 2192 2597 fhci.

1151 2613 1239 2639 nain
1259 2602 1328 2640 sec.
1348 2603 1456 2640 Palar.
1476 2603 1513 2639 ὃς
1537 2603 1669 2640 Urbin.
1707 2601 1779 2638 loci.
1808 2601 1910 2651 quod
1938 2603 1974 2639 in
1994 2601 2063 2639 suis
2085 2602 2192 2638 Con-

1151 2652 1298 2691 stantius
1321 2654 1430 2691 etiam
1452 2653 1620 2691 Fanensis
1638 2653 1841 2690 invenerat.
1868 2652 2083 2690 Heinsius.
2119 2651 2191 2690 Sed
2223 2670 2225 2673 ·

1152 2703 1262 2741 nimis
1282 2704 1413 2742 durum
1437 2704 1528 2741 mihi
1548 2704 1692 2741 videtur
1710 2703 1852 2746 dicere,
1871 2704 1991 2749 focus,
2020 2703 2093 2740 loca
2106 2716 2192 2752 gra-2

1152 2764 1190 2790 ta
1213 2754 1350 2791 carinis.
1378 2766 1448 2792 nec
1468 2756 1588 2800 focum
1608 2766 1674 2802 pro
1703 2754 1820 2792 Pharo
1847 2755 1935 2803 poni
1961 2753 2045 2792 scio.
2077 2765 2189 2803 quare

1152 2805 1404 2853 ampliandum
1428 2807 1465 2842 &
1483 2805 1544 2842 hic
1563 2804 1708 2842 censeo.
1743 2806 1779 2842 in
1803 2817 1880 2842 uno
1912 2804 2009 2842 ssafil.
2032 2818 2111 2841 arce
2123 2813 2190 2853 pao

1153 2857 1397 2904 tetzssumma.
1425 2865 1464 2893 ut
1485 2855 1588 2893 turris
1608 2856 1665 2893 ilia
1685 2868 1729 2893 ex
1750 2855 1891 2893 summa
1914 2867 1994 2893 arce
2013 2883 2022 2899 ,
2050 2856 2109 2891 vel
2130 2865 2189 2890 ca-

1153 2909 1301 2943 cumine
1325 2909 1463 2944 montis
1483 2906 1655 2944 exstiterit
1670 2935 1678 2949 ,
1693 2907 1730 2943 ὃς
1751 2907 1867 2943 nautis
1886 2907 1923 2943 in
1942 2913 2088 2953 portum
2104 2914 2190 2958 pro-

1152 2958 1358 3005 perantibus
1394 2959 1496 3006 phari
1520 2958 1607 2996 loco
1630 2958 1739 2996 fuerit
1760 2984 1772 3002 ‚
1808 2956 1851 2993 ad
1874 2967 1984 3004 quarn
2014 2955 2083 2990 iter
2101 2953 2188 2998 diri-⁴

1151 3018 1292 3057 gerent.
1344 3009 1475 3047 ssuRm.

1208 3071 1289 3108 394.
1318 3059 1586 3109 Adscendunt.]
1641 3057 1753 3096 Multi
1775 3054 1941 3097 codices,
1968 3051 2187 3108 descendunt„

1157 3110 1267 3148 Certe
1298 3099 1590 3159 pro⁴escendunr
1628 3119 1737 3158 quam
1772 3116 1902 3142 vocem
1938 3103 2051 3157 Livm
2080 3102 2186 3150 saepe

1154 3161 1312 3198 reddidit
1334 3162 1349 3197 ὁ
1377 3165 1472 3197 πάνυ
1501 3160 1726 3197 Gronovius.
1763 3156 1846 3193 vide
1876 3154 1921 3191 ad
1942 3152 2024 3190 Lib.
2048 3165 2103 3191 11.
2126 3152 2189 3191 28.

1156 3213 1194 3248 δί
1214 3211 1308 3247 alibi.
1333 3211 1447 3247 inem.

1212 3260 1295 3309 396.
1322 3259 1488 3310 Longes.]
1518 3264 1707 3308 Longosque
1727 3256 1854 3293 Oxon.
1874 3255 1913 3294 &
1926 3260 2083 3304 quatuor
2095 3254 2167 3291 alii.

1623 3306 1753 3345 Ft'fff
1775 3318 1795 3346 ι
2017 3317 2104 3354 401.
2133 3303 2197 3343 Sd
