<?xml version="1.0" encoding="UTF-8"?>
<!DOCTYPE html PUBLIC "-//W3C//DTD XHTML 1.0 Transitional//EN"
    "http://www.w3.org/TR/xhtml1/DTD/xhtml1-transitional.dtd">
<html xmlns="http://www.w3.org/1999/xhtml" xml:lang="en" lang="en">
 <head>
  <title>
</title>
<meta http-equiv="Content-Type" content="text/html;charset=utf-8" />
  <meta name='ocr-system' content='tesseract 3.04.00' />
  <meta name='ocr-capabilities' content='ocr_page ocr_carea ocr_par ocr_line ocrx_word'/>
</head>
<body>
  <div class='ocr_page' id='page_1' title='image "./publiiovidiinaso02ovid_0092.png"; bbox 0 0 2483 3616; ppageno 0'>
   <div class='ocr_carea' id='block_1_1' title="bbox 677 176 1838 244">
    <p class='ocr_par' dir='ltr' id='par_1_1' title="bbox 677 176 1838 244">
     <span class='ocr_line' id='line_1_1' title="bbox 677 176 1838 244; baseline -0.008 0"><span class='ocrx_word' id='word_1_1' title='bbox 677 187 736 244; x_wconf 80' lang='lat' dir='ltr'>P.</span> <span class='ocrx_word' id='word_1_2' title='bbox 811 180 1223 244; x_wconf 91' lang='lat' dir='ltr'>OVIDII</span> <span class='ocrx_word' id='word_1_3' title='bbox 1297 176 1838 237; x_wconf 71' lang='lat' dir='ltr'>NASONIS</span> 
     </span>
    </p>
   </div>
   <div class='ocr_carea' id='block_1_2' title="bbox 484 280 1914 559">
    <p class='ocr_par' dir='ltr' id='par_1_2' title="bbox 484 280 1914 559">
     <span class='ocr_line' id='line_1_2' title="bbox 487 280 1782 358; baseline -0.008 -11"><span class='ocrx_word' id='word_1_4' title='bbox 487 290 646 347; x_wconf 82' lang='lat' dir='ltr'>-Na&#39;ias</span> <span class='ocrx_word' id='word_1_5' title='bbox 668 308 771 345; x_wconf 87' lang='lat' dir='ltr'>una</span> <span class='ocrx_word' id='word_1_6' title='bbox 797 287 915 343; x_wconf 89' lang='lat' dir='ltr'>fuit..</span> <span class='ocrx_word' id='word_1_7' title='bbox 952 285 1233 358; x_wconf 84' lang='lat' dir='ltr'>Nymphae</span> <span class='ocrx_word' id='word_1_8' title='bbox 1260 281 1481 356; x_wconf 81' lang='lat' dir='ltr'>Syringa</span> <span class='ocrx_word' id='word_1_9' title='bbox 1505 280 1782 338; x_wconf 83' lang='lat' dir='ltr'>vocabant.</span> 
     </span>
     <span class='ocr_line' id='line_1_3' title="bbox 484 355 1821 432; baseline -0.01 -13"><span class='ocrx_word' id='word_1_10' title='bbox 484 365 613 419; x_wconf 91' lang='lat' dir='ltr'>Non</span> <span class='ocrx_word' id='word_1_11' title='bbox 638 363 798 418; x_wconf 91' lang='lat' dir='ltr'>semel</span> <span class='ocrx_word' id='word_1_12' title='bbox 826 361 882 415; x_wconf 85' lang='lat'>&amp;</span> <span class='ocrx_word' id='word_1_13' title='bbox 907 358 1124 432; x_wconf 83' lang='lat' dir='ltr'>Satyros</span> <span class='ocrx_word' id='word_1_14' title='bbox 1151 355 1373 411; x_wconf 90' lang='lat' dir='ltr'>eluserat</span> <span class='ocrx_word' id='word_1_15' title='bbox 1401 357 1485 411; x_wconf 91' lang='lat' dir='ltr'>illa</span> <span class='ocrx_word' id='word_1_16' title='bbox 1510 357 1821 430; x_wconf 84' lang='lat' dir='ltr'>sequenteS‚</span> 
     </span>
     <span class='ocr_line' id='line_1_4' title="bbox 486 427 1914 559; baseline -0.006 -67"><span class='ocrx_word' id='word_1_17' title='bbox 486 436 561 492; x_wconf 83' lang='lat' dir='ltr'>Et</span> <span class='ocrx_word' id='word_1_18' title='bbox 586 436 953 559; x_wconf 56' lang='lat' dir='ltr'>quoscumgae</span> <span class='ocrx_word' id='word_1_19' title='bbox 982 431 1131 485; x_wconf 85' lang='lat' dir='ltr'>Deos</span> <span class='ocrx_word' id='word_1_20' title='bbox 1155 427 1468 483; x_wconf 85' lang='lat' dir='ltr'>umbrosave</span> <span class='ocrx_word' id='word_1_21' title='bbox 1495 428 1614 483; x_wconf 83' lang='lat' dir='ltr'>filva</span> <span class='ocrx_word' id='word_1_22' title='bbox 1632 468 1647 491; x_wconf 92' lang='lat'>,</span> <span class='ocrx_word' id='word_1_23' title='bbox 1685 427 1914 483; x_wconf 83' lang='lat' dir='ltr'>feraxve·</span> 
     </span>
    </p>
   </div>
   <div class='ocr_carea' id='block_1_3' title="bbox 487 508 805 564">
    <p class='ocr_par' dir='ltr' id='par_1_3' title="bbox 487 508 805 564">
     <span class='ocr_line' id='line_1_5' title="bbox 487 508 805 564; baseline -0.013 0"><span class='ocrx_word' id='word_1_24' title='bbox 487 510 605 564; x_wconf 87' lang='lat' dir='ltr'>Rus</span> <span class='ocrx_word' id='word_1_25' title='bbox 631 508 805 562; x_wconf 89' lang='lat' dir='ltr'>habet.</span> 
     </span>
    </p>
   </div>
   <div class='ocr_carea' id='block_1_4' title="bbox 903 500 1873 583">
    <p class='ocr_par' dir='ltr' id='par_1_4' title="bbox 903 500 1873 583">
     <span class='ocr_line' id='line_1_6' title="bbox 903 500 1873 583; baseline -0.003 -25"><span class='ocrx_word' id='word_1_26' title='bbox 903 503 1131 576; x_wconf 87' lang='lat' dir='ltr'>rtygiam</span> <span class='ocrx_word' id='word_1_27' title='bbox 1160 501 1370 564; x_wconf 78' lang='lat' dir='ltr'>studiis,</span> <span class='ocrx_word' id='word_1_28' title='bbox 1420 502 1639 583; x_wconf 74' lang='lat' dir='ltr'>ipsaque</span> <span class='ocrx_word' id='word_1_29' title='bbox 1665 500 1873 556; x_wconf 85' lang='lat' dir='ltr'>colebat</span> 
     </span>
    </p>
   </div>
   <div class='ocr_carea' id='block_1_5' title="bbox 346 572 1847 721">
    <p class='ocr_par' dir='ltr' id='par_1_5' title="bbox 346 572 1847 721">
     <span class='ocr_line' id='line_1_7' title="bbox 346 572 1847 654; baseline -0.008 -15"><span class='ocrx_word' id='word_1_30' title='bbox 346 586 447 653; x_wconf 84' lang='lat'>695</span> <span class='ocrx_word' id='word_1_31' title='bbox 483 582 810 654; x_wconf 88' lang='lat' dir='ltr'>Virginitate</span> <span class='ocrx_word' id='word_1_32' title='bbox 837 578 1028 654; x_wconf 84' lang='lat' dir='ltr'><strong>Deam.</strong></span> <span class='ocrx_word' id='word_1_33' title='bbox 1068 576 1175 631; x_wconf 89' lang='lat' dir='ltr'>ritu</span> <span class='ocrx_word' id='word_1_34' title='bbox 1198 591 1419 648; x_wconf 89' lang='lat' dir='ltr'>quoque</span> <span class='ocrx_word' id='word_1_35' title='bbox 1447 572 1618 628; x_wconf 56' lang='lat' dir='ltr'>cintia</span> <span class='ocrx_word' id='word_1_36' title='bbox 1643 573 1847 628; x_wconf 85' lang='lat' dir='ltr'>Dianae</span> 
     </span>
     <span class='ocr_line' id='line_1_8' title="bbox 491 646 1726 721; baseline -0.006 -11"><span class='ocrx_word' id='word_1_37' title='bbox 491 654 744 710; x_wconf 84' lang='lat' dir='ltr'>Falleret:</span> <span class='ocrx_word' id='word_1_38' title='bbox 787 652 841 706; x_wconf 87' lang='lat'>&amp;</span> <span class='ocrx_word' id='word_1_39' title='bbox 869 648 1019 706; x_wconf 88' lang='lat' dir='ltr'>credi</span> <span class='ocrx_word' id='word_1_40' title='bbox 1046 647 1214 721; x_wconf 84' lang='lat' dir='ltr'>poffet</span> <span class='ocrx_word' id='word_1_41' title='bbox 1240 647 1503 711; x_wconf 81' lang='lat' dir='ltr'>Latonia,</span> <span class='ocrx_word' id='word_1_42' title='bbox 1539 646 1576 701; x_wconf 90' lang='lat' dir='ltr'><strong>fi</strong></span> <span class='ocrx_word' id='word_1_43' title='bbox 1613 664 1726 702; x_wconf 84' lang='lat' dir='ltr'>non</span> 
     </span>
    </p>
   </div>
   <div class='ocr_carea' id='block_1_6' title="bbox 200 847 1254 1615">
    <p class='ocr_par' dir='ltr' id='par_1_6' title="bbox 200 847 1254 1511">
     <span class='ocr_line' id='line_1_9' title="bbox 202 847 1251 900; baseline -0.014 0"><span class='ocrx_word' id='word_1_44' title='bbox 202 868 259 900; x_wconf 78' lang='lat' dir='ltr'>ret</span> <span class='ocrx_word' id='word_1_45' title='bbox 292 860 350 899; x_wconf 82' lang='lat' dir='ltr'>illa</span> <span class='ocrx_word' id='word_1_46' title='bbox 385 857 514 897; x_wconf 88' lang='lat' dir='ltr'>incerti</span> <span class='ocrx_word' id='word_1_47' title='bbox 558 857 700 895; x_wconf 73' lang='lat' dir='ltr'>Poetae</span> <span class='ocrx_word' id='word_1_48' title='bbox 753 854 793 891; x_wconf 83' lang='lat' dir='ltr'>in</span> <span class='ocrx_word' id='word_1_49' title='bbox 841 853 986 891; x_wconf 82' lang='lat' dir='ltr'>obitum</span> <span class='ocrx_word' id='word_1_50' title='bbox 1021 847 1251 889; x_wconf 79' lang='lat' dir='ltr'>Maecenatis</span> 
     </span>
     <span class='ocr_line' id='line_1_10' title="bbox 204 923 1137 1016; baseline -0.011 -16"><span class='ocrx_word' id='word_1_51' title='bbox 204 923 434 1016; x_wconf 36' lang='lat' dir='ltr'>veljaltlpersab·</span> <span class='ocrx_word' id='word_1_52' title='bbox 454 959 557 995; x_wconf 85' lang='lat' dir='ltr'>Idaea</span> <span class='ocrx_word' id='word_1_53' title='bbox 571 985 582 1003; x_wconf 96' lang='lat'>‚</span> <span class='ocrx_word' id='word_1_54' title='bbox 607 957 694 994; x_wconf 85' lang='lat' dir='ltr'>dum</span> <span class='ocrx_word' id='word_1_55' title='bbox 718 966 774 1001; x_wconf 82' lang='lat' dir='ltr'>te,</span> <span class='ocrx_word' id='word_1_56' title='bbox 789 956 939 1004; x_wconf 69' lang='lat' dir='ltr'>formose}</span> <span class='ocrx_word' id='word_1_57' title='bbox 951 953 1110 1004; x_wconf 76' lang='lat' dir='ltr'><em>sacerdos</em></span> <span class='ocrx_word' id='word_1_58' title='bbox 1123 980 1137 998; x_wconf 79' lang='grc'>,</span> 
     </span>
     <span class='ocr_line' id='line_1_11' title="bbox 204 1019 1251 1108; baseline -0.01 -7"><span class='ocrx_word' id='word_1_59' title='bbox 204 1064 281 1101; x_wconf 78' lang='lat' dir='ltr'>Ubi</span> <span class='ocrx_word' id='word_1_60' title='bbox 309 1019 497 1106; x_wconf 44' lang='lat' dir='ltr'>iiiss‘ssnssite</span> <span class='ocrx_word' id='word_1_61' title='bbox 519 1057 587 1108; x_wconf 73' lang='lat' dir='ltr'>sub</span> <span class='ocrx_word' id='word_1_62' title='bbox 620 1058 719 1095; x_wconf 80' lang='lat' dir='ltr'>Idaeo</span> <span class='ocrx_word' id='word_1_63' title='bbox 747 1086 758 1103; x_wconf 94' lang='lat'>‚</span> <span class='ocrx_word' id='word_1_64' title='bbox 810 1057 952 1095; x_wconf 69' lang='lat' dir='ltr'>rescribi</span> <span class='ocrx_word' id='word_1_65' title='bbox 980 1052 1126 1093; x_wconf 75' lang='lat' dir='ltr'>fortaffe</span> <span class='ocrx_word' id='word_1_66' title='bbox 1149 1051 1251 1103; x_wconf 84' lang='lat' dir='ltr'>poffe</span> 
     </span>
     <span class='ocr_line' id='line_1_12' title="bbox 202 1107 1251 1159; baseline -0.011 -6"><span class='ocrx_word' id='word_1_67' title='bbox 202 1114 363 1159; x_wconf 75' lang='lat' dir='ltr'>coniicit.</span> <span class='ocrx_word' id='word_1_68' title='bbox 387 1113 559 1148; x_wconf 82' lang='lat' dir='ltr'>Fatemur</span> <span class='ocrx_word' id='word_1_69' title='bbox 579 1109 753 1158; x_wconf 83' lang='lat' dir='ltr'>equidem</span> <span class='ocrx_word' id='word_1_70' title='bbox 770 1107 815 1153; x_wconf 82' lang='lat' dir='ltr'>‚si</span> <span class='ocrx_word' id='word_1_71' title='bbox 837 1108 926 1146; x_wconf 84' lang='lat' dir='ltr'>nihil</span> <span class='ocrx_word' id='word_1_72' title='bbox 947 1107 1049 1156; x_wconf 88' lang='lat' dir='ltr'>pejus</span> <span class='ocrx_word' id='word_1_73' title='bbox 1069 1116 1251 1155; x_wconf 91' lang='lat' dir='ltr'>umquam</span> 
     </span>
     <span class='ocr_line' id='line_1_13' title="bbox 200 1155 1253 1210; baseline -0.009 -8"><span class='ocrx_word' id='word_1_74' title='bbox 200 1165 240 1203; x_wconf 89' lang='lat' dir='ltr'>in</span> <span class='ocrx_word' id='word_1_75' title='bbox 272 1159 394 1201; x_wconf 78' lang='lat' dir='ltr'>Poetis</span> <span class='ocrx_word' id='word_1_76' title='bbox 426 1160 636 1210; x_wconf 84' lang='lat' dir='ltr'>castigandis</span> <span class='ocrx_word' id='word_1_77' title='bbox 666 1158 884 1203; x_wconf 78' lang='lat' dir='ltr'>admisisset,</span> <span class='ocrx_word' id='word_1_78' title='bbox 915 1157 1142 1207; x_wconf 80' lang='lat' dir='ltr'>probabilem</span> <span class='ocrx_word' id='word_1_79' title='bbox 1174 1155 1253 1192; x_wconf 88' lang='lat' dir='ltr'>satis</span> 
     </span>
     <span class='ocr_line' id='line_1_14' title="bbox 202 1206 1252 1264; baseline -0.009 -12"><span class='ocrx_word' id='word_1_80' title='bbox 202 1212 304 1264; x_wconf 84' lang='lat' dir='ltr'>poffe</span> <span class='ocrx_word' id='word_1_81' title='bbox 325 1215 420 1251; x_wconf 86' lang='lat' dir='ltr'>hanc</span> <span class='ocrx_word' id='word_1_82' title='bbox 444 1211 696 1261; x_wconf 67' lang='lat' dir='ltr'>conjeeturam</span> <span class='ocrx_word' id='word_1_83' title='bbox 720 1210 859 1254; x_wconf 90' lang='lat' dir='ltr'>videri,</span> <span class='ocrx_word' id='word_1_84' title='bbox 887 1220 1000 1257; x_wconf 85' lang='lat' dir='ltr'>quam</span> <span class='ocrx_word' id='word_1_85' title='bbox 1016 1236 1025 1252; x_wconf 95' lang='lat'>,</span> <span class='ocrx_word' id='word_1_86' title='bbox 1041 1206 1077 1264; x_wconf 29' lang='grc' dir='ltr'>’ᾗ</span> <span class='ocrx_word' id='word_1_87' title='bbox 1090 1207 1252 1263; x_wconf 79' lang='lat' dir='ltr'>aliquem</span> 
     </span>
     <span class='ocr_line' id='line_1_15' title="bbox 203 1258 1254 1305; baseline -0.009 -2"><span class='ocrx_word' id='word_1_88' title='bbox 203 1274 373 1303; x_wconf 88' lang='lat' dir='ltr'>veterum</span> <span class='ocrx_word' id='word_1_89' title='bbox 407 1264 606 1300; x_wconf 72' lang='lat' dir='ltr'>Poetarum</span> <span class='ocrx_word' id='word_1_90' title='bbox 644 1260 745 1298; x_wconf 88' lang='lat' dir='ltr'>usum</span> <span class='ocrx_word' id='word_1_91' title='bbox 775 1258 976 1305; x_wconf 76' lang='lat' dir='ltr'>habuisset,</span> <span class='ocrx_word' id='word_1_92' title='bbox 1009 1258 1065 1295; x_wconf 84' lang='lat' dir='ltr'>his</span> <span class='ocrx_word' id='word_1_93' title='bbox 1097 1258 1254 1295; x_wconf 70' lang='lat' dir='ltr'>Nasonis</span> 
     </span>
     <span class='ocr_line' id='line_1_16' title="bbox 203 1308 1252 1362; baseline -0.009 -8"><span class='ocrx_word' id='word_1_94' title='bbox 203 1316 294 1354; x_wconf 84' lang='lat' dir='ltr'>locis</span> <span class='ocrx_word' id='word_1_95' title='bbox 327 1314 506 1352; x_wconf 86' lang='lat' dir='ltr'>adstruere</span> <span class='ocrx_word' id='word_1_96' title='bbox 538 1310 721 1362; x_wconf 81' lang='lat' dir='ltr'>potuisset.</span> <span class='ocrx_word' id='word_1_97' title='bbox 757 1310 805 1348; x_wconf 91' lang='lat' dir='ltr'>fic</span> <span class='ocrx_word' id='word_1_98' title='bbox 839 1311 940 1348; x_wconf 88' lang='lat' dir='ltr'>enim</span> <span class='ocrx_word' id='word_1_99' title='bbox 973 1309 1032 1347; x_wconf 88' lang='lat' dir='ltr'>ille</span> <span class='ocrx_word' id='word_1_100' title='bbox 1054 1308 1164 1358; x_wconf 86' lang='lat' dir='ltr'>Epist.</span> <span class='ocrx_word' id='word_1_101' title='bbox 1194 1319 1252 1346; x_wconf 67' lang='lat' dir='ltr'>iv.</span> 
     </span>
     <span class='ocr_line' id='line_1_17' title="bbox 205 1367 1087 1467; baseline -0.005 -13"><span class='ocrx_word' id='word_1_102' title='bbox 205 1367 422 1467; x_wconf 51' lang='lat' dir='ltr'>48Qaeque</span> <span class='ocrx_word' id='word_1_103' title='bbox 432 1414 500 1463; x_wconf 80' lang='lat' dir='ltr'>sub</span> <span class='ocrx_word' id='word_1_104' title='bbox 522 1414 622 1450; x_wconf 83' lang='lat' dir='ltr'>Idaeo</span> <span class='ocrx_word' id='word_1_105' title='bbox 644 1421 812 1463; x_wconf 69' lang='lat' dir='ltr'>tympana</span> <span class='ocrx_word' id='word_1_106' title='bbox 833 1411 912 1449; x_wconf 77' lang='lat' dir='ltr'>colle</span> <span class='ocrx_word' id='word_1_107' title='bbox 932 1421 1087 1450; x_wconf 75' lang='lat' dir='ltr'>movent·</span> 
     </span>
     <span class='ocr_line' id='line_1_18' title="bbox 204 1464 744 1511; baseline -0.011 -5"><span class='ocrx_word' id='word_1_108' title='bbox 204 1466 253 1506; x_wconf 90' lang='lat' dir='ltr'>Et</span> <span class='ocrx_word' id='word_1_109' title='bbox 272 1468 330 1505; x_wconf 88' lang='lat' dir='ltr'>lib.</span> <span class='ocrx_word' id='word_1_110' title='bbox 359 1481 387 1504; x_wconf 90' lang='lat'>1.</span> <span class='ocrx_word' id='word_1_111' title='bbox 410 1466 488 1502; x_wconf 86' lang='lat' dir='ltr'>Art.</span> <span class='ocrx_word' id='word_1_112' title='bbox 513 1464 639 1501; x_wconf 86' lang='lat' dir='ltr'>Amat.</span> <span class='ocrx_word' id='word_1_113' title='bbox 662 1464 744 1511; x_wconf 72' lang='lat'>684.</span> 
     </span>
    </p>

    <p class='ocr_par' dir='ltr' id='par_1_7' title="bbox 207 1514 973 1615">
     <span class='ocr_line' id='line_1_19' title="bbox 261 1514 973 1566; baseline -0.004 -11"><span class='ocrx_word' id='word_1_114' title='bbox 261 1518 355 1556; x_wconf 85' lang='lat' dir='ltr'><em>Colle</em></span> <span class='ocrx_word' id='word_1_115' title='bbox 367 1516 434 1566; x_wconf 81' lang='lat' dir='ltr'>sab</span> <span class='ocrx_word' id='word_1_116' title='bbox 458 1516 557 1553; x_wconf 86' lang='lat' dir='ltr'>Idaeo</span> <span class='ocrx_word' id='word_1_117' title='bbox 578 1515 714 1552; x_wconf 79' lang='lat' dir='ltr'>vincere</span> <span class='ocrx_word' id='word_1_118' title='bbox 735 1514 841 1564; x_wconf 83' lang='lat' dir='ltr'>digna</span> <span class='ocrx_word' id='word_1_119' title='bbox 864 1514 973 1552; x_wconf 51' lang='lat' dir='ltr'>duaa.</span> 
     </span>
     <span class='ocr_line' id='line_1_20' title="bbox 207 1569 574 1615; baseline -0.008 -9"><span class='ocrx_word' id='word_1_120' title='bbox 207 1581 253 1606; x_wconf 74' lang='lat' dir='ltr'>n.</span> <span class='ocrx_word' id='word_1_121' title='bbox 275 1569 409 1606; x_wconf 85' lang='lat' dir='ltr'>Amor.</span> <span class='ocrx_word' id='word_1_122' title='bbox 432 1579 491 1604; x_wconf 84' lang='lat' dir='ltr'>vr.</span> <span class='ocrx_word' id='word_1_123' title='bbox 513 1579 574 1615; x_wconf 83' lang='lat'>49.</span> 
     </span>
    </p>
   </div>
   <div class='ocr_carea' id='block_1_7' title="bbox 208 1629 1128 1739">
    <p class='ocr_par' dir='ltr' id='par_1_8' title="bbox 208 1629 1128 1739">
     <span class='ocr_line' id='line_1_21' title="bbox 258 1629 1128 1682; baseline -0.005 -12"><span class='ocrx_word' id='word_1_124' title='bbox 258 1633 352 1671; x_wconf 86' lang='lat' dir='ltr'><em>Colle</em></span> <span class='ocrx_word' id='word_1_125' title='bbox 364 1633 431 1682; x_wconf 86' lang='lat' dir='ltr'>sub</span> <span class='ocrx_word' id='word_1_126' title='bbox 455 1630 564 1680; x_wconf 68' lang='lat' dir='ltr'>Elysio</span> <span class='ocrx_word' id='word_1_127' title='bbox 587 1631 687 1679; x_wconf 82' lang='lat' dir='ltr'>nigra</span> <span class='ocrx_word' id='word_1_128' title='bbox 709 1643 829 1667; x_wconf 82' lang='lat' dir='ltr'>nemus</span> <span class='ocrx_word' id='word_1_129' title='bbox 849 1629 924 1667; x_wconf 78' lang='lat' dir='ltr'>ilice</span> <span class='ocrx_word' id='word_1_130' title='bbox 934 1629 1128 1678; x_wconf 54' lang='lat' dir='ltr'>frondens}-</span> 
     </span>
     <span class='ocr_line' id='line_1_22' title="bbox 208 1691 620 1739; baseline -0.007 -9"><span class='ocrx_word' id='word_1_131' title='bbox 208 1691 298 1730; x_wconf 70' lang='lat' dir='ltr'>Stat‚</span> <span class='ocrx_word' id='word_1_132' title='bbox 322 1704 375 1729; x_wconf 82' lang='lat' dir='ltr'>xv.</span> <span class='ocrx_word' id='word_1_133' title='bbox 398 1691 457 1729; x_wconf 91' lang='lat' dir='ltr'>Sil.</span> <span class='ocrx_word' id='word_1_134' title='bbox 486 1704 539 1730; x_wconf 90' lang='lat'>11.</span> <span class='ocrx_word' id='word_1_135' title='bbox 562 1691 620 1739; x_wconf 78' lang='lat'>65.</span> 
     </span>
    </p>
   </div>
   <div class='ocr_carea' id='block_1_8' title="bbox 257 1754 957 1808">
    <p class='ocr_par' dir='ltr' id='par_1_9' title="bbox 257 1754 957 1808">
     <span class='ocr_line' id='line_1_23' title="bbox 257 1754 957 1808; baseline -0.001 -14"><span class='ocrx_word' id='word_1_136' title='bbox 257 1764 434 1795; x_wconf 86' lang='lat' dir='ltr'><em>Romanae</em></span> <span class='ocrx_word' id='word_1_137' title='bbox 456 1757 568 1808; x_wconf 81' lang='lat' dir='ltr'>qualis</span> <span class='ocrx_word' id='word_1_138' title='bbox 581 1754 648 1804; x_wconf 87' lang='lat' dir='ltr'>sub</span> <span class='ocrx_word' id='word_1_139' title='bbox 670 1754 807 1792; x_wconf 80' lang='lat' dir='ltr'>collibus</span> <span class='ocrx_word' id='word_1_140' title='bbox 829 1755 957 1793; x_wconf 81' lang='lat' dir='ltr'>Alba-e.</span> 
     </span>
    </p>
   </div>
   <div class='ocr_carea' id='block_1_9' title="bbox 207 1813 1277 3330">
    <p class='ocr_par' dir='ltr' id='par_1_10' title="bbox 207 1813 1272 2962">
     <span class='ocr_line' id='line_1_24' title="bbox 209 1813 1267 1864; baseline 0.001 -12"><span class='ocrx_word' id='word_1_141' title='bbox 209 1814 259 1852; x_wconf 83' lang='lat' dir='ltr'>Et</span> <span class='ocrx_word' id='word_1_142' title='bbox 280 1814 426 1853; x_wconf 87' lang='lat' dir='ltr'>fortasse</span> <span class='ocrx_word' id='word_1_143' title='bbox 448 1816 541 1852; x_wconf 89' lang='lat' dir='ltr'>alibi.</span> <span class='ocrx_word' id='word_1_144' title='bbox 562 1815 621 1851; x_wconf 89' lang='lat' dir='ltr'>sed</span> <span class='ocrx_word' id='word_1_145' title='bbox 642 1816 734 1852; x_wconf 86' lang='lat' dir='ltr'>haec</span> <span class='ocrx_word' id='word_1_146' title='bbox 748 1816 920 1864; x_wconf 82' lang='lat' dir='ltr'>Stephani</span> <span class='ocrx_word' id='word_1_147' title='bbox 943 1813 1157 1852; x_wconf 83' lang='lat' dir='ltr'>Thesaurus</span> <span class='ocrx_word' id='word_1_148' title='bbox 1173 1813 1267 1853; x_wconf 73' lang='lat' dir='ltr'>loca</span> 
     </span>
     <span class='ocr_line' id='line_1_25' title="bbox 207 1866 1257 1915; baseline 0.001 -13"><span class='ocrx_word' id='word_1_149' title='bbox 207 1877 287 1903; x_wconf 85' lang='lat' dir='ltr'>non</span> <span class='ocrx_word' id='word_1_150' title='bbox 308 1866 528 1915; x_wconf 77' lang='lat' dir='ltr'>suggerebat.</span> <span class='ocrx_word' id='word_1_151' title='bbox 557 1866 727 1903; x_wconf 86' lang='lat' dir='ltr'>Omnem</span> <span class='ocrx_word' id='word_1_152' title='bbox 750 1877 841 1903; x_wconf 84' lang='lat' dir='ltr'>vero</span> <span class='ocrx_word' id='word_1_153' title='bbox 859 1866 1043 1914; x_wconf 77' lang='lat' dir='ltr'>eleganter</span> <span class='ocrx_word' id='word_1_154' title='bbox 1054 1866 1257 1912; x_wconf 77' lang='lat' dir='ltr'>conjicien—</span> 
     </span>
     <span class='ocr_line' id='line_1_26' title="bbox 210 1915 1256 1966; baseline 0.001 -12"><span class='ocrx_word' id='word_1_155' title='bbox 210 1915 248 1953; x_wconf 85' lang='lat' dir='ltr'>di</span> <span class='ocrx_word' id='word_1_156' title='bbox 269 1917 418 1954; x_wconf 88' lang='lat' dir='ltr'>laudem</span> <span class='ocrx_word' id='word_1_157' title='bbox 435 1916 575 1965; x_wconf 71' lang='lat' dir='ltr'>adjecsta</span> <span class='ocrx_word' id='word_1_158' title='bbox 596 1916 706 1953; x_wconf 86' lang='lat' dir='ltr'>verba</span> <span class='ocrx_word' id='word_1_159' title='bbox 720 1945 731 1961; x_wconf 90' lang='lat'><strong>,</strong></span> <span class='ocrx_word' id='word_1_160' title='bbox 759 1928 854 1966; x_wconf 82' lang='lat' dir='ltr'>quae</span> <span class='ocrx_word' id='word_1_161' title='bbox 865 1916 1010 1964; x_wconf 84' lang='lat' dir='ltr'>linguae</span> <span class='ocrx_word' id='word_1_162' title='bbox 1024 1916 1180 1953; x_wconf 81' lang='lat' dir='ltr'>Latinae</span> <span class='ocrx_word' id='word_1_163' title='bbox 1200 1917 1256 1955; x_wconf 88' lang='lat' dir='ltr'>in-</span> 
     </span>
     <span class='ocr_line' id='line_1_27' title="bbox 207 1965 1251 2015; baseline 0 -12"><span class='ocrx_word' id='word_1_164' title='bbox 207 1965 399 2005; x_wconf 80' lang='lat' dir='ltr'>solentiam</span> <span class='ocrx_word' id='word_1_165' title='bbox 427 1968 466 2005; x_wconf 86' lang='lat'>&amp;</span> <span class='ocrx_word' id='word_1_166' title='bbox 496 1967 672 2004; x_wconf 78' lang='lat' dir='ltr'>inscitiam</span> <span class='ocrx_word' id='word_1_167' title='bbox 706 1967 959 2011; x_wconf 87' lang='lat' dir='ltr'>manifestant,</span> <span class='ocrx_word' id='word_1_168' title='bbox 987 1975 1251 2015; x_wconf 89' lang='lat' dir='ltr'>corrumpunt:</span> 
     </span>
     <span class='ocr_line' id='line_1_28' title="bbox 209 2017 1252 2067; baseline 0 -12"><span class='ocrx_word' id='word_1_169' title='bbox 209 2028 311 2055; x_wconf 33' lang='lat' dir='ltr'>nam.</span> <span class='ocrx_word' id='word_1_170' title='bbox 330 2019 511 2056; x_wconf 83' lang='lat' dir='ltr'>rationem</span> <span class='ocrx_word' id='word_1_171' title='bbox 546 2017 747 2055; x_wconf 88' lang='lat' dir='ltr'>redditurus</span> <span class='ocrx_word' id='word_1_172' title='bbox 770 2017 1004 2067; x_wconf 73' lang='lat' dir='ltr'>conjeeturae</span> <span class='ocrx_word' id='word_1_173' title='bbox 1024 2017 1107 2054; x_wconf 91' lang='lat' dir='ltr'>suae</span> <span class='ocrx_word' id='word_1_174' title='bbox 1128 2017 1252 2063; x_wconf 84' lang='lat' dir='ltr'>addit,</span> 
     </span>
     <span class='ocr_line' id='line_1_29' title="bbox 212 2067 1256 2119; baseline 0 -15"><span class='ocrx_word' id='word_1_175' title='bbox 212 2081 300 2105; x_wconf 85' lang='lat' dir='ltr'>nam</span> <span class='ocrx_word' id='word_1_176' title='bbox 330 2070 382 2105; x_wconf 86' lang='lat' dir='ltr'>ita</span> <span class='ocrx_word' id='word_1_177' title='bbox 416 2069 539 2105; x_wconf 64' lang='lat' dir='ltr'>retfius</span> <span class='ocrx_word' id='word_1_178' title='bbox 569 2068 744 2118; x_wconf 75' lang='lat' dir='ltr'>loquaris,</span> <span class='ocrx_word' id='word_1_179' title='bbox 773 2082 904 2119; x_wconf 82' lang='lat' dir='ltr'>quam,</span> <span class='ocrx_word' id='word_1_180' title='bbox 942 2067 1036 2104; x_wconf 82' lang='lat' dir='ltr'>valle</span> <span class='ocrx_word' id='word_1_181' title='bbox 1048 2068 1115 2117; x_wconf 84' lang='lat' dir='ltr'>sub</span> <span class='ocrx_word' id='word_1_182' title='bbox 1139 2069 1256 2105; x_wconf 86' lang='lat' dir='ltr'>Idaea.</span> 
     </span>
     <span class='ocr_line' id='line_1_30' title="bbox 211 2117 1260 2168; baseline 0 -12"><span class='ocrx_word' id='word_1_183' title='bbox 211 2117 261 2156; x_wconf 90' lang='lat' dir='ltr'>Et</span> <span class='ocrx_word' id='word_1_184' title='bbox 285 2119 497 2167; x_wconf 82' lang='lat' dir='ltr'>exemplum</span> <span class='ocrx_word' id='word_1_185' title='bbox 520 2119 620 2156; x_wconf 80' lang='lat' dir='ltr'>addit</span> <span class='ocrx_word' id='word_1_186' title='bbox 642 2131 685 2156; x_wconf 84' lang='lat' dir='ltr'>ex</span> <span class='ocrx_word' id='word_1_187' title='bbox 707 2119 816 2168; x_wconf 85' lang='lat' dir='ltr'>Epist.</span> <span class='ocrx_word' id='word_1_188' title='bbox 829 2131 906 2156; x_wconf 79' lang='lat' dir='ltr'>xvx.</span> <span class='ocrx_word' id='word_1_189' title='bbox 922 2131 979 2168; x_wconf 82' lang='lat'>53.</span> <span class='ocrx_word' id='word_1_190' title='bbox 1007 2118 1068 2155; x_wconf 92' lang='lat' dir='ltr'>ubi</span> <span class='ocrx_word' id='word_1_191' title='bbox 1090 2119 1128 2155; x_wconf 86' lang='lat' dir='ltr'>in</span> <span class='ocrx_word' id='word_1_192' title='bbox 1149 2119 1260 2156; x_wconf 81' lang='lat' dir='ltr'>valli-</span> 
     </span>
     <span class='ocr_line' id='line_1_31' title="bbox 212 2168 1258 2219; baseline 0.001 -14"><span class='ocrx_word' id='word_1_193' title='bbox 212 2168 275 2206; x_wconf 82' lang='lat' dir='ltr'>bus</span> <span class='ocrx_word' id='word_1_194' title='bbox 287 2170 519 2218; x_wconf 80' lang='lat' dir='ltr'>Idaelegitur‚</span> <span class='ocrx_word' id='word_1_195' title='bbox 533 2169 688 2206; x_wconf 80' lang='lat' dir='ltr'>similem</span> <span class='ocrx_word' id='word_1_196' title='bbox 703 2170 875 2219; x_wconf 88' lang='lat' dir='ltr'>equidem</span> <span class='ocrx_word' id='word_1_197' title='bbox 890 2168 1162 2217; x_wconf 82' lang='lat' dir='ltr'>deprehendere</span> <span class='ocrx_word' id='word_1_198' title='bbox 1173 2170 1258 2206; x_wconf 89' lang='lat' dir='ltr'>licet</span> 
     </span>
     <span class='ocr_line' id='line_1_32' title="bbox 214 2220 1259 2269; baseline -0.001 -12"><span class='ocrx_word' id='word_1_199' title='bbox 214 2227 384 2257; x_wconf 82' lang='lat' dir='ltr'>veterum</span> <span class='ocrx_word' id='word_1_200' title='bbox 395 2221 571 2257; x_wconf 88' lang='lat' dir='ltr'>librorum</span> <span class='ocrx_word' id='word_1_201' title='bbox 586 2220 859 2269; x_wconf 82' lang='lat' dir='ltr'>exscriptoribus</span> <span class='ocrx_word' id='word_1_202' title='bbox 872 2220 1065 2257; x_wconf 89' lang='lat' dir='ltr'>Gorallum</span> <span class='ocrx_word' id='word_1_203' title='bbox 1078 2220 1239 2257; x_wconf 88' lang='lat' dir='ltr'>nostrum</span> <span class='ocrx_word' id='word_1_204' title='bbox 1249 2249 1259 2265; x_wconf 89' lang='lat'>‚</span> 
     </span>
     <span class='ocr_line' id='line_1_33' title="bbox 218 2269 1264 2320; baseline 0 -13"><span class='ocrx_word' id='word_1_205' title='bbox 218 2270 346 2319; x_wconf 42' lang='lat' dir='ltr'>quifut</span> <span class='ocrx_word' id='word_1_206' title='bbox 359 2271 407 2308; x_wconf 90' lang='lat' dir='ltr'>est</span> <span class='ocrx_word' id='word_1_207' title='bbox 418 2271 581 2307; x_wconf 86' lang='lat' dir='ltr'>summus</span> <span class='ocrx_word' id='word_1_208' title='bbox 594 2271 754 2320; x_wconf 82' lang='lat' dir='ltr'>Logices</span> <span class='ocrx_word' id='word_1_209' title='bbox 765 2271 992 2316; x_wconf 77' lang='lat' dir='ltr'>instaurator,</span> <span class='ocrx_word' id='word_1_210' title='bbox 1004 2269 1173 2308; x_wconf 90' lang='lat' dir='ltr'>credebat</span> <span class='ocrx_word' id='word_1_211' title='bbox 1184 2271 1264 2308; x_wconf 75' lang='lat' dir='ltr'>val-</span> 
     </span>
     <span class='ocr_line' id='line_1_34' title="bbox 214 2319 1260 2371; baseline 0 -12"><span class='ocrx_word' id='word_1_212' title='bbox 214 2320 305 2359; x_wconf 80' lang='lat' dir='ltr'>libus</span> <span class='ocrx_word' id='word_1_213' title='bbox 327 2321 417 2359; x_wconf 86' lang='lat' dir='ltr'>nihil</span> <span class='ocrx_word' id='word_1_214' title='bbox 437 2319 508 2358; x_wconf 79' lang='lat' dir='ltr'>effe</span> <span class='ocrx_word' id='word_1_215' title='bbox 529 2321 677 2359; x_wconf 87' lang='lat' dir='ltr'>inferius</span> <span class='ocrx_word' id='word_1_216' title='bbox 691 2351 702 2366; x_wconf 93' lang='lat'>‚</span> <span class='ocrx_word' id='word_1_217' title='bbox 729 2321 889 2371; x_wconf 90' lang='lat' dir='ltr'>ideoque</span> <span class='ocrx_word' id='word_1_218' title='bbox 904 2321 970 2370; x_wconf 76' lang='lat' dir='ltr'>sab</span> <span class='ocrx_word' id='word_1_219' title='bbox 992 2321 1146 2357; x_wconf 80' lang='lat' dir='ltr'>vallibus</span> <span class='ocrx_word' id='word_1_220' title='bbox 1161 2350 1169 2365; x_wconf 93' lang='lat'>‚</span> <span class='ocrx_word' id='word_1_221' title='bbox 1182 2334 1260 2359; x_wconf 90' lang='lat' dir='ltr'>non</span> 
     </span>
     <span class='ocr_line' id='line_1_35' title="bbox 218 2371 1262 2421; baseline 0 -13"><span class='ocrx_word' id='word_1_222' title='bbox 218 2371 318 2408; x_wconf 66' lang='lat' dir='ltr'>reete</span> <span class='ocrx_word' id='word_1_223' title='bbox 340 2372 410 2409; x_wconf 88' lang='lat' dir='ltr'>dici</span> <span class='ocrx_word' id='word_1_224' title='bbox 426 2400 435 2416; x_wconf 86' lang='lat'>‚</span> <span class='ocrx_word' id='word_1_225' title='bbox 460 2371 484 2408; x_wconf 85' lang='lat' dir='ltr'><strong>fi</strong></span> <span class='ocrx_word' id='word_1_226' title='bbox 520 2372 609 2421; x_wconf 83' lang='lat' dir='ltr'>quid</span> <span class='ocrx_word' id='word_1_227' title='bbox 637 2373 675 2410; x_wconf 90' lang='lat' dir='ltr'>in</span> <span class='ocrx_word' id='word_1_228' title='bbox 696 2371 882 2421; x_wconf 88' lang='lat' dir='ltr'>superficie</span> <span class='ocrx_word' id='word_1_229' title='bbox 912 2380 1029 2409; x_wconf 89' lang='lat' dir='ltr'>terrae</span> <span class='ocrx_word' id='word_1_230' title='bbox 1050 2379 1262 2420; x_wconf 81' lang='lat' dir='ltr'>gereretur,</span> 
     </span>
     <span class='ocr_line' id='line_1_36' title="bbox 218 2420 1265 2472; baseline 0.003 -15"><span class='ocrx_word' id='word_1_231' title='bbox 218 2420 279 2458; x_wconf 89' lang='lat' dir='ltr'>sed</span> <span class='ocrx_word' id='word_1_232' title='bbox 311 2420 336 2457; x_wconf 83' lang='lat' dir='ltr'><strong>fi</strong></span> <span class='ocrx_word' id='word_1_233' title='bbox 367 2423 510 2470; x_wconf 85' lang='lat' dir='ltr'>penitus</span> <span class='ocrx_word' id='word_1_234' title='bbox 540 2422 602 2459; x_wconf 87' lang='lat' dir='ltr'>sub</span> <span class='ocrx_word' id='word_1_235' title='bbox 633 2430 727 2460; x_wconf 89' lang='lat' dir='ltr'>terra</span> <span class='ocrx_word' id='word_1_236' title='bbox 758 2423 817 2460; x_wconf 85' lang='lat' dir='ltr'>vel</span> <span class='ocrx_word' id='word_1_237' title='bbox 849 2422 944 2471; x_wconf 88' lang='lat' dir='ltr'>apud</span> <span class='ocrx_word' id='word_1_238' title='bbox 967 2422 1105 2459; x_wconf 88' lang='lat' dir='ltr'>inferos</span> <span class='ocrx_word' id='word_1_239' title='bbox 1128 2422 1265 2472; x_wconf 90' lang='lat' dir='ltr'>aliquid</span> 
     </span>
     <span class='ocr_line' id='line_1_37' title="bbox 218 2470 1263 2523; baseline 0.004 -16"><span class='ocrx_word' id='word_1_240' title='bbox 218 2470 296 2507; x_wconf 85' lang='lat' dir='ltr'>fieri</span> <span class='ocrx_word' id='word_1_241' title='bbox 317 2472 536 2510; x_wconf 80' lang='lat' dir='ltr'>indicaretur</span> <span class='ocrx_word' id='word_1_242' title='bbox 547 2488 557 2516; x_wconf 93' lang='grc'><strong>;</strong></span> <span class='ocrx_word' id='word_1_243' title='bbox 571 2473 732 2521; x_wconf 87' lang='lat' dir='ltr'>ideoque</span> <span class='ocrx_word' id='word_1_244' title='bbox 746 2502 755 2518; x_wconf 87' lang='lat'><strong>,</strong></span> <span class='ocrx_word' id='word_1_245' title='bbox 768 2473 832 2523; x_wconf 88' lang='lat' dir='ltr'>qui</span> <span class='ocrx_word' id='word_1_246' title='bbox 852 2473 1033 2510; x_wconf 77' lang='lat' dir='ltr'>rationem</span> <span class='ocrx_word' id='word_1_247' title='bbox 1057 2473 1263 2521; x_wconf 83' lang='lat' dir='ltr'>magistram</span> 
     </span>
     <span class='ocr_line' id='line_1_38' title="bbox 222 2520 1265 2573; baseline 0.005 -16"><span class='ocrx_word' id='word_1_248' title='bbox 222 2520 321 2570; x_wconf 83' lang='lat' dir='ltr'>sequi</span> <span class='ocrx_word' id='word_1_249' title='bbox 343 2522 456 2559; x_wconf 85' lang='lat' dir='ltr'>velint</span> <span class='ocrx_word' id='word_1_250' title='bbox 470 2551 480 2567; x_wconf 90' lang='lat'><strong>,</strong></span> <span class='ocrx_word' id='word_1_251' title='bbox 502 2522 633 2560; x_wconf 91' lang='lat' dir='ltr'>debere</span> <span class='ocrx_word' id='word_1_252' title='bbox 654 2523 775 2561; x_wconf 80' lang='lat' dir='ltr'>dicere</span> <span class='ocrx_word' id='word_1_253' title='bbox 797 2524 833 2560; x_wconf 81' lang='lat' dir='ltr'>in</span> <span class='ocrx_word' id='word_1_254' title='bbox 856 2523 1019 2562; x_wconf 69' lang='lat' dir='ltr'>vallibus,</span> <span class='ocrx_word' id='word_1_255' title='bbox 1058 2524 1152 2573; x_wconf 87' lang='lat' dir='ltr'>Quis</span> <span class='ocrx_word' id='word_1_256' title='bbox 1174 2536 1265 2562; x_wconf 83' lang='lat' dir='ltr'>vero</span> 
     </span>
     <span class='ocr_line' id='line_1_39' title="bbox 221 2572 1265 2620; baseline 0.003 -11"><span class='ocrx_word' id='word_1_257' title='bbox 221 2579 332 2620; x_wconf 82' lang='lat' dir='ltr'>neget</span> <span class='ocrx_word' id='word_1_258' title='bbox 363 2572 460 2609; x_wconf 68' lang='lat' dir='ltr'>reete</span> <span class='ocrx_word' id='word_1_259' title='bbox 492 2574 600 2611; x_wconf 76' lang='lat' dir='ltr'>etiam</span> <span class='ocrx_word' id='word_1_260' title='bbox 636 2574 709 2611; x_wconf 85' lang='lat' dir='ltr'>dici</span> <span class='ocrx_word' id='word_1_261' title='bbox 737 2575 775 2611; x_wconf 82' lang='lat' dir='ltr'>in</span> <span class='ocrx_word' id='word_1_262' title='bbox 806 2574 987 2612; x_wconf 75' lang='lat' dir='ltr'>vallibus?</span> <span class='ocrx_word' id='word_1_263' title='bbox 1012 2575 1062 2611; x_wconf 81' lang='lat' dir='ltr'>ita</span> <span class='ocrx_word' id='word_1_264' title='bbox 1095 2575 1195 2611; x_wconf 87' lang='lat' dir='ltr'>enim</span> <span class='ocrx_word' id='word_1_265' title='bbox 1226 2577 1265 2612; x_wconf 86' lang='lat'>&amp;</span> 
     </span>
     <span class='ocr_line' id='line_1_40' title="bbox 225 2621 1263 2674; baseline 0.003 -15"><span class='ocrx_word' id='word_1_266' title='bbox 225 2621 322 2659; x_wconf 84' lang='lat' dir='ltr'>Naso</span> <span class='ocrx_word' id='word_1_267' title='bbox 351 2622 457 2670; x_wconf 83' lang='lat' dir='ltr'>Epist.</span> <span class='ocrx_word' id='word_1_268' title='bbox 492 2636 575 2660; x_wconf 66' lang='lat' dir='ltr'>xvii</span> <span class='ocrx_word' id='word_1_269' title='bbox 615 2638 693 2674; x_wconf 78' lang='lat'>115.</span> <span class='ocrx_word' id='word_1_270' title='bbox 724 2638 751 2661; x_wconf 81' lang='lat' dir='ltr'>r.</span> <span class='ocrx_word' id='word_1_271' title='bbox 775 2626 909 2662; x_wconf 86' lang='lat' dir='ltr'>Amor.</span> <span class='ocrx_word' id='word_1_272' title='bbox 932 2637 1009 2662; x_wconf 76' lang='lat' dir='ltr'>xxv.</span> <span class='ocrx_word' id='word_1_273' title='bbox 1042 2637 1096 2662; x_wconf 85' lang='lat'>11.</span> <span class='ocrx_word' id='word_1_274' title='bbox 1120 2625 1263 2662; x_wconf 57' lang='lat' dir='ltr'>&amp;alibi</span> 
     </span>
     <span class='ocr_line' id='line_1_41' title="bbox 223 2672 1270 2724; baseline 0.003 -16"><span class='ocrx_word' id='word_1_275' title='bbox 223 2672 353 2722; x_wconf 83' lang='lat' dir='ltr'>quibus</span> <span class='ocrx_word' id='word_1_276' title='bbox 377 2673 489 2709; x_wconf 80' lang='lat' dir='ltr'>multa</span> <span class='ocrx_word' id='word_1_277' title='bbox 501 2674 643 2722; x_wconf 81' lang='lat' dir='ltr'>Virgilii</span> <span class='ocrx_word' id='word_1_278' title='bbox 658 2703 667 2718; x_wconf 91' lang='lat'><strong>‚</strong></span> <span class='ocrx_word' id='word_1_279' title='bbox 684 2676 827 2712; x_wconf 81' lang='lat' dir='ltr'>Horatii</span> <span class='ocrx_word' id='word_1_280' title='bbox 850 2676 1082 2724; x_wconf 88' lang='lat' dir='ltr'>aliorumque</span> <span class='ocrx_word' id='word_1_281' title='bbox 1103 2675 1187 2711; x_wconf 88' lang='lat' dir='ltr'>loca</span> <span class='ocrx_word' id='word_1_282' title='bbox 1207 2687 1270 2723; x_wconf 85' lang='lat' dir='ltr'>ag-</span> 
     </span>
     <span class='ocr_line' id='line_1_42' title="bbox 224 2723 1267 2771; baseline 0.002 -11"><span class='ocrx_word' id='word_1_283' title='bbox 224 2733 350 2771; x_wconf 86' lang='lat' dir='ltr'>gerere</span> <span class='ocrx_word' id='word_1_284' title='bbox 362 2723 399 2759; x_wconf 90' lang='lat' dir='ltr'>in</span> <span class='ocrx_word' id='word_1_285' title='bbox 422 2732 597 2771; x_wconf 86' lang='lat' dir='ltr'>promptu</span> <span class='ocrx_word' id='word_1_286' title='bbox 621 2723 714 2760; x_wconf 77' lang='lat' dir='ltr'>effet.</span> <span class='ocrx_word' id='word_1_287' title='bbox 729 2725 787 2761; x_wconf 87' lang='lat' dir='ltr'>sed</span> <span class='ocrx_word' id='word_1_288' title='bbox 800 2725 968 2761; x_wconf 85' lang='lat' dir='ltr'>nondum</span> <span class='ocrx_word' id='word_1_289' title='bbox 981 2732 1108 2762; x_wconf 90' lang='lat' dir='ltr'>tamen</span> <span class='ocrx_word' id='word_1_290' title='bbox 1122 2737 1200 2762; x_wconf 89' lang='lat' dir='ltr'>rem</span> <span class='ocrx_word' id='word_1_291' title='bbox 1214 2727 1267 2762; x_wconf 89' lang='lat' dir='ltr'>fa-</span> 
     </span>
     <span class='ocr_line' id='line_1_43' title="bbox 227 2772 1272 2816; baseline 0.005 -7"><span class='ocrx_word' id='word_1_292' title='bbox 227 2772 324 2810; x_wconf 62' lang='lat' dir='ltr'>{tam</span> <span class='ocrx_word' id='word_1_293' title='bbox 344 2773 452 2810; x_wconf 87' lang='lat' dir='ltr'>habet</span> <span class='ocrx_word' id='word_1_294' title='bbox 475 2774 814 2810; x_wconf 78' lang='lat' dir='ltr'>Grammaticorum</span> <span class='ocrx_word' id='word_1_295' title='bbox 838 2775 896 2810; x_wconf 87' lang='lat' dir='ltr'>ille</span> <span class='ocrx_word' id='word_1_296' title='bbox 926 2782 1066 2816; x_wconf 87' lang='lat' dir='ltr'>terror;</span> <span class='ocrx_word' id='word_1_297' title='bbox 1104 2787 1193 2812; x_wconf 85' lang='lat' dir='ltr'>nain</span> <span class='ocrx_word' id='word_1_298' title='bbox 1215 2777 1272 2814; x_wconf 87' lang='lat' dir='ltr'>in-</span> 
     </span>
     <span class='ocr_line' id='line_1_44' title="bbox 224 2823 1161 2873; baseline -0.001 -13"><span class='ocrx_word' id='word_1_299' title='bbox 224 2823 347 2873; x_wconf 82' lang='lat' dir='ltr'>spiciat</span> <span class='ocrx_word' id='word_1_300' title='bbox 371 2823 488 2861; x_wconf 84' lang='lat' dir='ltr'>modo</span> <span class='ocrx_word' id='word_1_301' title='bbox 512 2824 633 2860; x_wconf 82' lang='lat' dir='ltr'>Nostri</span> <span class='ocrx_word' id='word_1_302' title='bbox 657 2825 783 2860; x_wconf 86' lang='lat' dir='ltr'>locum</span> <span class='ocrx_word' id='word_1_303' title='bbox 811 2823 869 2860; x_wconf 78' lang='lat' dir='ltr'>lib.</span> <span class='ocrx_word' id='word_1_304' title='bbox 894 2824 1161 2871; x_wconf 70' lang='lat' dir='ltr'>11.Met.76z..</span> 
     </span>
     <span class='ocr_line' id='line_1_45' title="bbox 403 2874 1064 2922; baseline 0 -12"><span class='ocrx_word' id='word_1_305' title='bbox 403 2880 538 2911; x_wconf 74' lang='lat' dir='ltr'>Domus</span> <span class='ocrx_word' id='word_1_306' title='bbox 559 2875 601 2922; x_wconf 76' lang='lat' dir='ltr'>est</span> <span class='ocrx_word' id='word_1_307' title='bbox 623 2876 702 2911; x_wconf 72' lang='lat' dir='ltr'>imis</span> <span class='ocrx_word' id='word_1_308' title='bbox 724 2875 761 2911; x_wconf 78' lang='lat' dir='ltr'>in</span> <span class='ocrx_word' id='word_1_309' title='bbox 786 2874 936 2912; x_wconf 77' lang='lat' dir='ltr'>vallibus</span> <span class='ocrx_word' id='word_1_310' title='bbox 957 2876 1064 2912; x_wconf 69' lang='lat' dir='ltr'>antri⁴</span> 
     </span>
     <span class='ocr_line' id='line_1_46' title="bbox 281 2925 432 2962; baseline -0.007 0"><span class='ocrx_word' id='word_1_311' title='bbox 281 2925 432 2962; x_wconf 74' lang='lat' dir='ltr'>Abdita,</span> 
     </span>
    </p>

    <p class='ocr_par' dir='ltr' id='par_1_11' title="bbox 225 2974 1277 3330">
     <span class='ocr_line' id='line_1_47' title="bbox 225 2974 1276 3026; baseline 0.001 -12"><span class='ocrx_word' id='word_1_312' title='bbox 225 2974 275 3014; x_wconf 76' lang='lat' dir='ltr'>Et</span> <span class='ocrx_word' id='word_1_313' title='bbox 304 2975 351 3012; x_wconf 90' lang='lat' dir='ltr'>ibi</span> <span class='ocrx_word' id='word_1_314' title='bbox 384 2975 543 3012; x_wconf 81' lang='lat' dir='ltr'>librarios</span> <span class='ocrx_word' id='word_1_315' title='bbox 578 2974 637 3012; x_wconf 86' lang='lat' dir='ltr'>fibi</span> <span class='ocrx_word' id='word_1_316' title='bbox 671 2974 802 3013; x_wconf 80' lang='lat' dir='ltr'>similes</span> <span class='ocrx_word' id='word_1_317' title='bbox 825 2975 1084 3024; x_wconf 80' lang='lat' dir='ltr'>deprehendet.</span> <span class='ocrx_word' id='word_1_318' title='bbox 1112 2978 1174 3026; x_wconf 83' lang='lat' dir='ltr'>qui</span> <span class='ocrx_word' id='word_1_319' title='bbox 1197 2990 1276 3015; x_wconf 83' lang='lat' dir='ltr'>non</span> 
     </span>
     <span class='ocr_line' id='line_1_48' title="bbox 231 3026 1275 3076; baseline 0.002 -13"><span class='ocrx_word' id='word_1_320' title='bbox 231 3035 506 3075; x_wconf 85' lang='lat' dir='ltr'>concoquentes</span> <span class='ocrx_word' id='word_1_321' title='bbox 539 3026 695 3063; x_wconf 79' lang='lat' dir='ltr'>domum</span> <span class='ocrx_word' id='word_1_322' title='bbox 729 3026 790 3062; x_wconf 88' lang='lat' dir='ltr'>sub</span> <span class='ocrx_word' id='word_1_323' title='bbox 823 3036 927 3064; x_wconf 87' lang='lat' dir='ltr'>antro</span> <span class='ocrx_word' id='word_1_324' title='bbox 949 3027 1024 3076; x_wconf 90' lang='lat' dir='ltr'>ipso</span> <span class='ocrx_word' id='word_1_325' title='bbox 1048 3027 1246 3076; x_wconf 71' lang='lat' dir='ltr'>depressam</span> <span class='ocrx_word' id='word_1_326' title='bbox 1265 3058 1275 3073; x_wconf 90' lang='lat'>,</span> 
     </span>
     <span class='ocr_line' id='line_1_49' title="bbox 230 3076 1277 3126; baseline 0.004 -14"><span class='ocrx_word' id='word_1_327' title='bbox 230 3077 327 3114; x_wconf 80' lang='lat' dir='ltr'>illam</span> <span class='ocrx_word' id='word_1_328' title='bbox 350 3077 550 3114; x_wconf 61' lang='lat' dir='ltr'>lectionem</span> <span class='ocrx_word' id='word_1_329' title='bbox 564 3076 824 3125; x_wconf 79' lang='lat' dir='ltr'>supposuerunt</span> <span class='ocrx_word' id='word_1_330' title='bbox 839 3107 848 3122; x_wconf 89' lang='lat'>‚</span> <span class='ocrx_word' id='word_1_331' title='bbox 873 3090 939 3126; x_wconf 90' lang='lat' dir='ltr'>pro</span> <span class='ocrx_word' id='word_1_332' title='bbox 949 3078 1015 3126; x_wconf 72' lang='lat' dir='ltr'>sab</span> <span class='ocrx_word' id='word_1_333' title='bbox 1037 3078 1190 3114; x_wconf 76' lang='lat' dir='ltr'>vallibus</span> <span class='ocrx_word' id='word_1_334' title='bbox 1204 3108 1214 3122; x_wconf 88' lang='lat'>‚</span> <span class='ocrx_word' id='word_1_335' title='bbox 1237 3088 1277 3116; x_wconf 88' lang='lat' dir='ltr'>ut</span> 
     </span>
     <span class='ocr_line' id='line_1_50' title="bbox 236 3125 1274 3177; baseline 0.006 -17"><span class='ocrx_word' id='word_1_336' title='bbox 236 3125 308 3162; x_wconf 84' lang='lat' dir='ltr'>duo</span> <span class='ocrx_word' id='word_1_337' title='bbox 341 3127 504 3176; x_wconf 82' lang='lat' dir='ltr'>optimae</span> <span class='ocrx_word' id='word_1_338' title='bbox 534 3136 646 3165; x_wconf 83' lang='lat' dir='ltr'>notae</span> <span class='ocrx_word' id='word_1_339' title='bbox 677 3127 824 3164; x_wconf 86' lang='lat' dir='ltr'>codices</span> <span class='ocrx_word' id='word_1_340' title='bbox 857 3129 1052 3172; x_wconf 86' lang='lat' dir='ltr'>exhibent,</span> <span class='ocrx_word' id='word_1_341' title='bbox 1093 3130 1130 3165; x_wconf 61' lang='grc' dir='ltr'>ὃς</span> <span class='ocrx_word' id='word_1_342' title='bbox 1163 3141 1274 3177; x_wconf 82' lang='lat' dir='ltr'>quam</span> 
     </span>
     <span class='ocr_line' id='line_1_51' title="bbox 233 3176 1274 3227; baseline 0.006 -17"><span class='ocrx_word' id='word_1_343' title='bbox 233 3184 358 3227; x_wconf 71' lang='lat' dir='ltr'>‘veram</span> <span class='ocrx_word' id='word_1_344' title='bbox 392 3177 461 3215; x_wconf 81' lang='lat' dir='ltr'>effe</span> <span class='ocrx_word' id='word_1_345' title='bbox 494 3176 580 3215; x_wconf 82' lang='lat' dir='ltr'>ideo</span> <span class='ocrx_word' id='word_1_346' title='bbox 612 3178 831 3222; x_wconf 52' lang='lat' dir='ltr'>credimuss</span> <span class='ocrx_word' id='word_1_347' title='bbox 855 3179 939 3227; x_wconf 78' lang='lat' dir='ltr'>quia</span> <span class='ocrx_word' id='word_1_348' title='bbox 971 3180 1215 3216; x_wconf 77' lang='lat' dir='ltr'>remotiorem</span> <span class='ocrx_word' id='word_1_349' title='bbox 1255 3192 1274 3217; x_wconf 88' lang='lat' dir='ltr'>a</span> 
     </span>
     <span class='ocr_line' id='line_1_52' title="bbox 236 3224 1275 3271; baseline 0.008 -12"><span class='ocrx_word' id='word_1_350' title='bbox 236 3224 348 3271; x_wconf 44' lang='lat' dir='ltr'>*vulgo</span> <span class='ocrx_word' id='word_1_351' title='bbox 368 3227 725 3267; x_wconf 23' lang='lat' dir='ltr'>locutionem-*nobis</span> <span class='ocrx_word' id='word_1_352' title='bbox 744 3229 909 3266; x_wconf 76' lang='lat' dir='ltr'>servavit,</span> <span class='ocrx_word' id='word_1_353' title='bbox 947 3229 1016 3267; x_wconf 89' lang='lat' dir='ltr'>Sed</span> <span class='ocrx_word' id='word_1_354' title='bbox 1048 3241 1094 3267; x_wconf 87' lang='lat' dir='ltr'>ne</span> <span class='ocrx_word' id='word_1_355' title='bbox 1127 3241 1172 3266; x_wconf 84' lang='lat' dir='ltr'>ex</span> <span class='ocrx_word' id='word_1_356' title='bbox 1196 3231 1275 3267; x_wconf 56' lang='lat' dir='ltr'>vulu</span> 
     </span>
     <span class='ocr_line' id='line_1_53' title="bbox 234 3274 1275 3330; baseline 0.009 -21"><span class='ocrx_word' id='word_1_357' title='bbox 234 3282 316 3322; x_wconf 81' lang='lat' dir='ltr'>gata</span> <span class='ocrx_word' id='word_1_358' title='bbox 335 3274 492 3316; x_wconf 69' lang='lat' dir='ltr'>letftione</span> <span class='ocrx_word' id='word_1_359' title='bbox 506 3307 529 3325; x_wconf 15' lang='grc' dir='ltr'>,γ</span> <span class='ocrx_word' id='word_1_360' title='bbox 543 3280 630 3330; x_wconf 67' lang='lat' dir='ltr'>quia</span> <span class='ocrx_word' id='word_1_361' title='bbox 651 3278 714 3319; x_wconf 84' lang='lat' dir='ltr'>fibi</span> <span class='ocrx_word' id='word_1_362' title='bbox 734 3280 834 3318; x_wconf 73' lang='lat' dir='ltr'>favet</span> <span class='ocrx_word' id='word_1_363' title='bbox 847 3308 858 3327; x_wconf 83' lang='grc'>,</span> <span class='ocrx_word' id='word_1_364' title='bbox 885 3280 1103 3330; x_wconf 74' lang='lat' dir='ltr'>praesidium</span> <span class='ocrx_word' id='word_1_365' title='bbox 1126 3279 1188 3319; x_wconf 81' lang='lat' dir='ltr'>fibi</span> <span class='ocrx_word' id='word_1_366' title='bbox 1210 3292 1275 3330; x_wconf 83' lang='lat' dir='ltr'>pa-</span> 
     </span>
    </p>
   </div>
   <div class='ocr_carea' id='block_1_10' title="bbox 2099 720 2352 777">
    <p class='ocr_par' dir='ltr' id='par_1_12' title="bbox 2099 720 2352 777">
     <span class='ocr_line' id='line_1_54' title="bbox 2099 720 2352 777; baseline -0.004 -1"><span class='ocrx_word' id='word_1_367' title='bbox 2099 720 2352 777; x_wconf 76' lang='lat' dir='ltr'>Corneus</span> 
     </span>
    </p>
   </div>
   <div class='ocr_carea' id='block_1_11' title="bbox 1305 847 2390 3279">
    <p class='ocr_par' dir='ltr' id='par_1_13' title="bbox 1305 847 2355 950">
     <span class='ocr_line' id='line_1_55' title="bbox 1305 847 2355 896; baseline 0.002 -10"><span class='ocrx_word' id='word_1_368' title='bbox 1305 855 1382 893; x_wconf 85' lang='lat' dir='ltr'>ret,</span> <span class='ocrx_word' id='word_1_369' title='bbox 1419 848 1543 886; x_wconf 89' lang='lat' dir='ltr'>videat</span> <span class='ocrx_word' id='word_1_370' title='bbox 1573 847 1727 886; x_wconf 84' lang='lat' dir='ltr'>alterurn</span> <span class='ocrx_word' id='word_1_371' title='bbox 1758 849 1869 889; x_wconf 87' lang='lat' dir='ltr'>nostri</span> <span class='ocrx_word' id='word_1_372' title='bbox 1900 848 2055 888; x_wconf 86' lang='lat' dir='ltr'>Nasonis</span> <span class='ocrx_word' id='word_1_373' title='bbox 2084 849 2214 887; x_wconf 83' lang='lat' dir='ltr'>locum</span> <span class='ocrx_word' id='word_1_374' title='bbox 2235 848 2355 896; x_wconf 48' lang='lat' dir='ltr'>liba}</span> 
     </span>
     <span class='ocr_line' id='line_1_56' title="bbox 1305 899 2336 950; baseline 0.002 -14"><span class='ocrx_word' id='word_1_375' title='bbox 1305 899 1388 937; x_wconf 84' lang='lat' dir='ltr'>Art.</span> <span class='ocrx_word' id='word_1_376' title='bbox 1410 899 1494 948; x_wconf 83' lang='lat'>289.</span> <span class='ocrx_word' id='word_1_377' title='bbox 1522 899 1583 936; x_wconf 89' lang='lat' dir='ltr'>ubi</span> <span class='ocrx_word' id='word_1_378' title='bbox 1602 899 1699 937; x_wconf 81' lang='lat' dir='ltr'>nulla</span> <span class='ocrx_word' id='word_1_379' title='bbox 1720 901 1943 939; x_wconf 84' lang='lat' dir='ltr'>emendandi</span> <span class='ocrx_word' id='word_1_380' title='bbox 1962 901 2117 950; x_wconf 85' lang='lat' dir='ltr'>species:</span> <span class='ocrx_word' id='word_1_381' title='bbox 2332 902 2336 906; x_wconf 84' lang='grc'>’</span> 
     </span>
    </p>

    <p class='ocr_par' dir='ltr' id='par_1_14' title="bbox 1307 949 2227 1052">
     <span class='ocr_line' id='line_1_57' title="bbox 1359 949 2227 1000; baseline 0.002 -13"><span class='ocrx_word' id='word_1_382' title='bbox 1359 957 1459 987; x_wconf 85' lang='lat' dir='ltr'>Forte</span> <span class='ocrx_word' id='word_1_383' title='bbox 1471 951 1538 999; x_wconf 85' lang='lat' dir='ltr'>sub</span> <span class='ocrx_word' id='word_1_384' title='bbox 1560 949 1724 999; x_wconf 76' lang='lat' dir='ltr'>umbrosis</span> <span class='ocrx_word' id='word_1_385' title='bbox 1745 953 1934 1000; x_wconf 84' lang='lat' dir='ltr'>nemorosae</span> <span class='ocrx_word' id='word_1_386' title='bbox 1953 951 2109 989; x_wconf 82' lang='lat' dir='ltr'>vallibus</span> <span class='ocrx_word' id='word_1_387' title='bbox 2132 951 2227 989; x_wconf 81' lang='lat' dir='ltr'>Idae.</span> 
     </span>
     <span class='ocr_line' id='line_1_58' title="bbox 1307 1000 2122 1052; baseline 0 -13"><span class='ocrx_word' id='word_1_388' title='bbox 1307 1001 1356 1039; x_wconf 89' lang='lat' dir='ltr'>Et</span> <span class='ocrx_word' id='word_1_389' title='bbox 1376 1000 1520 1050; x_wconf 86' lang='lat' dir='ltr'>adjiciat</span> <span class='ocrx_word' id='word_1_390' title='bbox 1541 1001 1598 1038; x_wconf 85' lang='lat' dir='ltr'>illa</span> <span class='ocrx_word' id='word_1_391' title='bbox 1621 1001 1760 1038; x_wconf 85' lang='lat' dir='ltr'>Tibulli</span> <span class='ocrx_word' id='word_1_392' title='bbox 1782 1013 1828 1039; x_wconf 85' lang='lat'>11.</span> <span class='ocrx_word' id='word_1_393' title='bbox 1851 1002 1953 1051; x_wconf 87' lang='lat' dir='ltr'>Eleg.</span> <span class='ocrx_word' id='word_1_394' title='bbox 1974 1014 2038 1040; x_wconf 79' lang='lat'>111.</span> <span class='ocrx_word' id='word_1_395' title='bbox 2064 1014 2122 1052; x_wconf 85' lang='lat'>19..</span> 
     </span>
    </p>

    <p class='ocr_par' dir='ltr' id='par_1_15' title="bbox 1306 1051 2368 1711">
     <span class='ocr_line' id='line_1_59' title="bbox 1363 1051 1918 1098; baseline 0.002 -9"><span class='ocrx_word' id='word_1_396' title='bbox 1363 1058 1514 1089; x_wconf 80' lang='lat' dir='ltr'>Caneret</span> <span class='ocrx_word' id='word_1_397' title='bbox 1537 1066 1615 1088; x_wconf 80' lang='lat' dir='ltr'>cum</span> <span class='ocrx_word' id='word_1_398' title='bbox 1636 1051 1731 1088; x_wconf 86' lang='lat' dir='ltr'>valle</span> <span class='ocrx_word' id='word_1_399' title='bbox 1750 1052 1810 1098; x_wconf 85' lang='lat' dir='ltr'>sub</span> <span class='ocrx_word' id='word_1_400' title='bbox 1833 1052 1918 1090; x_wconf 87' lang='lat' dir='ltr'>ima.</span> 
     </span>
     <span class='ocr_line' id='line_1_60' title="bbox 1306 1102 2365 1154; baseline 0.002 -14"><span class='ocrx_word' id='word_1_401' title='bbox 1306 1102 1371 1140; x_wconf 90' lang='lat' dir='ltr'>An</span> <span class='ocrx_word' id='word_1_402' title='bbox 1394 1104 1433 1140; x_wconf 87' lang='lat'>&amp;</span> <span class='ocrx_word' id='word_1_403' title='bbox 1453 1104 1491 1140; x_wconf 91' lang='lat' dir='ltr'>hi</span> <span class='ocrx_word' id='word_1_404' title='bbox 1512 1104 1652 1141; x_wconf 78' lang='lat' dir='ltr'>Poetae</span> <span class='ocrx_word' id='word_1_405' title='bbox 1673 1102 1847 1140; x_wconf 86' lang='lat' dir='ltr'>scuticam</span> <span class='ocrx_word' id='word_1_406' title='bbox 1871 1102 2088 1141; x_wconf 87' lang='lat' dir='ltr'>merentur?</span> <span class='ocrx_word' id='word_1_407' title='bbox 2124 1103 2274 1154; x_wconf 87' lang='lat' dir='ltr'>vapulet</span> <span class='ocrx_word' id='word_1_408' title='bbox 2295 1105 2365 1142; x_wconf 59' lang='lat' dir='ltr'>eri-</span> 
     </span>
     <span class='ocr_line' id='line_1_61' title="bbox 1307 1153 2356 1204; baseline 0.001 -13"><span class='ocrx_word' id='word_1_409' title='bbox 1307 1165 1358 1203; x_wconf 89' lang='lat' dir='ltr'>go</span> <span class='ocrx_word' id='word_1_410' title='bbox 1379 1155 1417 1192; x_wconf 88' lang='lat' dir='ltr'>in</span> <span class='ocrx_word' id='word_1_411' title='bbox 1438 1154 1562 1202; x_wconf 89' lang='lat' dir='ltr'>primis</span> <span class='ocrx_word' id='word_1_412' title='bbox 1582 1153 1725 1191; x_wconf 87' lang='lat' dir='ltr'>divinus</span> <span class='ocrx_word' id='word_1_413' title='bbox 1746 1155 1858 1192; x_wconf 85' lang='lat' dir='ltr'>Maro</span> <span class='ocrx_word' id='word_1_414' title='bbox 1873 1183 1884 1200; x_wconf 91' lang='lat'>‚</span> <span class='ocrx_word' id='word_1_415' title='bbox 1911 1155 2186 1204; x_wconf 82' lang='lat' dir='ltr'>qui-contemta</span> <span class='ocrx_word' id='word_1_416' title='bbox 2208 1155 2356 1204; x_wconf 91' lang='lat' dir='ltr'>Sopho-</span> 
     </span>
     <span class='ocr_line' id='line_1_62' title="bbox 1308 1203 2358 1250; baseline 0 -8"><span class='ocrx_word' id='word_1_417' title='bbox 1308 1216 1389 1242; x_wconf 89' lang='lat' dir='ltr'>rum</span> <span class='ocrx_word' id='word_1_418' title='bbox 1424 1205 1572 1243; x_wconf 84' lang='lat' dir='ltr'>censura</span> <span class='ocrx_word' id='word_1_419' title='bbox 1596 1233 1615 1250; x_wconf 48' lang='lat'>‚‚</span> <span class='ocrx_word' id='word_1_420' title='bbox 1645 1203 1745 1243; x_wconf 84' lang='lat' dir='ltr'>ausus</span> <span class='ocrx_word' id='word_1_421' title='bbox 1776 1204 1825 1243; x_wconf 89' lang='lat' dir='ltr'>est</span> <span class='ocrx_word' id='word_1_422' title='bbox 1855 1205 2007 1243; x_wconf 87' lang='lat' dir='ltr'>scribere</span> <span class='ocrx_word' id='word_1_423' title='bbox 2036 1205 2095 1243; x_wconf 90' lang='lat' dir='ltr'>lib.</span> <span class='ocrx_word' id='word_1_424' title='bbox 2118 1217 2171 1243; x_wconf 79' lang='lat' dir='ltr'>xx.</span> <span class='ocrx_word' id='word_1_425' title='bbox 2193 1204 2358 1244; x_wconf 68' lang='lat' dir='ltr'>Aene&#39;i&#39;d,</span> 
     </span>
     <span class='ocr_line' id='line_1_63' title="bbox 1309 1267 1391 1302; baseline 0 -9"><span class='ocrx_word' id='word_1_426' title='bbox 1309 1267 1328 1293; x_wconf 88' lang='lat'><em>2</em></span> <span class='ocrx_word' id='word_1_427' title='bbox 1359 1268 1391 1302; x_wconf 80' lang='lat'>4.</span> 
     </span>
     <span class='ocr_line' id='line_1_64' title="bbox 1333 1268 2267 1357; baseline 0.001 -14"><span class='ocrx_word' id='word_1_428' title='bbox 1333 1268 1518 1343; x_wconf 74' lang='lat' dir='ltr'>4Vidimus</span> <span class='ocrx_word' id='word_1_429' title='bbox 1540 1307 1684 1357; x_wconf 74' lang='lat' dir='ltr'>obscuris</span> <span class='ocrx_word' id='word_1_430' title='bbox 1700 1308 1856 1356; x_wconf 81' lang='lat' dir='ltr'>primam</span> <span class='ocrx_word' id='word_1_431' title='bbox 1870 1306 1938 1357; x_wconf 74' lang='lat' dir='ltr'>sab</span> <span class='ocrx_word' id='word_1_432' title='bbox 1959 1306 2114 1344; x_wconf 78' lang='lat' dir='ltr'>vallibus</span> <span class='ocrx_word' id='word_1_433' title='bbox 2135 1306 2267 1345; x_wconf 86' lang='lat' dir='ltr'>urbem.</span> 
     </span>
     <span class='ocr_line' id='line_1_65' title="bbox 1309 1356 2357 1408; baseline 0.004 -15"><span class='ocrx_word' id='word_1_434' title='bbox 1309 1356 1444 1394; x_wconf 85' lang='lat' dir='ltr'>Fatuus</span> <span class='ocrx_word' id='word_1_435' title='bbox 1476 1366 1574 1395; x_wconf 87' lang='lat' dir='ltr'>certe</span> <span class='ocrx_word' id='word_1_436' title='bbox 1605 1357 1759 1395; x_wconf 85' lang='lat' dir='ltr'>Gorallo</span> <span class='ocrx_word' id='word_1_437' title='bbox 1791 1357 1899 1396; x_wconf 86' lang='lat' dir='ltr'>debet</span> <span class='ocrx_word' id='word_1_438' title='bbox 1930 1358 2103 1407; x_wconf 87' lang='lat' dir='ltr'>Virgilius</span> <span class='ocrx_word' id='word_1_439' title='bbox 2124 1357 2263 1403; x_wconf 85' lang='lat' dir='ltr'>videri,</span> <span class='ocrx_word' id='word_1_440' title='bbox 2292 1359 2357 1408; x_wconf 83' lang='lat' dir='ltr'>qui</span> 
     </span>
     <span class='ocr_line' id='line_1_66' title="bbox 1309 1407 2365 1458; baseline 0.002 -13"><span class='ocrx_word' id='word_1_441' title='bbox 1309 1407 1506 1453; x_wconf 86' lang='lat' dir='ltr'>homines,</span> <span class='ocrx_word' id='word_1_442' title='bbox 1529 1408 1591 1446; x_wconf 89' lang='lat' dir='ltr'>sub</span> <span class='ocrx_word' id='word_1_443' title='bbox 1614 1408 1770 1446; x_wconf 90' lang='lat' dir='ltr'>obscuris</span> <span class='ocrx_word' id='word_1_444' title='bbox 1790 1409 1940 1447; x_wconf 83' lang='lat' dir='ltr'>vallibus</span> <span class='ocrx_word' id='word_1_445' title='bbox 1962 1407 2098 1458; x_wconf 83' lang='lat' dir='ltr'>positos</span> <span class='ocrx_word' id='word_1_446' title='bbox 2112 1437 2122 1453; x_wconf 89' lang='lat'>,</span> <span class='ocrx_word' id='word_1_447' title='bbox 2149 1408 2290 1446; x_wconf 89' lang='lat' dir='ltr'>inducit</span> <span class='ocrx_word' id='word_1_448' title='bbox 2301 1410 2365 1447; x_wconf 54' lang='lat' dir='ltr'>in«</span> 
     </span>
     <span class='ocr_line' id='line_1_67' title="bbox 1309 1458 2361 1509; baseline 0 -13"><span class='ocrx_word' id='word_1_449' title='bbox 1309 1458 1356 1496; x_wconf 90' lang='lat' dir='ltr'>de</span> <span class='ocrx_word' id='word_1_450' title='bbox 1378 1459 1507 1497; x_wconf 87' lang='lat' dir='ltr'>urbem</span> <span class='ocrx_word' id='word_1_451' title='bbox 1531 1460 1641 1497; x_wconf 81' lang='lat' dir='ltr'>altam</span> <span class='ocrx_word' id='word_1_452' title='bbox 1652 1459 1819 1497; x_wconf 88' lang='lat' dir='ltr'>videntes</span> <span class='ocrx_word' id='word_1_453' title='bbox 1833 1488 1843 1504; x_wconf 92' lang='lat'>‚</span> <span class='ocrx_word' id='word_1_454' title='bbox 1856 1471 1968 1509; x_wconf 82' lang='lat' dir='ltr'>quam</span> <span class='ocrx_word' id='word_1_455' title='bbox 1983 1459 2071 1505; x_wconf 89' lang='lat' dir='ltr'>‚nifi</span> <span class='ocrx_word' id='word_1_456' title='bbox 2084 1459 2245 1508; x_wconf 83' lang='lat' dir='ltr'>Lynceis</span> <span class='ocrx_word' id='word_1_457' title='bbox 2267 1471 2361 1497; x_wconf 91' lang='lat' dir='ltr'>ocu-</span> 
     </span>
     <span class='ocr_line' id='line_1_68' title="bbox 1308 1509 2368 1560; baseline 0 -13"><span class='ocrx_word' id='word_1_458' title='bbox 1308 1509 1349 1547; x_wconf 86' lang='lat' dir='ltr'>lis</span> <span class='ocrx_word' id='word_1_459' title='bbox 1364 1538 1373 1554; x_wconf 92' lang='lat'>,</span> <span class='ocrx_word' id='word_1_460' title='bbox 1402 1511 1586 1548; x_wconf 86' lang='lat' dir='ltr'>&amp;terram</span> <span class='ocrx_word' id='word_1_461' title='bbox 1607 1510 1687 1560; x_wconf 86' lang='lat' dir='ltr'>ipfis</span> <span class='ocrx_word' id='word_1_462' title='bbox 1708 1510 1968 1560; x_wconf 82' lang='lat' dir='ltr'>superpositam</span> <span class='ocrx_word' id='word_1_463' title='bbox 1990 1510 2261 1559; x_wconf 85' lang='lat' dir='ltr'>penetrantibus</span> <span class='ocrx_word' id='word_1_464' title='bbox 2275 1538 2286 1554; x_wconf 89' lang='lat'>,</span> <span class='ocrx_word' id='word_1_465' title='bbox 2308 1509 2368 1547; x_wconf 50' lang='lat' dir='ltr'>as*</span> 
     </span>
     <span class='ocr_line' id='line_1_69' title="bbox 1311 1559 2363 1610; baseline 0.002 -13"><span class='ocrx_word' id='word_1_466' title='bbox 1311 1561 1431 1609; x_wconf 89' lang='lat' dir='ltr'>picere</span> <span class='ocrx_word' id='word_1_467' title='bbox 1472 1573 1550 1599; x_wconf 88' lang='lat' dir='ltr'>non</span> <span class='ocrx_word' id='word_1_468' title='bbox 1592 1569 1804 1610; x_wconf 90' lang='lat' dir='ltr'>potuerunt.</span> <span class='ocrx_word' id='word_1_469' title='bbox 1858 1561 1999 1598; x_wconf 86' lang='lat' dir='ltr'>Levior</span> <span class='ocrx_word' id='word_1_470' title='bbox 2046 1559 2229 1597; x_wconf 87' lang='lat' dir='ltr'>videbitur</span> <span class='ocrx_word' id='word_1_471' title='bbox 2263 1559 2363 1609; x_wconf 80' lang='lat' dir='ltr'>apud</span> 
     </span>
     <span class='ocr_line' id='line_1_70' title="bbox 1310 1610 2363 1660; baseline 0 -12"><span class='ocrx_word' id='word_1_472' title='bbox 1310 1612 1560 1660; x_wconf 66' lang='lat' dir='ltr'>gravissimum</span> <span class='ocrx_word' id='word_1_473' title='bbox 1582 1613 1781 1650; x_wconf 88' lang='lat' dir='ltr'>Poetarum</span> <span class='ocrx_word' id='word_1_474' title='bbox 1803 1610 2060 1649; x_wconf 62' lang='lat' dir='ltr'>insefflitorem</span> <span class='ocrx_word' id='word_1_475' title='bbox 2084 1610 2276 1648; x_wconf 84' lang='lat' dir='ltr'>Claudiani</span> <span class='ocrx_word' id='word_1_476' title='bbox 2295 1621 2363 1655; x_wconf 74' lang='lat' dir='ltr'>au-¹</span> 
     </span>
     <span class='ocr_line' id='line_1_71' title="bbox 1315 1661 2144 1711; baseline -0.002 -11"><span class='ocrx_word' id='word_1_477' title='bbox 1315 1661 1459 1700; x_wconf 54' lang='lat' dir='ltr'>§toritas</span> <span class='ocrx_word' id='word_1_478' title='bbox 1471 1678 1482 1706; x_wconf 77' lang='lat'><em>3</em></span> <span class='ocrx_word' id='word_1_479' title='bbox 1510 1664 1569 1700; x_wconf 89' lang='lat' dir='ltr'>ille</span> <span class='ocrx_word' id='word_1_480' title='bbox 1591 1671 1719 1700; x_wconf 86' lang='lat' dir='ltr'>tamen</span> <span class='ocrx_word' id='word_1_481' title='bbox 1742 1663 1864 1711; x_wconf 88' lang='lat' dir='ltr'>Epigr.</span> <span class='ocrx_word' id='word_1_482' title='bbox 1887 1673 2002 1699; x_wconf 79' lang='lat' dir='ltr'>xxxii.</span> <span class='ocrx_word' id='word_1_483' title='bbox 2033 1661 2144 1699; x_wconf 88' lang='lat' dir='ltr'>dixit:</span> 
     </span>
    </p>

    <p class='ocr_par' dir='ltr' id='par_1_16' title="bbox 1368 1711 2348 1763">
     <span class='ocr_line' id='line_1_72' title="bbox 1368 1711 2348 1763; baseline -0.002 -13"><span class='ocrx_word' id='word_1_484' title='bbox 1368 1720 1430 1750; x_wconf 77' lang='lat' dir='ltr'>Seu</span> <span class='ocrx_word' id='word_1_485' title='bbox 1451 1724 1483 1750; x_wconf 82' lang='lat' dir='ltr'>te</span> <span class='ocrx_word' id='word_1_486' title='bbox 1505 1714 1756 1763; x_wconf 41' lang='lat' dir='ltr'>Cappadocum*</span> <span class='ocrx_word' id='word_1_487' title='bbox 1762 1713 1876 1762; x_wconf 84' lang='lat' dir='ltr'>gelida</span> <span class='ocrx_word' id='word_1_488' title='bbox 1890 1712 1958 1762; x_wconf 86' lang='lat' dir='ltr'>sub</span> <span class='ocrx_word' id='word_1_489' title='bbox 1979 1711 2074 1749; x_wconf 79' lang='lat' dir='ltr'>valle</span> <span class='ocrx_word' id='word_1_490' title='bbox 2096 1722 2290 1749; x_wconf 85' lang='lat' dir='ltr'>natantem</span> <span class='ocrx_word' id='word_1_491' title='bbox 2344 1729 2348 1733; x_wconf 82' lang='lat'><strong>·</strong></span> 
     </span>
    </p>

    <p class='ocr_par' dir='ltr' id='par_1_17' title="bbox 1311 1764 2388 2409">
     <span class='ocr_line' id='line_1_73' title="bbox 1368 1764 1798 1813; baseline 0 -13"><span class='ocrx_word' id='word_1_492' title='bbox 1368 1769 1527 1813; x_wconf 80' lang='lat' dir='ltr'>Argaeae</span> <span class='ocrx_word' id='word_1_493' title='bbox 1549 1764 1665 1801; x_wconf 81' lang='lat' dir='ltr'>lavere</span> <span class='ocrx_word' id='word_1_494' title='bbox 1688 1764 1798 1801; x_wconf 79' lang='lat' dir='ltr'>nives.</span> 
     </span>
     <span class='ocr_line' id='line_1_74' title="bbox 1314 1812 2382 1865; baseline -0.002 -13"><span class='ocrx_word' id='word_1_495' title='bbox 1314 1815 1414 1853; x_wconf 88' lang='lat' dir='ltr'>Vide</span> <span class='ocrx_word' id='word_1_496' title='bbox 1428 1843 1437 1859; x_wconf 95' lang='lat'>‚</span> <span class='ocrx_word' id='word_1_497' title='bbox 1450 1815 1585 1865; x_wconf 85' lang='lat' dir='ltr'>quaeso</span> <span class='ocrx_word' id='word_1_498' title='bbox 1599 1844 1609 1859; x_wconf 92' lang='lat'>‚</span> <span class='ocrx_word' id='word_1_499' title='bbox 1637 1815 1807 1852; x_wconf 84' lang='lat' dir='ltr'>hodierni</span> <span class='ocrx_word' id='word_1_500' title='bbox 1819 1814 1927 1852; x_wconf 85' lang='lat' dir='ltr'>seculi</span> <span class='ocrx_word' id='word_1_501' title='bbox 1940 1813 2174 1857; x_wconf 85' lang='lat' dir='ltr'>miraculum,</span> <span class='ocrx_word' id='word_1_502' title='bbox 2188 1812 2340 1851; x_wconf 86' lang='lat' dir='ltr'>Goralle</span> <span class='ocrx_word' id='word_1_503' title='bbox 2351 1817 2382 1860; x_wconf 67' lang='lat'>3.</span> 
     </span>
     <span class='ocr_line' id='line_1_75' title="bbox 1313 1864 2383 1916; baseline -0.005 -13"><span class='ocrx_word' id='word_1_504' title='bbox 1313 1874 1495 1916; x_wconf 83' lang='lat' dir='ltr'>quautum</span> <span class='ocrx_word' id='word_1_505' title='bbox 1516 1865 1646 1903; x_wconf 85' lang='lat' dir='ltr'>laboris</span> <span class='ocrx_word' id='word_1_506' title='bbox 1677 1874 1739 1902; x_wconf 90' lang='lat' dir='ltr'>tua</span> <span class='ocrx_word' id='word_1_507' title='bbox 1772 1865 1957 1911; x_wconf 67' lang='grc' dir='ltr'>ὀῲιμκθεῑκ</span> <span class='ocrx_word' id='word_1_508' title='bbox 1987 1864 2092 1902; x_wconf 82' lang='lat' dir='ltr'>nobis</span> <span class='ocrx_word' id='word_1_509' title='bbox 2124 1864 2340 1913; x_wconf 88' lang='lat' dir='ltr'>imposuerit</span> <span class='ocrx_word' id='word_1_510' title='bbox 2351 1891 2383 1909; x_wconf 71' lang='grc'>,,,</span> 
     </span>
     <span class='ocr_line' id='line_1_76' title="bbox 1311 1916 2380 1966; baseline -0.003 -12"><span class='ocrx_word' id='word_1_511' title='bbox 1311 1917 1376 1966; x_wconf 87' lang='lat' dir='ltr'>qui</span> <span class='ocrx_word' id='word_1_512' title='bbox 1406 1925 1442 1954; x_wconf 86' lang='lat' dir='ltr'>te</span> <span class='ocrx_word' id='word_1_513' title='bbox 1473 1925 1618 1954; x_wconf 88' lang='lat' dir='ltr'>tantum</span> <span class='ocrx_word' id='word_1_514' title='bbox 1650 1916 1948 1954; x_wconf 87' lang='lat' dir='ltr'>Grammaticum</span> <span class='ocrx_word' id='word_1_515' title='bbox 1975 1944 1986 1960; x_wconf 85' lang='lat'>‚</span> <span class='ocrx_word' id='word_1_516' title='bbox 2010 1923 2155 1952; x_wconf 87' lang='lat' dir='ltr'>tantum</span> <span class='ocrx_word' id='word_1_517' title='bbox 2185 1917 2380 1960; x_wconf 75' lang='lat' dir='ltr'>Poetam„.</span> 
     </span>
     <span class='ocr_line' id='line_1_77' title="bbox 1313 1965 2365 2014; baseline -0.002 -9"><span class='ocrx_word' id='word_1_518' title='bbox 1313 1969 1352 2005; x_wconf 68' lang='grc' dir='ltr'>δε</span> <span class='ocrx_word' id='word_1_519' title='bbox 1375 1966 1400 2004; x_wconf 89' lang='lat' dir='ltr'>fi</span> <span class='ocrx_word' id='word_1_520' title='bbox 1424 1968 1475 2005; x_wconf 87' lang='lat' dir='ltr'>vis</span> <span class='ocrx_word' id='word_1_521' title='bbox 1490 1996 1501 2012; x_wconf 94' lang='lat'><strong>,</strong></span> <span class='ocrx_word' id='word_1_522' title='bbox 1540 1968 1667 2005; x_wconf 85' lang='lat' dir='ltr'>omnia</span> <span class='ocrx_word' id='word_1_523' title='bbox 1683 1997 1692 2012; x_wconf 94' lang='lat'>,</span> <span class='ocrx_word' id='word_1_524' title='bbox 1730 1967 1866 2004; x_wconf 90' lang='lat' dir='ltr'>docere</span> <span class='ocrx_word' id='word_1_525' title='bbox 1889 1978 2022 2014; x_wconf 84' lang='lat' dir='ltr'>cogar,</span> <span class='ocrx_word' id='word_1_526' title='bbox 2071 1977 2166 2014; x_wconf 86' lang='lat' dir='ltr'>quae</span> <span class='ocrx_word' id='word_1_527' title='bbox 2199 1965 2365 2003; x_wconf 83' lang='lat' dir='ltr'>Tirones</span> 
     </span>
     <span class='ocr_line' id='line_1_78' title="bbox 1314 2015 2364 2067; baseline -0.003 -11"><span class='ocrx_word' id='word_1_528' title='bbox 1314 2030 1447 2056; x_wconf 87' lang='lat' dir='ltr'>omnes</span> <span class='ocrx_word' id='word_1_529' title='bbox 1457 2018 1544 2056; x_wconf 89' lang='lat' dir='ltr'>scire</span> <span class='ocrx_word' id='word_1_530' title='bbox 1557 2025 1754 2067; x_wconf 86' lang='lat' dir='ltr'>oporteret.</span> <span class='ocrx_word' id='word_1_531' title='bbox 1768 2017 1877 2054; x_wconf 81' lang='lat' dir='ltr'>discas</span> <span class='ocrx_word' id='word_1_532' title='bbox 1890 2016 2055 2066; x_wconf 61' lang='lat' dir='ltr'>ergosub</span> <span class='ocrx_word' id='word_1_533' title='bbox 2067 2017 2250 2054; x_wconf 87' lang='lat' dir='ltr'>veteribus</span> <span class='ocrx_word' id='word_1_534' title='bbox 2261 2015 2364 2054; x_wconf 89' lang='lat' dir='ltr'>idem</span> 
     </span>
     <span class='ocr_line' id='line_1_79' title="bbox 1311 2065 2365 2118; baseline -0.002 -12"><span class='ocrx_word' id='word_1_535' title='bbox 1311 2069 1415 2117; x_wconf 88' lang='lat' dir='ltr'>saepe</span> <span class='ocrx_word' id='word_1_536' title='bbox 1442 2068 1642 2117; x_wconf 76' lang='lat' dir='ltr'>fignificare</span> <span class='ocrx_word' id='word_1_537' title='bbox 1666 2098 1676 2113; x_wconf 95' lang='lat'>,</span> <span class='ocrx_word' id='word_1_538' title='bbox 1704 2068 1831 2118; x_wconf 87' lang='lat' dir='ltr'>quod,</span> <span class='ocrx_word' id='word_1_539' title='bbox 1869 2069 1930 2112; x_wconf 85' lang='lat' dir='ltr'>in,</span> <span class='ocrx_word' id='word_1_540' title='bbox 1968 2067 2061 2116; x_wconf 78' lang='lat' dir='ltr'>apud</span> <span class='ocrx_word' id='word_1_541' title='bbox 2082 2095 2093 2110; x_wconf 87' lang='lat'>‚</span> <span class='ocrx_word' id='word_1_542' title='bbox 2132 2067 2222 2104; x_wconf 83' lang='lat' dir='ltr'>circa</span> <span class='ocrx_word' id='word_1_543' title='bbox 2255 2068 2295 2104; x_wconf 69' lang='grc' dir='ltr'>ὃ(</span> <span class='ocrx_word' id='word_1_544' title='bbox 2320 2065 2365 2103; x_wconf 87' lang='lat' dir='ltr'>fi-</span> 
     </span>
     <span class='ocr_line' id='line_1_80' title="bbox 1313 2116 2364 2169; baseline -0.003 -13"><span class='ocrx_word' id='word_1_545' title='bbox 1313 2120 1423 2157; x_wconf 81' lang='lat' dir='ltr'>milia.</span> <span class='ocrx_word' id='word_1_546' title='bbox 1453 2120 1498 2157; x_wconf 92' lang='lat' dir='ltr'>de</span> <span class='ocrx_word' id='word_1_547' title='bbox 1511 2131 1587 2169; x_wconf 89' lang='lat' dir='ltr'>quo</span> <span class='ocrx_word' id='word_1_548' title='bbox 1598 2120 1717 2158; x_wconf 84' lang='lat' dir='ltr'>nullus</span> <span class='ocrx_word' id='word_1_549' title='bbox 1736 2118 1916 2156; x_wconf 74' lang='lat' dir='ltr'>dubitares</span> <span class='ocrx_word' id='word_1_550' title='bbox 1931 2147 1940 2162; x_wconf 91' lang='lat'><strong>‚</strong></span> <span class='ocrx_word' id='word_1_551' title='bbox 1953 2117 1978 2154; x_wconf 89' lang='lat' dir='ltr'><strong>fi</strong></span> <span class='ocrx_word' id='word_1_552' title='bbox 2003 2116 2047 2154; x_wconf 89' lang='lat' dir='ltr'>de</span> <span class='ocrx_word' id='word_1_553' title='bbox 2061 2116 2124 2153; x_wconf 91' lang='lat' dir='ltr'>usu</span> <span class='ocrx_word' id='word_1_554' title='bbox 2135 2118 2244 2166; x_wconf 87' lang='lat' dir='ltr'>hujus</span> <span class='ocrx_word' id='word_1_555' title='bbox 2257 2128 2364 2164; x_wconf 86' lang='lat' dir='ltr'>prae-</span> 
     </span>
     <span class='ocr_line' id='line_1_81' title="bbox 1313 2167 2369 2219; baseline -0.003 -13"><span class='ocrx_word' id='word_1_556' title='bbox 1313 2169 1502 2219; x_wconf 83' lang='lat' dir='ltr'>positionis</span> <span class='ocrx_word' id='word_1_557' title='bbox 1521 2170 1659 2219; x_wconf 80' lang='lat' dir='ltr'>legisses</span> <span class='ocrx_word' id='word_1_558' title='bbox 1674 2200 1683 2214; x_wconf 95' lang='lat'>,</span> <span class='ocrx_word' id='word_1_559' title='bbox 1711 2181 1805 2218; x_wconf 84' lang='lat' dir='ltr'>quae</span> <span class='ocrx_word' id='word_1_560' title='bbox 1828 2182 1907 2207; x_wconf 90' lang='lat' dir='ltr'>non</span> <span class='ocrx_word' id='word_1_561' title='bbox 1930 2167 2128 2205; x_wconf 82' lang='lat' dir='ltr'>deteriores</span> <span class='ocrx_word' id='word_1_562' title='bbox 2159 2176 2196 2205; x_wconf 92' lang='lat' dir='ltr'>te</span> <span class='ocrx_word' id='word_1_563' title='bbox 2229 2167 2369 2204; x_wconf 54' lang='lat' dir='ltr'>Graiu-2</span> 
     </span>
     <span class='ocr_line' id='line_1_82' title="bbox 1315 2217 2385 2270; baseline -0.004 -13"><span class='ocrx_word' id='word_1_564' title='bbox 1315 2221 1441 2258; x_wconf 86' lang='lat' dir='ltr'>matici</span> <span class='ocrx_word' id='word_1_565' title='bbox 1464 2221 1606 2259; x_wconf 87' lang='lat' dir='ltr'>Servius</span> <span class='ocrx_word' id='word_1_566' title='bbox 1628 2221 1673 2262; x_wconf 77' lang='lat' dir='ltr'>ad</span> <span class='ocrx_word' id='word_1_567' title='bbox 1696 2220 1824 2270; x_wconf 85' lang='lat' dir='ltr'>Virgil.</span> <span class='ocrx_word' id='word_1_568' title='bbox 1852 2233 1880 2257; x_wconf 91' lang='lat'>1.</span> <span class='ocrx_word' id='word_1_569' title='bbox 1904 2217 2064 2256; x_wconf 80' lang='lat' dir='ltr'>Aeneid.</span> <span class='ocrx_word' id='word_1_570' title='bbox 2087 2229 2169 2265; x_wconf 80' lang='lat'>452.</span> <span class='ocrx_word' id='word_1_571' title='bbox 2204 2219 2242 2255; x_wconf 60' lang='grc' dir='ltr'>ὃς</span> <span class='ocrx_word' id='word_1_572' title='bbox 2266 2218 2385 2254; x_wconf 55' lang='grc' dir='ltr'>δῖον</span> 
     </span>
     <span class='ocr_line' id='line_1_83' title="bbox 1315 2270 2366 2319; baseline -0.004 -11"><span class='ocrx_word' id='word_1_573' title='bbox 1315 2283 1405 2308; x_wconf 90' lang='lat' dir='ltr'>nov.</span> <span class='ocrx_word' id='word_1_574' title='bbox 1438 2272 1496 2308; x_wconf 87' lang='lat' dir='ltr'>lib.</span> <span class='ocrx_word' id='word_1_575' title='bbox 1531 2285 1576 2308; x_wconf 88' lang='lat'>11.</span> <span class='ocrx_word' id='word_1_576' title='bbox 1611 2271 1764 2310; x_wconf 87' lang='lat' dir='ltr'>Observ.</span> <span class='ocrx_word' id='word_1_577' title='bbox 1794 2270 2180 2319; x_wconf 77' lang='lat' dir='ltr'>15.ad1iotave1·unt‚.</span> <span class='ocrx_word' id='word_1_578' title='bbox 2202 2278 2366 2317; x_wconf 86' lang='lat' dir='ltr'>quorum</span> 
     </span>
     <span class='ocr_line' id='line_1_84' title="bbox 1317 2318 2388 2371; baseline -0.001 -13"><span class='ocrx_word' id='word_1_579' title='bbox 1317 2321 1627 2360; x_wconf 86' lang='lat' dir='ltr'>observationibus</span> <span class='ocrx_word' id='word_1_580' title='bbox 1657 2322 1749 2359; x_wconf 87' lang='lat' dir='ltr'>haec</span> <span class='ocrx_word' id='word_1_581' title='bbox 1779 2328 1884 2371; x_wconf 88' lang='lat' dir='ltr'>potes</span> <span class='ocrx_word' id='word_1_582' title='bbox 1928 2319 2061 2357; x_wconf 83' lang='lat' dir='ltr'>addere</span> <span class='ocrx_word' id='word_1_583' title='bbox 2099 2330 2145 2356; x_wconf 86' lang='lat' dir='ltr'>ex</span> <span class='ocrx_word' id='word_1_584' title='bbox 2184 2318 2300 2357; x_wconf 87' lang='lat' dir='ltr'>Ovid.</span> <span class='ocrx_word' id='word_1_585' title='bbox 2335 2323 2388 2364; x_wconf 59' lang='lat'>14--</span> 
     </span>
     <span class='ocr_line' id='line_1_85' title="bbox 1321 2372 1521 2409; baseline -0.005 0"><span class='ocrx_word' id='word_1_586' title='bbox 1321 2372 1430 2409; x_wconf 75' lang='lat' dir='ltr'>Trist.</span> <span class='ocrx_word' id='word_1_587' title='bbox 1455 2385 1521 2409; x_wconf 79' lang='lat'>111.</span> 
     </span>
    </p>

    <p class='ocr_par' dir='ltr' id='par_1_18' title="bbox 1320 2419 2257 2526">
     <span class='ocr_line' id='line_1_86' title="bbox 1374 2419 2257 2473; baseline -0.002 -14"><span class='ocrx_word' id='word_1_588' title='bbox 1374 2429 1473 2459; x_wconf 85' lang='lat' dir='ltr'>Nata</span> <span class='ocrx_word' id='word_1_589' title='bbox 1489 2423 1608 2473; x_wconf 79' lang='lat' dir='ltr'>procul</span> <span class='ocrx_word' id='word_1_590' title='bbox 1630 2423 1762 2472; x_wconf 76' lang='lat' dir='ltr'>Libycis</span> <span class='ocrx_word' id='word_1_591' title='bbox 1783 2422 1904 2459; x_wconf 81' lang='lat' dir='ltr'>aberat</span> <span class='ocrx_word' id='word_1_592' title='bbox 1938 2421 2077 2471; x_wconf 74' lang='lat' dir='ltr'>diverfiz</span> <span class='ocrx_word' id='word_1_593' title='bbox 2089 2419 2157 2470; x_wconf 88' lang='lat' dir='ltr'>sub</span> <span class='ocrx_word' id='word_1_594' title='bbox 2180 2421 2257 2458; x_wconf 62' lang='lat' dir='ltr'>oris,</span> 
     </span>
     <span class='ocr_line' id='line_1_87' title="bbox 1320 2474 2226 2526; baseline -0.001 -16"><span class='ocrx_word' id='word_1_595' title='bbox 1320 2474 1483 2522; x_wconf 81' lang='lat' dir='ltr'>Propert.</span> <span class='ocrx_word' id='word_1_596' title='bbox 1506 2487 1570 2510; x_wconf 80' lang='lat'>111.</span> <span class='ocrx_word' id='word_1_597' title='bbox 1594 2474 1694 2522; x_wconf 83' lang='lat' dir='ltr'>Eleg.</span> <span class='ocrx_word' id='word_1_598' title='bbox 1716 2485 1788 2510; x_wconf 81' lang='lat' dir='ltr'>vn.</span> <span class='ocrx_word' id='word_1_599' title='bbox 1814 2485 1872 2522; x_wconf 83' lang='lat'>35.</span> <span class='ocrx_word' id='word_1_600' title='bbox 2219 2519 2226 2526; x_wconf 32' lang='lat'>⁸</span> 
     </span>
    </p>

    <p class='ocr_par' dir='ltr' id='par_1_19' title="bbox 1374 2521 2301 2573">
     <span class='ocr_line' id='line_1_88' title="bbox 1374 2521 2301 2573; baseline -0.004 -12"><span class='ocrx_word' id='word_1_601' title='bbox 1374 2530 1455 2561; x_wconf 83' lang='lat' dir='ltr'>Non</span> <span class='ocrx_word' id='word_1_602' title='bbox 1475 2538 1529 2573; x_wconf 83' lang='lat' dir='ltr'>ego</span> <span class='ocrx_word' id='word_1_603' title='bbox 1551 2524 1695 2571; x_wconf 83' lang='lat' dir='ltr'>velifera</span> <span class='ocrx_word' id='word_1_604' title='bbox 1718 2523 1896 2561; x_wconf 79' lang='lat' dir='ltr'>tumidum</span> <span class='ocrx_word' id='word_1_605' title='bbox 1919 2536 2015 2559; x_wconf 82' lang='lat' dir='ltr'>mare</span> <span class='ocrx_word' id='word_1_606' title='bbox 2030 2521 2129 2569; x_wconf 83' lang='lat' dir='ltr'>findo</span> <span class='ocrx_word' id='word_1_607' title='bbox 2153 2533 2301 2557; x_wconf 72' lang='lat' dir='ltr'>camna:</span> 
     </span>
    </p>

    <p class='ocr_par' dir='ltr' id='par_1_20' title="bbox 1426 2570 2233 2624">
     <span class='ocr_line' id='line_1_89' title="bbox 1426 2570 2233 2624; baseline -0.005 -14"><span class='ocrx_word' id='word_1_608' title='bbox 1426 2580 1517 2611; x_wconf 85' lang='lat' dir='ltr'>Tuta</span> <span class='ocrx_word' id='word_1_609' title='bbox 1531 2575 1599 2623; x_wconf 68' lang='lat' dir='ltr'>fich</span> <span class='ocrx_word' id='word_1_610' title='bbox 1619 2576 1737 2624; x_wconf 79' lang='lat' dir='ltr'>exig-ao</span> <span class='ocrx_word' id='word_1_611' title='bbox 1752 2573 1903 2624; x_wconf 78' lang='lat' dir='ltr'>flumine</span> <span class='ocrx_word' id='word_1_612' title='bbox 1928 2573 2039 2620; x_wconf 86' lang='lat' dir='ltr'>nostra</span> <span class='ocrx_word' id='word_1_613' title='bbox 2062 2585 2159 2607; x_wconf 84' lang='lat' dir='ltr'>mora</span> <span class='ocrx_word' id='word_1_614' title='bbox 2180 2570 2233 2618; x_wconf 82' lang='lat' dir='ltr'>est.</span> 
     </span>
    </p>

    <p class='ocr_par' dir='ltr' id='par_1_21' title="bbox 1324 2621 2385 2772">
     <span class='ocr_line' id='line_1_90' title="bbox 1324 2621 2373 2674; baseline -0.003 -13"><span class='ocrx_word' id='word_1_615' title='bbox 1324 2625 1401 2662; x_wconf 89' lang='lat' dir='ltr'>Ubi</span> <span class='ocrx_word' id='word_1_616' title='bbox 1413 2625 1480 2674; x_wconf 71' lang='lat' dir='ltr'>sab</span> <span class='ocrx_word' id='word_1_617' title='bbox 1502 2638 1569 2673; x_wconf 87' lang='lat' dir='ltr'>pro</span> <span class='ocrx_word' id='word_1_618' title='bbox 1602 2627 1639 2662; x_wconf 85' lang='lat' dir='ltr'>in</span> <span class='ocrx_word' id='word_1_619' title='bbox 1660 2625 1819 2673; x_wconf 83' lang='lat' dir='ltr'>positum</span> <span class='ocrx_word' id='word_1_620' title='bbox 1848 2623 1919 2660; x_wconf 81' lang='lat' dir='ltr'>effe</span> <span class='ocrx_word' id='word_1_621' title='bbox 1933 2651 1943 2667; x_wconf 92' lang='lat'>‚</span> <span class='ocrx_word' id='word_1_622' title='bbox 1981 2622 2129 2659; x_wconf 87' lang='lat' dir='ltr'>docebit</span> <span class='ocrx_word' id='word_1_623' title='bbox 2152 2621 2281 2659; x_wconf 84' lang='lat' dir='ltr'>Ovidii</span> <span class='ocrx_word' id='word_1_624' title='bbox 2301 2624 2373 2659; x_wconf 46' lang='lat' dir='ltr'>nod</span> 
     </span>
     <span class='ocr_line' id='line_1_91' title="bbox 1324 2671 2385 2723; baseline -0.001 -12"><span class='ocrx_word' id='word_1_625' title='bbox 1324 2676 1381 2711; x_wconf 83' lang='lat' dir='ltr'>stri</span> <span class='ocrx_word' id='word_1_626' title='bbox 1412 2676 1571 2711; x_wconf 84' lang='lat' dir='ltr'>imitatio</span> <span class='ocrx_word' id='word_1_627' title='bbox 1599 2687 1644 2710; x_wconf 89' lang='lat'>11.</span> <span class='ocrx_word' id='word_1_628' title='bbox 1679 2673 1787 2711; x_wconf 84' lang='lat' dir='ltr'>Trist.</span> <span class='ocrx_word' id='word_1_629' title='bbox 1834 2685 1916 2723; x_wconf 75' lang='lat'>329.</span> <span class='ocrx_word' id='word_1_630' title='bbox 1953 2673 2018 2723; x_wconf 86' lang='lat' dir='ltr'>qui</span> <span class='ocrx_word' id='word_1_631' title='bbox 2050 2671 2181 2710; x_wconf 89' lang='lat' dir='ltr'>eadem</span> <span class='ocrx_word' id='word_1_632' title='bbox 2214 2673 2291 2710; x_wconf 88' lang='lat' dir='ltr'>fere</span> <span class='ocrx_word' id='word_1_633' title='bbox 2322 2673 2385 2710; x_wconf 68' lang='lat' dir='ltr'>ita</span> 
     </span>
     <span class='ocr_line' id='line_1_92' title="bbox 1328 2725 1516 2772; baseline 0 -11"><span class='ocrx_word' id='word_1_634' title='bbox 1328 2725 1516 2772; x_wconf 78' lang='lat' dir='ltr'>expressit:</span> 
     </span>
    </p>

    <p class='ocr_par' dir='ltr' id='par_1_22' title="bbox 1380 2773 2173 2825">
     <span class='ocr_line' id='line_1_93' title="bbox 1380 2773 2173 2825; baseline 0 -14"><span class='ocrx_word' id='word_1_635' title='bbox 1380 2781 1462 2811; x_wconf 78' lang='lat' dir='ltr'><em>,Non</em></span> <span class='ocrx_word' id='word_1_636' title='bbox 1481 2775 1552 2811; x_wconf 84' lang='lat' dir='ltr'>ideo</span> <span class='ocrx_word' id='word_1_637' title='bbox 1575 2774 1670 2811; x_wconf 75' lang='lat' dir='ltr'>debet</span> <span class='ocrx_word' id='word_1_638' title='bbox 1687 2774 1801 2825; x_wconf 79' lang='lat' dir='ltr'>pelago</span> <span class='ocrx_word' id='word_1_639' title='bbox 1813 2776 1852 2824; x_wconf 88' lang='lat' dir='ltr'>se</span> <span class='ocrx_word' id='word_1_640' title='bbox 1875 2775 2029 2819; x_wconf 74' lang='lat' dir='ltr'>credere,</span> <span class='ocrx_word' id='word_1_641' title='bbox 2047 2773 2084 2822; x_wconf 81' lang='lat' dir='ltr'><em>fi</em></span> <span class='ocrx_word' id='word_1_642' title='bbox 2103 2788 2173 2825; x_wconf 76' lang='lat' dir='ltr'>qua</span> 
     </span>
    </p>

    <p class='ocr_par' dir='ltr' id='par_1_23' title="bbox 1436 2824 2154 2875">
     <span class='ocr_line' id='line_1_94' title="bbox 1436 2824 2154 2875; baseline 0 -14"><span class='ocrx_word' id='word_1_643' title='bbox 1436 2827 1557 2862; x_wconf 77' lang='lat' dir='ltr'>Audet</span> <span class='ocrx_word' id='word_1_644' title='bbox 1577 2828 1615 2862; x_wconf 79' lang='lat' dir='ltr'>ia</span> <span class='ocrx_word' id='word_1_645' title='bbox 1637 2828 1754 2874; x_wconf 67' lang='lat' dir='ltr'>exiguo</span> <span class='ocrx_word' id='word_1_646' title='bbox 1777 2826 1893 2863; x_wconf 69' lang='lat' dir='ltr'>ludere</span> <span class='ocrx_word' id='word_1_647' title='bbox 1915 2826 2036 2875; x_wconf 69' lang='lat' dir='ltr'>cymba</span> <span class='ocrx_word' id='word_1_648' title='bbox 2065 2824 2154 2862; x_wconf 72' lang='lat' dir='ltr'>lacu.</span> 
     </span>
    </p>

    <p class='ocr_par' dir='ltr' id='par_1_24' title="bbox 1330 2874 2390 3279">
     <span class='ocr_line' id='line_1_95' title="bbox 1334 2874 2389 2925; baseline -0.001 -12"><span class='ocrx_word' id='word_1_649' title='bbox 1334 2875 1405 2913; x_wconf 83' lang='lat' dir='ltr'>Sed</span> <span class='ocrx_word' id='word_1_650' title='bbox 1436 2876 1524 2925; x_wconf 89' lang='lat' dir='ltr'>quid</span> <span class='ocrx_word' id='word_1_651' title='bbox 1557 2877 1668 2913; x_wconf 74' lang='lat' dir='ltr'>Floro</span> <span class='ocrx_word' id='word_1_652' title='bbox 1700 2876 1825 2922; x_wconf 86' lang='lat' dir='ltr'>fieret,</span> <span class='ocrx_word' id='word_1_653' title='bbox 1864 2876 1888 2914; x_wconf 87' lang='lat' dir='ltr'><strong>fi</strong></span> <span class='ocrx_word' id='word_1_654' title='bbox 1910 2876 1973 2925; x_wconf 83' lang='lat' dir='ltr'>ipfi</span> <span class='ocrx_word' id='word_1_655' title='bbox 1998 2888 2127 2913; x_wconf 84' lang='lat' dir='ltr'>manus</span> <span class='ocrx_word' id='word_1_656' title='bbox 2150 2875 2288 2913; x_wconf 81' lang='lat' dir='ltr'>criticas</span> <span class='ocrx_word' id='word_1_657' title='bbox 2310 2874 2389 2912; x_wconf 37' lang='lat' dir='ltr'>acl-⁷</span> 
     </span>
     <span class='ocr_line' id='line_1_96' title="bbox 1334 2926 2376 2976; baseline -0.003 -12"><span class='ocrx_word' id='word_1_658' title='bbox 1334 2939 1529 2971; x_wconf 77' lang='lat' dir='ltr'>moveres,</span> <span class='ocrx_word' id='word_1_659' title='bbox 1567 2928 1630 2976; x_wconf 90' lang='lat' dir='ltr'>qui</span> <span class='ocrx_word' id='word_1_660' title='bbox 1659 2927 1718 2964; x_wconf 90' lang='lat' dir='ltr'>lib.</span> <span class='ocrx_word' id='word_1_661' title='bbox 1752 2941 1817 2964; x_wconf 76' lang='lat'>111.</span> <span class='ocrx_word' id='word_1_662' title='bbox 1847 2941 1903 2965; x_wconf 80' lang='lat'>21.</span> <span class='ocrx_word' id='word_1_663' title='bbox 1932 2927 2045 2971; x_wconf 76' lang='lat' dir='ltr'>dixit,</span> <span class='ocrx_word' id='word_1_664' title='bbox 2074 2926 2142 2975; x_wconf 78' lang='lat' dir='ltr'>sab</span> <span class='ocrx_word' id='word_1_665' title='bbox 2165 2940 2268 2962; x_wconf 84' lang='lat' dir='ltr'>amne</span> <span class='ocrx_word' id='word_1_666' title='bbox 2291 2926 2376 2962; x_wconf 49' lang='grc' dir='ltr'><em>νηί-ν</em></span> 
     </span>
     <span class='ocr_line' id='line_1_97' title="bbox 1333 2975 2373 3027; baseline -0.001 -15"><span class='ocrx_word' id='word_1_667' title='bbox 1333 2988 1436 3013; x_wconf 70' lang='lat' dir='ltr'>turno</span> <span class='ocrx_word' id='word_1_668' title='bbox 1461 2976 1560 3026; x_wconf 67' lang='lat' dir='ltr'>signa</span> <span class='ocrx_word' id='word_1_669' title='bbox 1593 2991 1811 3015; x_wconf 77' lang='lat' dir='ltr'>concurrunt.</span> <span class='ocrx_word' id='word_1_670' title='bbox 1863 2978 1965 3027; x_wconf 77' lang='lat' dir='ltr'>Quid</span> <span class='ocrx_word' id='word_1_671' title='bbox 1997 2978 2071 3014; x_wconf 83' lang='lat' dir='ltr'>hoc</span> <span class='ocrx_word' id='word_1_672' title='bbox 2105 2975 2288 3018; x_wconf 82' lang='lat' dir='ltr'>monstri,</span> <span class='ocrx_word' id='word_1_673' title='bbox 2315 2976 2373 3012; x_wconf 84' lang='lat' dir='ltr'>in-</span> 
     </span>
     <span class='ocr_line' id='line_1_98' title="bbox 1332 3026 2386 3077; baseline 0 -13"><span class='ocrx_word' id='word_1_674' title='bbox 1332 3026 1461 3076; x_wconf 82' lang='lat' dir='ltr'>quies?</span> <span class='ocrx_word' id='word_1_675' title='bbox 1490 3028 1578 3077; x_wconf 90' lang='lat' dir='ltr'>quid</span> <span class='ocrx_word' id='word_1_676' title='bbox 1593 3057 1602 3072; x_wconf 94' lang='lat'>,</span> <span class='ocrx_word' id='word_1_677' title='bbox 1639 3029 1777 3065; x_wconf 84' lang='lat' dir='ltr'>malum</span> <span class='ocrx_word' id='word_1_678' title='bbox 1794 3057 1804 3072; x_wconf 89' lang='lat'><strong>‚</strong></span> <span class='ocrx_word' id='word_1_679' title='bbox 1841 3029 1903 3066; x_wconf 86' lang='lat' dir='ltr'>sub</span> <span class='ocrx_word' id='word_1_680' title='bbox 1924 3040 2016 3077; x_wconf 75' lang='lat' dir='ltr'>aqua</span> <span class='ocrx_word' id='word_1_681' title='bbox 2038 3034 2238 3076; x_wconf 81' lang='lat' dir='ltr'>pugnantes</span> <span class='ocrx_word' id='word_1_682' title='bbox 2267 3026 2386 3064; x_wconf 71' lang='lat' dir='ltr'>nobis·</span> 
     </span>
     <span class='ocr_line' id='line_1_99' title="bbox 1333 3075 2390 3126; baseline -0.002 -12"><span class='ocrx_word' id='word_1_683' title='bbox 1333 3078 1464 3114; x_wconf 79' lang='lat' dir='ltr'>milites</span> <span class='ocrx_word' id='word_1_684' title='bbox 1486 3078 1633 3115; x_wconf 78' lang='lat' dir='ltr'>narras?</span> <span class='ocrx_word' id='word_1_685' title='bbox 1675 3079 1844 3117; x_wconf 82' lang='lat' dir='ltr'>madidos</span> <span class='ocrx_word' id='word_1_686' title='bbox 1877 3088 1974 3116; x_wconf 82' lang='lat' dir='ltr'>certe</span> <span class='ocrx_word' id='word_1_687' title='bbox 1996 3085 2143 3126; x_wconf 85' lang='lat' dir='ltr'>oportet</span> <span class='ocrx_word' id='word_1_688' title='bbox 2167 3088 2211 3113; x_wconf 78' lang='lat' dir='ltr'>ex</span> <span class='ocrx_word' id='word_1_689' title='bbox 2233 3075 2390 3125; x_wconf 61' lang='lat' dir='ltr'>aquoso</span> 
     </span>
     <span class='ocr_line' id='line_1_100' title="bbox 1330 3126 2390 3176; baseline -0.003 -11"><span class='ocrx_word' id='word_1_690' title='bbox 1330 3129 1394 3166; x_wconf 85' lang='lat' dir='ltr'>illo</span> <span class='ocrx_word' id='word_1_691' title='bbox 1418 3129 1559 3176; x_wconf 86' lang='lat' dir='ltr'>proelio</span> <span class='ocrx_word' id='word_1_692' title='bbox 1593 3128 1782 3166; x_wconf 76' lang='lat' dir='ltr'>emersisse.</span> <span class='ocrx_word' id='word_1_693' title='bbox 1836 3130 1887 3167; x_wconf 80' lang='lat' dir='ltr'>At</span> <span class='ocrx_word' id='word_1_694' title='bbox 1911 3138 1976 3173; x_wconf 90' lang='lat' dir='ltr'>tu,</span> <span class='ocrx_word' id='word_1_695' title='bbox 2006 3128 2103 3172; x_wconf 77' lang='lat' dir='ltr'>Silii,</span> <span class='ocrx_word' id='word_1_696' title='bbox 2129 3126 2289 3176; x_wconf 85' lang='lat' dir='ltr'>quaeso,</span> <span class='ocrx_word' id='word_1_697' title='bbox 2315 3126 2390 3163; x_wconf 74' lang='lat' dir='ltr'>illa:</span> 
     </span>
     <span class='ocr_line' id='line_1_101' title="bbox 1332 3176 2373 3230; baseline -0.002 -15"><span class='ocrx_word' id='word_1_698' title='bbox 1332 3191 1484 3228; x_wconf 83' lang='lat' dir='ltr'>quoque</span> <span class='ocrx_word' id='word_1_699' title='bbox 1507 3179 1640 3228; x_wconf 89' lang='lat' dir='ltr'>respice</span> <span class='ocrx_word' id='word_1_700' title='bbox 1661 3180 1721 3217; x_wconf 86' lang='lat' dir='ltr'>lib.</span> <span class='ocrx_word' id='word_1_701' title='bbox 1744 3192 1795 3217; x_wconf 78' lang='lat' dir='ltr'>iv.</span> <span class='ocrx_word' id='word_1_702' title='bbox 1828 3180 1908 3230; x_wconf 83' lang='lat'>183.</span> <span class='ocrx_word' id='word_1_703' title='bbox 1935 3179 1998 3229; x_wconf 87' lang='lat' dir='ltr'>qui</span> <span class='ocrx_word' id='word_1_704' title='bbox 2024 3179 2179 3215; x_wconf 79' lang='lat' dir='ltr'>infantes</span> <span class='ocrx_word' id='word_1_705' title='bbox 2202 3176 2279 3214; x_wconf 86' lang='lat' dir='ltr'>fine</span> <span class='ocrx_word' id='word_1_706' title='bbox 2300 3176 2373 3213; x_wconf 90' lang='lat' dir='ltr'>ullo</span> 
     </span>
     <span class='ocr_line' id='line_1_102' title="bbox 1330 3228 2202 3279; baseline 0 -13"><span class='ocrx_word' id='word_1_707' title='bbox 1330 3228 1494 3279; x_wconf 88' lang='lat' dir='ltr'>periculo</span> <span class='ocrx_word' id='word_1_708' title='bbox 1516 3230 1576 3266; x_wconf 88' lang='lat' dir='ltr'>sub</span> <span class='ocrx_word' id='word_1_709' title='bbox 1608 3242 1702 3279; x_wconf 78' lang='lat' dir='ltr'>aqua</span> <span class='ocrx_word' id='word_1_710' title='bbox 1726 3231 1881 3268; x_wconf 85' lang='lat' dir='ltr'>nutritos</span> <span class='ocrx_word' id='word_1_711' title='bbox 1903 3230 2007 3267; x_wconf 86' lang='lat' dir='ltr'>nobis</span> <span class='ocrx_word' id='word_1_712' title='bbox 2030 3229 2202 3266; x_wconf 81' lang='lat' dir='ltr'>exhibet:</span> 
     </span>
    </p>
   </div>
   <div class='ocr_carea' id='block_1_12' title="bbox 1381 3279 2395 3363">
    <p class='ocr_par' dir='ltr' id='par_1_25' title="bbox 1381 3279 2395 3363">
     <span class='ocr_line' id='line_1_103' title="bbox 1381 3279 2395 3363; baseline -0.002 -44"><span class='ocrx_word' id='word_1_713' title='bbox 1381 3285 1427 3319; x_wconf 83' lang='lat' dir='ltr'>Et</span> <span class='ocrx_word' id='word_1_714' title='bbox 1452 3289 1484 3317; x_wconf 78' lang='lat' dir='ltr'>te</span> <span class='ocrx_word' id='word_1_715' title='bbox 1496 3280 1564 3330; x_wconf 74' lang='lat' dir='ltr'>sah</span> <span class='ocrx_word' id='word_1_716' title='bbox 1583 3280 1691 3331; x_wconf 72' lang='lat' dir='ltr'>gelido</span> <span class='ocrx_word' id='word_1_717' title='bbox 1714 3282 1917 3327; x_wconf 75' lang='lat' dir='ltr'>nutritum,</span> <span class='ocrx_word' id='word_1_718' title='bbox 1946 3279 2065 3326; x_wconf 71' lang='lat' dir='ltr'>Tulle„</span> <span class='ocrx_word' id='word_1_719' title='bbox 2098 3279 2223 3317; x_wconf 74' lang='lat' dir='ltr'>Velina.</span> <span class='ocrx_word' id='word_1_720' title='bbox 2305 3295 2395 3363; x_wconf 28' lang='lat' dir='ltr'>sod,</span> 
     </span>
    </p>
   </div>
  </div>
 </body>
</html>
