2483 3616
309 149 1506 221 METAMORPH'OSEON
1576 153 1715 210 Lm.

1789 155 1891 216 VI.

2048 180 2146 232 423„-

314 254 430 308 Aut
452 248 724 310 frondem,
761 245 1056 320 positasque
1080 258 1285 301 cremet
1312 243 1834 326 foenilibus-herba&

319 324 494 393 Digna
515 320 740 392 quidem
763 319 936 373 facies
973 319 1063 374 sed
1089 319 1144 373 δε
1168 320 1308 374 hunc
1331 319 1507 373 innata
1532 316 1701 371 libido

309 393 647 448 Exstimulat:
688 409 1026 463 pronumque
1050 408 1214 461 genus
1237 390 1538 461 regionibus
1564 390 1662 443 illis

168 469 278 535 460
312 466 369 519 In
393 464 665 520 Venerem
693 464 779 518 est.
808 463 994 534 flagrat
1020 464 1154 517 vitio
1179 464 1456 534 gentisque
1478 461 1698 534 suoque.

311 537 543 608 Impetus
567 537 641 591 est
663 536 764 598 illi,
803 536 1062 590 comitum
1087 552 1430 606 corrumpere
1456 551 1666 597 euram,

311 609 654 681 Nutricisque
678 608 867 662 fidem:
911 626 1008 662 nec
1032 626 1140 662 non
1165 606 1462 679 ingentibus
1487 606 1648 677 ipsam

309 681 602 735 Sollicitare
630 681 788 734 datis:
830 693 1113 753 totumque
1137 679 1446 750 impendere
1470 695 1724 749 regnum:

312 755 424 807 Aut
452 771 663 823 rapere,
703 752 756 806 δε
780 752 933 806 saevo
958 769 1157 823 raptam
1184 751 1475 805 defendere
1512 751 1666 804 bello.

167 828 268 893 465
305 823 378 878 Et
400 826 531 878 nihil
556 826 658 888 est,
695 824 843 897 quod
871 842 979 877 non
1007 822 1210 877 effreno
1233 841 1412 895 captus
1438 841 1620 877 amore

310 897 490 952 Aufit:
530 915 631 953 nec
657 897 869 969 capiunt
894 896 1110 951 inclusas
1135 895 1350 967 pe&ora
1377 896 1630 950 flammas,

22 1094 246 1145 Neglexerat
264 1096 424 1136 librarius
442 1098 628 1146 geminare
649 1098 689 1134 τὶ
699 1095 828 1146 similes
847 1096 985 1136 solenni
1003 1098 1060 1134 er-‘

19 1142 118 1184 xorel
145 1148 345 1185 Heinsius
398 1154 466 1184 Des
489 1149 543 1185 illi
567 1149 752 1187 Leidenfis
782 1149 851 1186 scil.
872 1147 1059 1186 Philome-

20 1196 89 1234 lae.
108 1209 192 1235 nam
216 1199 494 1236 convenientius
516 1199 563 1236 est
589 1198 809 1236 Philomelae
834 1199 916 1236 dare
937 1198 1059 1246 Nym-

22 1247 177 1295 pharum
201 1249 361 1293 cultum,
391 1257 430 1286 ut
461 1249 526 1286 illis
553 1248 674 1285 similis
708 1248 772 1293 fit,
801 1261 910 1298 quam
936 1249 1059 1296 Nym-

22 1298 103 1345 phis
139 1299 362 1336 Philomelae
383 1311 392 1335 ε
446 1297 568 1335 fimi'lis
603 1308 678 1335 erat
720 1301 818 1336 enim
854 1299 1056 1337 Philomela

24 1347 234 1395 Nymphis,
263 1348 287 1385 fi
323 1347 439 1385 modo
464 1347 628 1385 adfuisset
657 1348 722 1397 ipfi
743 1350 857 1387 cultus
884 1351 1058 1386 Dearum.

21 1396 218 1444 elegantius
251 1409 338 1446 ergo
370 1398 418 1435 est
452 1398 693 1436 Philomelam
720 1399 765 1436 ad
799 1401 1056 1449 Nympharum

20 1447 267 1495 praestantiam
290 1449 486 1492 extollere,
515 1460 624 1498 quam
650 1450 842 1498 Nymphas
876 1450 1057 1498 deprime-

22 1507 72 1534 re.
100 1506 279 1545 praeterea
298 1497 323 1535 fi
345 1497 413 1534 illis
434 1499 528 1546 legas
543 1528 552 1543 ,
581 1511 711 1537 omnes
731 1501 806 1537 fere
831 1502 988 1538 vocesin
1014 1500 1058 1537 fi-

22 1546 308 1634 bilumBexirent.
335 1548 437 1597 quod
447 1549 619 1587 vitiosum
631 1548 699 1587 effe
718 1552 944 1595 notavimus,
957 1551 1016 1589 lib.
1029 1563 1058 1588 1.

52 1608 108 1644 27.
165 1610 262 1636 unm.
296 1628 299 1631 .

25 1608 46 1646 3
74 1660 157 1695 455.
186 1649 363 1699 ConfpeHa
383 1649 518 1697 virgine
548 1650 714 1700 Tereu5.]
753 1650 904 1688 Thracus
922 1652 958 1689 in
979 1664 1055 1690 uno

23 1697 199 1784 lgslediceo
230 1700 268 1737 ὅς
297 1712 374 1738 uno
408 1700 663 1739 Ambrofiano.
699 1702 859 1740 venuste.
900 1702 1057 1740 ficinfra

52 1748 109 1786 51.

76 1798 241 1836 Thracius
257 1800 386 1849 ingenti
403 1803 537 1850 mensas
554 1801 701 1839 clamore
727 1802 866 1852 repellit.

26 1846 209 1887 Ausonius
229 1851 427 1900 Technop.
451 1865 507 1890 21.

77 1900 202 1936 Intulit
219 1900 376 1948 incestam
396 1901 461 1938 tibi
480 1903 556 1939 vim
572 1931 582 1946 ,
596 1902 796 1945 Philomela,
809 1905 908 1950 ferus
929 1904 1060 1941 Thrax.

26 1947 146 1986 Poffet
174 1951 211 1987 &
229 1951 373 1987 Threcus
401 1951 483 2000 legi.
536 1953 633 1990 Vide
665 1955 780 1991 Notas
801 1954 908 1991 Tru-l.
934 1955 994 1992 lib.
1007 1968 1061 1992 tv.

27 1998 83 2035 El.
96 2012 121 2036 1.
141 2011 176 2037 v.
195 2012 252 2038 21.
279 2000 412 2037 Thraca
431 2003 532 2039 tellus
554 2003 737 2040 &Thraca
752 2005 853 2053 palus
871 2005 966 2053 apud
977 2007 1060 2042 Vir-

26 2048 176 2096 gilium,
205 2051 401 2088 Horatium
417 2079 426 2094 ,
455 2053 535 2090 Val.
561 2054 752 2099 Flaccum,
779 2055 879 2092 alios.
909 2055 1062 2092 Nicanor

22 2110 143 2145 genere
163 2099 312 2136 Thracus
332 2101 478 2151 Apulej.
498 2103 614 2140 Miles.
633 2105 692 2141 lib.
716 2117 769 2141 lv.
797 2106 834 2141 &
872 2105 991 2143 eidem
1022 2108 1059 2143 in

30 2148 215 2196 Apologia
230 2177 239 2193 ,
259 2151 436 2187 Xamolxis
468 2153 611 2201 quidam
631 2154 756 2190 Thraci
772 2155 912 2203 generis.
965 2156 1059 2193 Gell.

28 2196 89 2234 lib.
119 2210 195 2241 xxx.
231 2212 284 2236 12.
311 2214 350 2236 ne
374 2201 411 2236 id
428 2203 584 2248 accidat,
618 2206 708 2253 quod
725 2207 886 2253 cuiquam
909 2206 1059 2250 Thraco,

30 2246 200 2296 infipienti
221 2261 263 2287 <9⁴
283 2250 373 2285 rudi.
395 2252 430 2286 &
452 2253 527 2299 post
542 2280 552 2296 ,
580 2261 687 2291 Homo
702 2255 854 2291 Thracus
871 2269 912 2292 ex
933 2256 1061 2293 ultima

31 2297 200 2334 Barbaria
213 2314 224 2342 ;
253 2311 319 2347 pro
342 2302 862 2352 convicio&exprobratione.
873 2306 1065 2345 videantur

31 2359 126 2434 (ἕως
146 2349 377 2387 observamus
396 2350 440 2388 ad
461 2352 654 2400 Epistolam
675 2367 750 2392 xxx.
769 2355 826 2398 xrs.
847 2357 905 2393 26.
927 2357 964 2394 &
981 2369 1063 2396 100.

76 2411 245 2436 E1Nsms.

82 2450 165 2497 456.
196 2457 307 2498 Ignem
325 2449 525 2500 supponat.]
555 2451 746 2490 Submittat
758 2456 854 2502 prior
874 2456 1060 2494 Gronovii

31 2499 71 2536 &
93 2500 167 2536 duo
184 2501 253 2537 alii.
281 2512 355 2537 non
377 2502 491 2539 male:
521 2502 608 2538 oui-a
630 2501 751 2558 pofitas
780 2516 867 2540 mox
891 2505 1060 2553 sequitur.

32 2549 176 2586 Hssms.
203 2551 237 2586 si
258 2551 333 2600 quis
341 2549 436 2599 fictis
456 2552 513 2588 sex
534 2545 624 2588 libri.
651 2566 741 2600 ignes
767 2555 877 2591 etiam
900 2555 1061 2593 Leiden-

31 2599 95 2644 fis,
122 2601 223 2649 quod
244 2601 370 2637 itidem
396 2603 595 2647 κκκόφωνσν
613 2602 782 2640 efficeret.

80 2663 163 2699 459.
191 2657 407 2700 pronumque
422 2651 564 2700 genum]
595 2652 757 2690 Thraces
778 2656 876 2692 enirn
900 2655 1062 2693 maxime

31 2701 70 2739 in
87 2703 272 2738 Venerem
291 2702 371 2738 sunt
392 2704 509 2750 proni.
536 2703 698 2739 Remus.
751 2704 907 2741 Proinde
935 2707 971 2742 δε
990 2706 1057 2743 fin-

31 2751 103 2800 guli
133 2752 250 2800 plures
275 2763 406 2789 uxores
437 2752 638 2796 ducebant,
667 2763 706 2790 ut
727 2754 828 2791 Mela
853 2755 991 2799 scribit,
1020 2759 1059 2794 ὃ(

31 2801 175 2839 Solinus
195 2813 271 2849 cap.
299 2814 353 2849 15.
391 2808 540 2838 Uxorum
567 2816 729 2847 numero,
764 2805 904 2852 inquit,
932 2806 1058 2854 virise

27 2852 219 2900 jabiitant,
246 2863 289 2890 ω’
314 2852 446 2888 honoris
475 2853 540 2888 loco
571 2853 702 2889 ducunt
729 2855 906 2902 multiplex
944 2859 1058 2905 conju-

28 2903 124 2950 gium
147 2904 217 2939 &c.
271 2904 361 2949 Quo
380 2903 499 2939 minus
519 2914 660 2940 novum
694 2913 756 2941 aut
783 2906 917 2943 mirum
943 2907 1058 2946 videri

31 2952 139 2990 debet
159 2980 170 2996 ‚
205 2951 231 2988 fi
254 2952 353 2988 idem
383 2952 495 2989 hodie
516 2965 666 3000 quoque
686 2954 858 2992 saffiram.
913 2959 988 3001 lam
1019 2960 1057 2996 &

35 3003 222 3039 Homerus
238 3002 312 3038 hoc
328 3002 462 3038 indicat
476 3029 485 3042 .
514 3003 666 3039 Martios
687 3016 727 3040 ac
739 3006 923 3044 bellicosos
935 3008 1058 3046 homi-

34 3064 124 3094 nes,
153 3051 358 3098 cujusmodi
396 3051 556 3088 Thrace-s
591 3052 730 3100 semper
759 3055 869 3093 habiti
893 3085 903 3100 ,
932 3066 1061 3105 utpote

37 3102 134 3148 apud
150 3113 241 3149 quos
259 3102 357 3137 Mars
377 3100 449 3147 ipse
476 3101 633 3138 habitare
663 3102 682 3139 a
704 3106 821 3151 poetis
848 3106 995 3151 dicitur,
1023 3111 1060 3147 in

36 3152 224 3187 'Venerem
247 3150 423 3196 proclives
446 3147 526 3186 effe.
580 3151 621 3188 Id
647 3155 782 3191 etenim
802 3155 918 3193 fabula
935 3159 1062 3197 Martis

35 3202 77 3239 δε
98 3201 250 3236 Veneris
268 3199 329 3235 fibi
349 3199 439 3235 velle
459 3200 611 3236 videtur.
640 3202 686 3238 Et
708 3204 744 3238 in
764 3207 924 3243 exercitu
946 3209 1061 3246 Grae-

34 3262 164 3290 corum
205 3248 254 3286 illi
282 3248 487 3287 mulieribus
512 3249 738 3297 potiffimum
767 3265 918 3302 operam
948 3257 1059 3308 dede7

89 3305 182 3338 Tem.
207 3305 253 3336 ll.

2003 972 2149 1041 Jamss

1110 1101 1218 1139 runt,
1246 1094 1309 1143 qui
1329 1093 1582 1133 bellicosiffimi
1607 1095 1756 1135 fuerunt
1769 1124 1778 1141 ‚
1797 1104 1837 1135 ut
1849 1096 2024 1142 Achilles,
2037 1099 2152 1148 Ajax,

1103 1147 1403 1195 Agamemnon,
1443 1147 1514 1183 &c.
1551 1147 1727 1184 Μῐςηι.
1782 1149 1908 1186 Livius
1936 1148 2153 1189 lib.xx111..

1114 1203 1228 1233 Prona
1240 1197 1371 1244 semper
1392 1195 1519 1231 civitas
1540 1195 1577 1231 in
1597 1195 1788 1234 luxuriam.
1818 1199 1863 1235 Et
1883 1211 1984 1235 xxix.
2007 1205 2049 1235 Ut
2063 1201 2153 1247 sune

1112 1257 1195 1283 ante
1213 1260 1325 1282 omnes
1346 1245 1512 1282 Barbaros
1536 1247 1712 1283 Numidae
1729 1246 1821 1297 effufi
1840 1249 1878 1284 in
1901 1255 2067 1285 Venerem.
2105 1250 2153 1288 Et

1111 1309 1197 1334 xxx.
1226 1302 1269 1332 Ut
1288 1296 1331 1343 est
1347 1309 1452 1343 genus
1479 1296 1719 1334 Numidarum
1753 1298 1791 1333 in
1814 1304 1969 1335 Venerem
1988 1309 2153 1349 praeceps.

1114 1348 1247 1384 Cicero
1266 1348 1303 1383 in
1325 1347 1444 1383 Partit.
1474 1345 1657 1393 Verisimile
1687 1349 1730 1393 est
1749 1348 2009 1396 adolescentiam
2032 1351 2154 1395 frocli-

1111 1397 1242 1434 viorem
1262 1397 1319 1444 esse
1337 1396 1383 1432 ad
1402 1395 1592 1433 libidinem.
1622 1399 1842 1435 (Txonuus.
1882 1400 1922 1436 In
1936 1400 2041 1437 MSS.
2055 1400 2153 1438 deest

1113 1450 1154 1484 τὶ
1172 1447 1225 1495 est.
1253 1447 1291 1483 ὃ(
1316 1447 1425 1494 priori
1447 1447 1548 1483 versu
1562 1475 1572 1490 ,
1592 1448 1655 1494 fid
1676 1461 1717 1488 ef
1735 1449 1838 1484 illum
1852 1449 1926 1486 duo
1945 1450 2081 1487 Medic.
2109 1452 2151 1489 &

1112 1510 1204 1536 unus
1234 1498 1386 1536 Moreti.
1404 1496 1467 1545 fi’d
1498 1497 1614 1534 adhuc
1643 1499 1894 1538 Lovanienfis.
1916 1512 2027 1550 quare
2052 1501 2155 1551 lege-3

1111 1561 1190 1587 rem
1209 1561 1219 1586 :

1564 1611 1626 1646 Sed
1646 1611 1693 1647 ad
1714 1611 1774 1648 hoc
1793 1612 1919 1648 innata
1937 1611 2042 1648 libido

1164 1661 1377 1709 Exstimulat
1390 1689 1400 1705 ,
1420 1669 1638 1712 pronumque
1651 1675 1756 1711 genus
1773 1662 1961 1711 regionibus
1977 1662 2051 1700 illis

1164 1719 1206 1749 In
1230 1719 1400 1749 Venerem.

1113 1783 1178 1819 Ad
1190 1783 1272 1828 hoc,
1311 1784 1358 1821 est
1371 1792 1567 1833 praeterea.
1606 1794 1858 1836 praeterquam
1887 1789 1989 1837 quod
2007 1789 2156 1839 pulchra

1117 1843 1210 1876 erat,
1237 1834 1349 1872 libido
1372 1837 1493 1873 innata
1515 1836 1642 1873 Tereo
1656 1864 1664 1880 ‚
1679 1838 1715 1873 ὃς
1737 1840 1880 1886 gentilis
1900 1841 2001 1877 furor
2027 1842 2062 1877 in
2078 1842 2156 1879 Ve-

1115 1896 1242 1921 nerem
1266 1885 1480 1923 exstimulat.
1508 1886 1601 1923 Flor.
1626 1899 1680 1924 11.
1703 1887 1735 1924 8.
1764 1889 1829 1924 Ad
1845 1888 1906 1926 hoc
1925 1890 2063 1937 coelestes
2086 1893 2156 1929 mi-

1118 1947 1182 1970 nae
1200 1935 1422 1972 territabant.
1469 1936 1507 1973 &
1530 1936 1615 1975 ibid.
1642 1937 1843 1985 Elephantis
1861 1940 1908 1976 ad
1926 1940 1986 1977 hoc
2005 1942 2155 1978 immen-

1110 1987 1172 2032 sae
1190 1985 1455 2033 magnitudinis.
1477 1999 1556 2024 111.
1584 1999 1619 2033 9.
1650 1988 1804 2036 Insulam
1825 1990 1996 2027 veteribus
2017 1992 2156 2028 divitiis

1114 2034 1352 2072 abundantem
1367 2064 1376 2080 ,
1403 2047 1447 2075 ey
1466 2036 1514 2072 ad
1535 2036 1594 2073 hoe
1615 2038 1731 2073 Vene‘ri
1745 2041 1955 2085 sacram.ita
1974 2041 2055 2089 lege
2067 2053 2152 2078 cum

1114 2084 1380 2124 Freinshemio.
1408 2088 1446 2123 ὅ(
1473 2087 1521 2124 ita
1542 2087 1645 2135 saepe
1664 2087 1745 2123 alibi
1765 2088 1860 2125 idem
1881 2089 2039 2137 scriptor.
2093 2092 2154 2128 Sa-

1114 2135 1190 2172 lust.
1224 2136 1303 2173 Cat.
1333 2149 1391 2173 21.
1426 2136 1474 2172 ad
1515 2136 1575 2172 hoc
1609 2136 1799 2173 maledieti}
1826 2139 2020 2187 increpabat
2043 2142 2155 2178 omnis

1116 2184 1226 2224 bonos.
1252 2188 1312 2224 ubi
1329 2186 1411 2230 alii,
1441 2187 1489 2222 ad
1507 2187 1587 2222 haec
1606 2188 1718 2224 etiarn
1749 2187 1852 2225 bene.
1889 2189 1972 2225 vide
2001 2190 2155 2230 Pincier.

1116 2236 1258 2286 Parerg.
1284 2237 1344 2274 lib.
1376 2250 1405 2274 1.
1428 2248 1503 2284 cap.
1532 2248 1589 2282 24.
1624 2236 1672 2273 fic
1693 2237 1789 2285 apud
1814 2238 1992 2285 Quineiil.
2018 2252 2095 2277 111.
2117 2254 2151 2290 ς.

1117 2286 1231 2323 adhuc
1259 2287 1435 2337 adjicitur.
1457 2287 1518 2325 ubi
1537 2287 1596 2324 alii
1613 2287 1661 2323 ad
1683 2287 1744 2324 hoc
1757 2315 1768 2333 ,
1791 2287 1852 2325 ah'i
1871 2288 1920 2324 ad
1938 2287 2029 2327 haec.
2052 2290 2159 2339 Buta-

1119 2349 1297 2374 Maurius.

1166 2388 1250 2431 461.
1277 2393 1497 2436 Corrumpere
1517 2386 1675 2435 curam.]
1707 2386 1858 2424 Turbam
1886 2389 1990 2427 multi
2012 2389 2102 2428 libri.

1165 2438 1247 2482 464.
1276 2438 1461 2483 Defendere
1488 2436 1607 2484 bella]
1663 2437 1937 2484 Multi,ferr0;
1976 2440 2033 2477 sed
2063 2453 2154 2481 unus

1114 2485 1256 2523 Moreti
1271 2515 1281 2530 ,
1310 2493 1442 2531 Marte,
1455 2488 1509 2535 cuj
1517 2499 1554 2524 us
1582 2487 1847 2525 aliasleffiones
1864 2488 1991 2538 gloffas
2004 2489 2074 2528 effe
2085 2504 2153 2541 pu-

1115 2542 1167 2571 to.
1202 2537 1249 2573 ita
1268 2536 1335 2573 inf.
1355 2549 1442 2574 x111.
1462 2548 1545 2584 255.

1166 2610 1267 2657 Qid
1291 2611 1382 2659 Lycii
1399 2612 1543 2657 referam
1562 2610 1759 2660 Sarpedonis
1777 2612 1919 2660 agmina
1930 2613 2026 2660 ferro

1163 2661 1354 2708 Devastato
1380 2674 1463 2699 meo,

1116 2729 1191 2767 Ubi
1211 2733 1320 2768 etiam
1345 2736 1463 2767 Marte
1482 2732 1661 2770 nonnulli.
1689 2733 1729 2770 δε
1749 2744 1834 2783 275.

1165 2796 1305 2844 Ausum
1325 2794 1431 2831 etiam
1451 2797 1605 2832 Het't'oreo
1614 2795 1730 2845 solum
1750 2810 1944 2836 concurrere
1957 2800 2073 2837 Marti

1163 2850 1202 2880 Se
1216 2854 1334 2894 putat.

1113 2919 1162 2956 Et
1204 2903 1263 2956 ibi‘
1301 2919 1441 2958 variant
1483 2921 1639 2960 codices.
1702 2922 1833 2962 Claud.
1865 2935 1921 2961 11.
1951 2924 1989 2961 in
2032 2920 2156 2958 Rufin.

1115 2981 1197 3019 35¹·

1168 3041 1235 3078 Hic
1251 3042 1364 3079 ultrix
1388 3042 1475 3080 acies
1494 3055 1631 3082 ornatu·
1633 3046 1774 3096 fulgida
1787 3047 1928 3085 Martis.

1117 3118 1172 3154 Ut
1190 3120 1363 3159 Heinsius
1394 3124 1544 3161 restituit
1574 3137 1640 3173 pro
1659 3126 1759 3171 ferri.
1802 3132 1917 3160 Μανία
1935 3129 2057 3159 autem
2085 3134 2152 3170 pro

1116 3167 1212 3206 bello
1236 3172 1367 3208 Noster
1389 3173 1513 3220 passim
1535 3176 1657 3211 utitur.
1688 3184 1727 3212 ut
1750 3175 1889 3222 111.Ep.
1907 3186 1964 3220 45.
1986 3183 2154 3222 v11.154⁹

1117 3217 1231 3258 Rem.
1248 3222 1330 3270 469.
1353 3222 1390 3259 &
1412 3223 1507 3260 alibi.
1540 3224 1796 3261 Bunmmuus

1570 3321 1677 3370 Hhh
1979 3324 2062 3372 465·
2082 3328 2120 3370 f.
