2483 3616
249 166 354 234 652
764 159 1311 221 P.OVIDII

1385 157 1922 220 NASONIS

692 297 819 354 lxit:
861 299 944 363 &‚
981 295 1265 352 admonitu
1290 296 1485 350 veteris
1511 307 1787 352 commota
1810 292 2108 358 ministram*

411 388 512 438 325

695 372 987 443 Ingemuit3
1031 387 1192 443 quam
1218 368 1286 422 sic
1314 386 1477 423 nurus
1503 369 1578 424 est
1602 368 1776 423 adfata
1802 381 2143 440 gementem:

556 446 648 498 Te
672 457 879 508 tamen,
917 445 950 497 ὀ
975 442 1253 515 genetrix,
1277 442 1475 496 alienae
1507 442 1758 512 sanguine
1788 441 1961 497 vestro

559 517 737 589 Rapta
760 530 944 572 movet
970 517 1146 571 facies,
1188 513 1319 586 quid
1344 514 1382 568 fi
1406 514 1503 567 tibi
1528 514 1660 566 mira
1685 513 1877 568 sororis

556 589 683 644 Fata
711 608 859 645 meae
886 589 1147 644 referam?
1188 604 1511 659 quamquam
1539 586 1892 658 lacrimaeque
1920 586 2188 661 dolorque

558 662 893 733 Impediunt,
932 661 1331 734 prohibentque
1357 659 1521 732 loqui.
1563 658 1662 712 fuit
1689 659 1846 713 unica
1870 661 2026 714 matri

412 754 435 800 3
450 753 512 800 3o
553 738 575 805 <
590 735 690 790 Me
715 751 864 808 pater
890 754 958 790 ex
981 736 1078 789 alia
1102 733 1325 805 genuit)

1366 732 1634 788 notissima
1662 731 1837 786 forma

556 808 914 862 Oechalidum
939 808 1192 879 Dryope:
1234 824 1395 879 quam
1421 806 1726 878 virginitate
1753 820 2056 871 carentem,

554 880 796 952 Vimque
825 880 930 933 Dei
955 879 1176 952 pallam,
1217 880 1458 951 Delphos
1487 880 1774 952 Delonque
1799 880 2066 943 tenentiS,

553 951 773 1024 Excipit
801 952 1181 1017 Andraemon;
1228 953 1282 1006 &
1309 954 1533 1008 habetur
1556 952 1788 1025 conjuge
1815 953 1958 1008 felix.

554 1023 648 1079 Est
672 1028 845 1090 lacuS,
883 1027 1068 1081 acclivi
1094 1027 1308 1081 devexo
1334 1027 1575 1099 margine
1605 1026 1838 1080 formam

411 1114 504 1170 335
549 1098 755 1154 Litoris
781 1097 1049 1154 efficiens:
1096 1100 1362 1155 summum
1389 1113 1622 1171 myrteta
1649 1113 1932 1153 coronant.

552 1171 794 1228 Venerat
821 1173 925 1227 huc
951 1173 1177 1246 Dryope
1202 1175 1434 1227 fatorum
1463 1173 1665 1237 nescia3
1694 1189 1916 1246 quoque

550 1245 839 1318 Indignere
865 1247 1060 1318 magi3‚
1098 1247 1361 1318 Nymphis
1387 1248 1553 1300 latura
1578 1264 1819 1300 coronas,

548 1318 717 1392 Inque
741 1318 853 1374 sinu
879 1337 1131 1391 puerum,
1173 1320 1266 1391 qui
1292 1318 1538 1373 nondum
1562 1320 1879 1391 impleverat
1918 1333 2146 1382 annum,

549 1390 727 1446 Dulce
753 1391 959 1447 ferebat
989 1411 1149 1448 onus:
1180 1392 1594 1466 tepidique-ope
1620 1392 1763 1447 laciis
1793 1392 1979 1448 alebat.

407 1484 510 1535 340
548 1463 719 1522 Haud
746 1468 934 1538 procul
961 1468 990 1520 a
1017 1467 1227 1538 stagn0‚
1259 1466 1460 1538 Tyrios
1485 1465 1688 1520 imitata
1714 1467 1951 1530 coloreS,

548 1538 609 1594 In
631 1541 778 1611 spem
805 1539 1086 1594 baccarum
1113 1540 1341 1594 florebat
1368 1540 1604 1613 aquatica
1633 1542 1789 1595 lotos.

550 1612 833 1684 Carpserat
862 1614 984 1667 hinc
1017 1614 1265 1686 Dryope,
1289 1632 1423 1685 quos
1451 1612 1801 1668 oblectamina
1828 1624 1956 1668 nato

548 1685 891 1756 Por-rigeret,
917 1686 1112 1741 flores:
1141 1688 1189 1741 ἃ
1225 1687 1368 1740 idem
1394 1685 1591 1740 facium
1619 1687 1869 1750 videbam

548 1759 799 1832 Namque
825 1761 1054 1815 aderam.
1092 1759 1202 1816 vidi
1229 1773 1402 1832 guttas
1429 1761 1458 1815 e
1488 1761 1623 1814 flore
1648 1777 1895 1816 cruentas

255 1975 400 2027 Micyll.
433 1976 547 2013 etiam
579 1973 663 2012 MS.
689 1973 831 2012 Falsum
868 1981 994 2012 tamen
1026 1973 1170 2013 Iolaum
1202 1975 1307 2014 fuisse

254 2028 424 2065 Herculis
447 2026 575 2064 filium.
607 2024 842 2071 Α’δελφιδοῦς
864 2025 1034 2063 Herculis
1056 2027 1136 2065 fuit.
1174 2026 1306 2065 Fratris

255 2090 392 2126 nempe
411 2078 487 2127 ejus
509 2077 635 2125 Iphicli
659 2075 750 2114 filius
777 2105 787 2121 ‚
818 2076 902 2114 vide
928 2077 1189 2124 Palaephatum
1212 2079 1306 2116 Soli·

253 2142 368 2174 num,
398 2130 498 2166 alios.
526 2129 748 2165 Muncxmz.
806 2127 945 2172 solam,
986 2129 1123 2164 Fratris
1151 2129 1307 2168 Herculis

247 2181 356 2228 filius.
387 2181 544 2218 Raener.
567 2179 711 2229 Micyll.
734 2181 773 2218 in
794 2180 966 2228 Margine
987 2178 1134 2218 fortasse
1148 2208 1160 2227 ‚
1184 2180 1306 2231 Iphicli

254 2245 297 2273 ey
315 2231 507 2269 Diomedes.

303 2308 385 2346 324.
415 2297 657 2350 Admonitu]
688 2303 727 2336 A
747 2298 884 2336 monitu
906 2298 1073 2337 Voffian.

304 2360 386 2396 325.
415 2351 609 2387 Dolentem.
632 2350 647 2400 ]
685 2355 887 2389 Gementem
910 2351 1104 2389 Mediceus
1134 2351 1304 2390 familiari

253 2398 394 2437 Ovidio
414 2404 645 2449 repetitione.
669 2402 755 2448 alii,
777 2402 972 2452 loquentem
987 2431 997 2447 ,
1021 2412 1224 2449 paventem.

305 2451 388 2498 326.
417 2452 547 2490 Aliena
567 2453 592 2490 ἰι
606 2453 776 2502 sanguine
794 2453 939 2503 nostro.]
969 2453 1120 2491 Alienae
1129 2454 1304 2503 sauguine

251 2501 359 2545 vestro
386 2504 568 2542 meliores.
596 2505 808 2546 Heinsius.
860 2506 960 2544 Vide
983 2505 1028 2543 ad
1050 2505 1231 2554 Quinctil.
1250 2517 1302 2544 vx.

252 2550 297 2586 cle
320 2551 397 2588 [nst.
423 2554 526 2591 Orat.
547 2568 579 2603 3.

306 2612 389 2649 327.
422 2605 567 2655 Mina]
627 2613 724 2644 Cara
754 2608 895 2647 Medic.
929 2607 1030 2646 unde
1047 2608 1176 2647 Heins.
1203 2621 1300 2647 rara.

242 2652 346 2699 futla
362 2665 430 2701 pro
449 2656 530 2696 fata
554 2658 662 2693 etiarn
686 2659 846 2705 plurimi.

306 2713 390 2751 331.
419 2707 590 2754 Dryope.]
617 2709 725 2744 Hanc
746 2710 958 2748 Antoninus
974 2711 1151 2750 Liberalis
1170 2723 1215 2749 ex
1227 2712 1297 2749 Ni-

253 2755 390 2791 candro
404 2765 481 2803 cap.
501 2767 623 2792 xxxu.
651 2757 813 2804 Dryopis
827 2761 984 2806 Sperchii
1014 2761 1118 2799 fluvii
1133 2791 1140 2803 ,
1155 2774 1202 2800 ex
1223 2763 1295 2800 Ρο-

250 2803 462 2853 lydorauna
476 2805 686 2844 Danaidum
702 2806 782 2849 ‚filii
804 2807 915 2846 filiam
938 2811 1044 2854 facit,
1072 2814 1110 2849 ὃ(
1132 2813 1292 2852 fabulam

249 2854 363 2904 longe
386 2857 488 2894 aliter
508 2866 635 2894 narrat.
664 2857 968 2898 Andraemonem
983 2870 1107 2899 autem
1122 2865 1237 2912 Oxyli
1251 2864 1292 2901 fi-

249 2906 340 2944 lium
363 2907 462 2945 dicit.
485 2907 699 2945 Scholiasses
718 2920 808 2946 vcro
830 2910 974 2948 Pindari
999 2912 1130 2959 Olym.
1150 2916 1292 2953 od.111.

246 2970 308 2995 22.
326 2958 495 3008 Oxylum
513 2959 638 2997 Aetoli
660 2959 774 2997 filium
792 2987 802 3002 ‚
830 2962 891 3009 qui
907 2961 1182 3000 Andraemonis
1201 2973 1290 3009 erat,

244 3009 345 3047 facit.
376 3010 472 3048 forte
506 3009 565 3048 ille
596 3010 741 3059 Oxylus
771 3010 887 3049 filium
920 3011 1224 3051 Andraemonem
1245 3026 1290 3053 ex

245 3061 305 3099 avi
327 3063 484 3099 nomine
504 3063 681 3106 vocavit,
716 3060 783 3099 nisi
815 3062 909 3110 apud
938 3062 1172 3100 Scholiastem
1199 3071 1291 3101 Hae-

249 3114 360 3149 monis
382 3113 473 3151 filius
497 3125 563 3161 pro
592 3113 853 3150 Andraemonis
880 3113 1080 3161 legendum
1100 3113 1141 3151 fit
1162 3129 1173 3158 ς
1203 3126 1289 3153 nam

248 3162 301 3199 ita
319 3163 506 3202 Pausanias
523 3164 583 3202 lib.
603 3176 637 3202 v.
658 3176 688 3202 c.
714 3175 746 3213 3.
773 3163 860 3201 dicit
889 3164 1059 3213 Oxylum
1083 3166 1290 3204 Haemonis

248 3211 381 3257 filium,
395 3215 580 3253 Thoantis
600 3223 778 3264 nepotem
800 3213 869 3253 effe
885 3243 894 3258 ‚
923 3216 961 3253 &
982 3227 1059 3264 cip.
1080 3215 1151 3265 seq.
1174 3217 1293 3266 Oxyli

247 3261 341 3301 filios
361 3266 445 3304 facit
465 3267 644 3306 Aetolum
669 3268 706 3304 &
728 3267 863 3304 Laean.
884 3266 983 3305 idem
1005 3276 1131 3304 tamen
1154 3267 1291 3306 ibidem

247 3314 512 3355 Andraemona
541 3315 704 3367 genuiise
732 3318 953 3360 Thoantem
990 3327 1121 3361 narrat.
1172 3329 1212 3361 ut
1247 3320 1288 3361 δε

2174 1830 2411 1889 Decide·
2478 1869 2483 1878 -

1366 1975 1481 2014 Ovid.
1503 1975 1564 2015 lib.
1590 1987 1679 2014 xiix.
1704 1986 1788 2024 '³57-
1828 1975 1866 2013 &
1887 1974 1949 2012 lib.
1968 1986 2003 2012 x.
2036 1984 2115 2023 cap.
2140 1985 2199 2025 39.
2256 1974 2408 2024 Gorgen

1366 2028 1490 2065 Oenei
1519 2028 1629 2065 filiam
1661 2040 1815 2065 uxorein
1839 2026 1899 2063 dat
1925 2026 2192 2065 Andraemoni.
2243 2026 2409 2064 Andrae-

1363 2091 1519 2116 monem
1538 2079 1684 2128 Pylium
1708 2079 1944 2116 conditorem
1958 2078 2194 2125 Colophonis
2213 2077 2300 2114 facit
2313 2077 2407 2116 Stra·
2477 2098 2483 2107 ·

1363 2130 1411 2167 bo
1435 2131 1494 2167 lib.
1513 2144 1592 2168 xiv.
1613 2143 1681 2179 pag
1716 2134 1803 2179 633.
1826 2130 1892 2166 aha
1917 2127 2108 2177 Dryope}
2127 2127 2209 2165 Val.
2228 2128 2326 2166 Flac.
2352 2139 2407 2168 11.
2426 2156 2429 2173 u
2476 2144 2483 2163 Δ

1365 2192 1444 2228 174.
1464 2181 1587 2219 induci
1612 2182 1768 2219 videtur.
1824 2180 2041 2218 Bunmmn.

1416 2243 1498 2281 334.
1528 2234 1584 2280 Est
1606 2234 1700 2270 lacus
1719 2231 1903 2282 acclivis.]
1934 2230 2077 2268 Acclivi
2098 2241 2190 2269 unus
2202 2230 2410 2278 Mediceus.

1359 2292 1400 2322 ut
1422 2286 1597 2323 referatur
1618 2285 1662 2322 ad
1687 2288 1727 2320 τὸ
1748 2284 1870 2320 litoris.
1898 2294 1990 2320 unus
2011 2279 2114 2320 Voff.
2134 2283 2171 2320 δὲ
2192 2282 2336 2320 Twisd.
2352 2295 2409 2320 ac·

1359 2334 1483 2373 clivus.
1512 2336 1560 2373 sic
1579 2336 1734 2373 acclivus
1755 2335 1852 2372 times
1873 2335 1982 2373 initio
2002 2333 2229 2382 libri11.pari
2254 2345 2406 2384 quoque

1359 2386 1480 2425 modo
1499 2388 1655 2425 declivus
1684 2388 1721 2425 &
1754 2385 1899 2423 declivis
1929 2384 2112 2423 dicebant.
2166 2384 2266 2423 Vide
2290 2385 2406 2424 Notas

1358 2437 1436 2476 Fast
1471 2452 1534 2476 111.
1556 2439 1668 2487 v1113.
1697 2438 1844 2475 Hiems.

1412 2492 1484 2539 336
1526 2489 1629 2539 [iia]
1661 2497 1737 2526 Huc
1757 2490 1948 2538 plerique,
1977 2488 2016 2526 &
2036 2486 2145 2525 reae.
2174 2486 2294 2525 IDEM.

1410 2551 1492 2589 341.
1523 2548 1562 2577 In
1582 2542 1676 2590 spem
1707 2540 1904 2578 baccarum.
1925 2539 1945 2590 'J
1999 2545 2191 2576 Baccarum
2204 2538 2311 2588 specie
2336 2538 2398 2588 Ju-

1358 2593 1457 2630 nian.
1477 2594 1515 2630 &
1535 2592 1704 2630 Leidens.
1726 2606 1764 2628 m
1775 2593 1881 2641 specie
1897 2591 2066 2628 nonnulli
2089 2590 2162 2628 alii.

1410 2655 1493 2693 341.
1519 2644 1702 2695 Aquatica
1722 2642 1842 2692 lotoe]
1872 2642 1972 2680 Vide
1993 2641 2038 2680 ad
2059 2641 2126 2690 Ep.
2147 2653 2208 2679 xv.
2234 2654 2315 2691 159·

1407 2706 1487 2741 342.
1517 2696 1700 2743 Carpserat
1723 2693 1845 2744 hina]
1877 2695 1966 2731 Huic
1983 2706 2034 2742 pr.
2051 2692 2204 2730 Moreti.
2233 2693 2396 2744 carpserat

1351 2744 1434 2783 hinc
1450 2756 1573 2793 paucos
1597 2745 1735 2781 Medic.

1404 2808 1486 2846 344.
1514 2802 1677 2845 Namque
1696 2793 1878 2843 aderam]
1893 2794 2002 2831 Unus
2023 2793 2166 2831 Heinfii
2185 2794 2266 2831 vidi
2278 2798 2392 2843 (nam-

1349 2862 1414 2898 que
1441 2848 1586 2884 aderam
1610 2853 1623 2893 >
1667 2856 1798 2895 guttas.
1834 2845 1938 2894 quod
1964 2844 2025 2883 ille
2056 2846 2283 2894 praeferebat
2306 2844 2393 2889 ,vul-

1373 2907 1464 2937 atae.

1347 2910 1370 2948 g
1401 2961 1483 2998 344.
1512 2954 1539 2986 E
1551 2947 1677 3001 flora]
1706 2946 1856 2998 Deflore
1875 2948 2078 2986 Vaticanus
2100 2949 2138 2986 &
2160 2959 2251 2986 unus
2272 2946 2390 2983 Hein-

1347 2999 1407 3037 sii:
1441 3000 1583 3038 remus.
1611 3000 1911 3049 geminareenim
1935 2996 2387 3048 easdempraepositiones,

1346 3062 1391 3087 ex
1415 3052 1545 3100 quibus
1578 3050 1687 3088 verba
1707 3050 1937 3099 composita,
1973 3051 2152 3089 amabant.
2187 3047 2236 3085 fic
2263 3047 2302 3084 &
2328 3046 2390 3086 lib.

1346 3103 1497 3138 111.Am
1534 3113 1578 3138 11.
1602 3114 1655 3148 ¹4·

1398 3169 1518 3214 Deque
1539 3165 1622 3201 meis
1639 3165 1802 3203 manibus
1822 3167 1894 3203 lara
1913 3165 2044 3216 remiffiz
2061 3163 2181 3214 fluent.

1348 3215 1426 3254 Ubi
1445 3216 1555 3254 etiam
1578 3231 1594 3253 e
1611 3219 1681 3255 alii.
1716 3218 1811 3255 Vide
1834 3219 1870 3255 &
1894 3218 1985 3266 supr.
2003 3217 2064 3254 lib.
2089 3227 2119 3252 x.
2140 3225 2212 3261 739
2235 3211 2391 3267 &Epissz

1349 3278 1440 3306 x111·
1468 3278 1549 3316 103.
1579 3281 1671 3310 unus
1697 3270 1809 3312 etiam
1832 3268 2043 3319 Gronov}
2055 3265 2143 3320 flore
2168 3277 2213 3302 cr.
2233 3263 2391 3300 exemere.
2457 3299 2459 3321 j

1348 3318 1567 3368 Burmann.
1844 3320 1848 3322 ’
1996 3318 2005 3322 ”
2377 3347 2379 3350 -
2456 3325 2458 3354 i

1539 3370 1545 3371 ’
2199 3376 2280 3416 345.
2310 3367 2384 3400 Tre-
