2483 3616
644 138 1205 198 P.OV1D11

183 162 322 203 110'

1279 137 1812 220 NASONis

467 243 513 300 F
516 245 869 318 erventesque
888 262 1042 301 auras
1058 284 1073 308 ,
1110 244 1257 297 velut
1284 241 1314 295 ὲ
1337 241 1556 296 fornace
1580 241 1878 314 profunda,

322 335 428 382 230
467 317 581 374 Ore
602 319 798 383 trahit,
837 318 1129 390 currusque
1157 316 1278 370 suos
1306 314 1627 369 candescere
1651 314 1826 369 sentit.

458 391 534 450 Et
560 411 739 466 neque
762 392 869 463 jam
896 393 1102 447 cineres
1125 387 1509 459 ejecfftatamque
1533 386 1762 440 favillam

470 465 637 521 Ferre
664 465 868 539 potest:
911 462 1200 535 calidoque
1226 460 1518 516 involvitur
1545 458 1786 532 undique
1813 458 1982 518 fumo,

468 539 711 622 Quoque
741 551 853 601 eat,
889 551 980 591 aut
1003 535 1207 599 ubi'fit,
1247 535 1401 607 picea
1424 532 1649 603 caligine
1676 531 1846 587 tesius

471 613 690 677 NesC1t;
732 611 788 666 δε
812 610 1034 666 arbitrio
1063 610 1345 663 volucrum
1369 618 1608 677 raptatur
1628 623 1916 679 equorum.

325 702 432 754 235
471 686 738 758 Sanguine
770 698 884 739 tum
915 683 1145 738 credunt
1171 683 1226 735 in
1250 696 1476 750 corpora
1500 678 1701 732 summa
1723 693 1949 744 vocam,

473 759 811 830 Aethiopum
834 758 1062 828 populos
1085 756 1300 825 nigrum
1325 749 1533 805 traxisse
1556 752 1814 807 colorem.

473 832 627 885 Turn
653 829 787 884 fasta
812 829 887 882 est
910 827 1116 900 Libye,
1155 826 1318 898 raptis
1345 823 1660 879 humoribus
1687 825 1857 891 aestu,

476 903 676 964 Arida3
722 913 838 957 tum
862 900 1146 974 Nymphae
1173 898 1327 973 passis
1351 897 1636 972 fontesque
1662 898 1909 973 lacusque

185 1112 191 1120 ⁷
238 1109 325 1157 {392
362 1104 539 1157 Deflevere
569 1103 713 1156 comis.]
769 1105 883 1144 Liber
915 1105 1041 1150 Statii,
1079 1103 1231 1150 Urfini,

187 1159 265 1198 mei
297 1158 448 1208 aliique·
473 1165 616 1196 veteres
654 1169 786 1195 omnes
817 1158 913 1195 hanc
945 1157 1081 1194 habent
1102 1156 1232 1193 lectio-

187 1222 290 1251 nem.
340 1212 468 1259 Quare
510 1209 601 1247 nihil
632 1208 855 1246 mutandum
889 1208 1031 1246 censeo.
1061 1208 1232 1245 Cmrau.

190 1260 309 1311 Quod
342 1261 472 1298 eruditi
515 1260 562 1298 fic
594 1261 900 1309 interpretantur,
937 1259 1036 1309 quali
1069 1258 1233 1309 deflevere

188 1313 291 1350 idem
316 1311 416 1358 effet,
429 1311 532 1363 quod
545 1311 631 1362 flere
642 1311 832 1362 cessim-unt,
855 1309 1111 1360 aut'defierunt.
1126 1310 1231 1348 DAN.

187 1365 394 1405 Hfimsrus.

239 1426 325 1464 239.
353 1414 504 1464 Qaerit
527 1414 675 1457 ,Boeotia
708 1413 888 1464 Dircen.]
927 1415 1100 1464 chritur
1135 1413 1233 1461 opti-

191 1478 273 1504 mus
294 1463 493 1503 florentin.
531 1466 662 1504 Urbin.
696 1467 735 1505 ὃς
767 1466 898 1503 decem
932 1475 994 1504 aut
1029 1464 1231 1503 duodecim

190 1517 259 1554 alii.
288 1519 341 1554 Ut
361 1515 578 1565 respondeat
598 1517 831 1565 praecedenti
855 1515 1029 1568 deflevere.
1057 1517 1107 1553 ita
1131 1515 1232 1553 enim

191 1568 339 1605 codices
371 1567 502 1605 vetusti
527 1597 538 1613 ,
574 1577 762 1619 quotquot
794 1568 892 1606 vidi:
940 1564 1102 1606 Facessat
1123 1567 1233 1615 igitur

191 1619 297 1668 quod
318 1619 480 1668 vulgatas
509 1619 698 1668 superioris
725 1620 855 1657 saeculi
879 1620 1058 1657 editiones
1080 1618 1209 1655 insedit
1223 1646 1234 1662 ,

194 1669 388 1719 defluxere.
416 1669 578 1719 deflevere
600 1671 750 1709 ridicule
785 1671 954 1709 Gifanius
975 1669 1056 1708 Ind.
1080 1669 1230 1706 Lucret.

192 1720 233 1758 in
252 1719 330 1770 flere
350 1721 632 1770 interpretantur
652 1734 733 1771 pro,
747 1721 823 1770 βενε
845 1721 1025 1772 defiet-unt.
1054 1721 1231 1758 Torrent.

193 1770 244 1808 ad
263 1771 321 1808 lib.
348 1785 378 1809 1.
402 1772 476 1809 Od.
490 1785 531 1810 xi
545 1773 735 1810 1.Horatii
757 1786 824 1822 pro
845 1774 1020 1825 drffluxere
1041 1783 1235 1821 perperam

187 1822 315 1869 capit,
353 1824 392 1859 &
424 1821 543 1871 deflere
579 1834 666 1860 cum
698 1824 850 1861 Git'anio
884 1825 979 1862 male
1022 1825 1237 1871 interpreta-

193 1879 277 1917 tur,
305 1872 409 1921 quod
431 1885 543 1922 quam
564 1873 734 1922 ineptum
760 1874 801 1912 fit
824 1883 923 1923 patet
946 1888 991 1912 ex
1017 1887 1126 1912 xt11.
1151 1875 1236 1922 689.

190 1922 259 1959 -ubi
271 1922 358 1972 flere
380 1924 418 1960 ἃ
442 1925 538 1975 queri
570 1925 870 1976 conjunguntur,
902 1934 943 1963 ut
974 1926 1036 1967 hic
1059 1923 1177 1975 deflere
1201 1927 1239 1967 &

187 1977 304 2024 queri.

196 2027 198 2029 ’
329 2047 346 2053 -
372 2047 389 2053 -
415 2047 431 2055 -
456 2026 622 2076 Nympha
644 2041 773 2078 quoque
786 2026 871 2078 flere
896 2027 1064 2066 videntur

250 2075 459 2127 Siccatosque
481 2078 577 2128 queri
589 2080 717 2124 fhntes.

197 2126 334 2164 Similis
356 2127 540 2165 diversit-as
560 2128 728 2167 leftionis
751 2129 799 2166 est
822 2129 984 2168 Fast.1v.
1007 2131 1092 2177 460,

252 2183 301 2214 Et
320 2179 478 2228 queritur
491 2181 614 2226 faetus
629 2189 689 2229 per
712 2194 830 2218 nemus
852 2195 949 2218 omne
962 2181 1058 2231 suos.

196 2236 242 2265 -ut
262 2228 312 2266 ibi
335 2228 494 2268 codices.
523 2230 585 2267 ubi
606 2230 690 2268 vide
713 2243 808 2281 quae
830 2241 1015 2271 notamus.
1053 2233 1092 2270 H
1108 2245 1129 2269 E
1146 2244 1159 2270 1
1179 2245 1242 2271 Ns.

198 2279 298 2316 Mihi
319 2287 447 2318 tamen
470 2281 608 2331 quaerit
630 2281 837 2320 admodum
862 2283 1056 2329 blanditur,
1078 2284 1182 2333 quod
1206 2286 1244 2321 ὃς

200 2331 358 2377 praefert
380 2332 542 2380 optimus
565 2332 827 2381 elegantiarum
860 2334 991 2371 arbiter
1012 2335 1175 2372 Broulzh.
1199 2335 1246 2373 ad

196 2380 327 2435 Tibul.
354 2395 410 2419 15.
435 2395 516 2422 111.
538 2383 599 2422 26.
626 2395 721 2432 quae
734 2385 834 2421 enim
848 2385 974 2425 absunt
985 2386 1130 2435 proprie
1143 2399 1248 2437 quae-

198 2443 324 2467 ftmus.
352 2433 487 2471 Horat.
511 2447 550 2470 11
564 2446 596 2473 1.
610 2433 684 2471 Od.
698 2446 757 2480 24.
1146 2439 1149 2441 ⁴

257 2483 428 2518 Virtutem
452 2484 655 2521 incolumem
677 2486 812 2523 odimus
826 2515 837 2531 ‚

307 2533 489 2571 Sublatam
511 2550 552 2571 ex
574 2535 676 2572 oculis
698 2538 900 2587 quaerimus
922 2538 1052 2578 invidi,

200 2594 255 2624 ιν.
279 2583 353 2619 Od.
370 2598 401 2632 ς.

257 2635 407 2681 Qcaerit
423 2636 543 2683 patria
566 2638 760 2687 Caefhrem.

200 2683 338 2726 ,Statius
375 2697 431 2721 11.
463 2686 584 2723 Achil.
627 2701 712 2726 210.
761 2689 875 2726 Peleia
906 2691 1004 2740 virgo
1037 2692 1246 2740 Qtaeritur.

200 2734 268 2771 nbi
300 2734 374 2771 vid.
405 2735 523 2772 Barth.
538 2737 577 2773 ὃς
598 2738 644 2775 ad
666 2750 757 2775 vnx.
781 2739 903 2776 Theb.
920 2743 1004 2789 367.
1032 2742 1248 2790 &x1.278.

205 2784 314 2824 Idem
337 2797 429 2823 V111.
451 2785 573 2823 Theb.
591 2799 671 2833 ηε).

262 2837 370 2884 Fusus
392 2836 481 2873 ‚nulli
503 2834 657 2889 nullique
671 2841 821 2888 fugatus
842 2842 1048 2889 (Qmeritur.

205 2891 257 2934 Et
272 2891 333 2929 lib.
355 2904 408 2929 tv.
421 2892 543 2930 Theb.
567 2905 650 2943 705.

261 2959 398 2996 Amnes
419 2969 592 3007 quaerunt
622 2971 784 2997 armenta
807 2973 962 3004 natam-<2

205 3016 403 3056 Claudiam.
425 3033 489 3059 ΠΙ.
511 3021 557 3059 de
580 3024 688 3072 Rapt.
710 3037 796 3074 433.

260 3082 312 3118 Sic
335 3088 492 3120 Venerem
514 3097 661 3136 quaerat
678 3088 809 3136 deserta
831 3091 952 3128 Dione.

208 3138 257 3192 Et
289 3144 336 3181 ita
365 3146 424 3184 alii
455 3148 581 3196 paffim
615 3150 825 3199 scriptores;
865 3155 939 3192 vid.
966 3167 1176 3198 comment.
1198 3160 1245 3198 ad

203 3189 303 3246 flor.
325 3207 352 3254 Ξ.
376 3197 427 3234 16.
471 3200 519 3236 Et
539 3200 595 3256 ‘ad
617 3201 766 3250 Epiced.
787 3204 824 3242 in
848 3205 1007 3245 Drusum
1031 3220 1114 3258 340.
1138 3212 1177 3250 ὃς
1198 3212 1243 3251 ad

197 3240 440 3297 Quintum.
464 3250 573 3290 Instrt.
597 3252 701 3293 Orat.
723 3266 769 3297 11.
796 3255 923 3297 Eum.

2200 948 2203 949 ⁷
2227 966 2342 1033 Dess

1338 1113 1422 1148 240.
1450 1101 1584 1152 Ephyre
1596 1101 1801 1154 Pirenida]
1815 1099 2006 1142 Vetustior
2017 1112 2135 1150 meuS,
2148 1102 2187 1142 &
2197 1102 2337 1147 Briantz

1289 1152 1465 1203 Nephyre.
1494 1157 1663 1192 (ῚΟΡΑΝ.

1341 1216 1424 1250 242.
1439 1205 1567 1242 Mediis
1581 1206 1710 1242 Tanais
1712 1206 1881 1253 fumavit
1891 1207 1930 1243 in
1939 1205 2074 1256 undis.]
2089 1205 2229 1245 Tanais
2243 1208 2333 1258 Scy*

1289 1255 1388 1292 thiae
1400 1255 1529 1294 fluvius
1545 1270 1552 1293 :
1567 1269 1680 1306 quem
1695 1257 1848 1294 Caucasi
1855 1258 1945 1307 juga
1956 1256 2116 1302 findunt,
2127 1265 2169 1295 ut
2180 1258 2228 1295 ait
2239 1259 2338 1297 Dio-

1289 1305 1411 1355 nysius
1425 1335 1435 1351 ,
1447 1318 1513 1355 per
1533 1316 1698 1356 patentes
1712 1308 1882 1357 Scythiae
1897 1320 2049 1356 campos
2071 1320 2211 1357 magno
2223 1321 2338 1360 aqua-

1289 1369 1372 1394 rum
1395 1357 1506 1395 austu
1517 1357 1731 1396 diffunditur
1744 1387 1755 1404 ,
1766 1360 1852 1397 inde
1863 1359 2002 1397 Tanais
2014 1359 2058 1396 ab
2071 1359 2205 1397 effedtu
2218 1361 2336 1399 Grae-

1290 1409 1323 1446 ci
1344 1408 1509 1446 nomim's
1531 1408 1647 1447 dietus
1669 1409 1741 1455 est,
1768 1418 1808 1448 ut
1828 1410 1949 1461 placet
1971 1409 2185 1449 Eustathio:
2215 1411 2332 1460 Sylis‚

1287 1459 1504 1505 Imrarceos,
1533 1461 1572 1498 ὃ(
1606 1461 1801 1499 Amefines
1833 1462 1878 1499 ab
1909 1460 2088 1510 indigenis
2123 1462 2334 1510 appellatus.

1290 1512 1441 1561 Quippe
1453 1512 1630 1549 nonnulla
1640 1512 1813 1550 locorum
1835 1512 1982 1550 barbara
1993 1512 2149 1549 nomina
2161 1513 2207 1550 ad
2218 1513 2336 1551 Grae-

1291 1574 1373 1600 cam
1396 1563 1581 1600 rationem
1604 1563 1851 1608 reducuntur,
1879 1571 1919 1601 ut
1941 1563 2051 1602 docet
2075 1563 2253 1601 Nicanor.
2280 1566 2338 1601 A-

1291 1613 1380 1650 fiam
1403 1613 1532 1652 dividit
1554 1614 1598 1652 ab
1610 1615 1771 1664 Europa.
1800 1614 2007 1652 Rhemnius
2019 1613 2176 1653 Fannius
2185 1614 2226 1653 in
2240 1613 2337 1657 orbis

1291 1665 1454 1703 ambitu:

1342 1721 1498 1767 Europen
1519 1715 1625 1766 Asiae
1649 1717 1779 1754 Tanais
1801 1717 1969 1767 disjungit
1992 1717 2036 1754 ab
2055 1717 2131 1754 oris.

1290 1770 1455 1817 Quaque
1486 1768 1667 1806 Moeotidi
1697 1769 1945 1806 committitur
1979 1767 2142 1818 ejusdem
2175 1769 2339 1807 nominis

1290 1818 1400 1856 habet
1424 1819 1604 1869 oppidum
1621 1848 1632 1864 ,
1660 1819 1764 1869 quod
1784 1819 1856 1858 alio
1878 1818 1994 1857 verbo
2017 1819 2229 1868 emporium
2251 1820 2341 1857 dici-

1293 1877 1362 1907 tur.
1391 1870 1466 1919 ejus
1489 1870 1704 1908 Alexander
1723 1870 1928 1919 Polyhistor
1951 1871 2136 1908 meminit.
2165 1870 2259 1908 lllud
2272 1871 2340 1907 ob-

1293 1921 1513 1959 servandum
1545 1922 1712 1958 Tanaidis
1739 1920 1860 1959 efferri
1883 1922 2091 1970 genitivum
2124 1934 2144 1958 a
2167 1921 2340 1962 Varrone

1296 1971 1555 2022 antiquitatum
1577 1973 1826 2010 humanarum
1851 1985 1944 2011 xxn.
1965 1985 2039 2011 nec
2059 1972 2162 2010 aliter
2195 1969 2265 2008 effe
2289 1972 2343 2009 di-

1297 2023 1457 2061 cendum
1480 2024 1614 2061 Plinius
1635 2032 1803 2061 autumat
1817 2054 1826 2069 ,
1856 2035 2048 2073 errareque
2072 2035 2135 2060 eos
2149 2052 2160 2068 ,
2187 2023 2250 2072 qui
2273 2028 2342 2060 Ta-

1296 2075 1378 2111 nais
1399 2076 1437 2112 in
1458 2083 1612 2123 paterno
1637 2075 1718 2112 casu
1740 2074 1925 2113 declinant
1939 2104 1950 2121 ‚
1978 2084 2019 2113 ut
2032 2074 2191 2114 Tiberis.
2234 2074 2343 2113 Haec

1302 2137 1348 2163 ex
1377 2125 1576 2164 Parrhasio.
1629 2127 1800 2164 CIOFAN.

1350 2189 1434 2227 243.
1448 2178 1639 2228 Peneusque
1642 2177 1780 2227 senex]
1796 2177 1995 2228 Peneosque,
2010 2178 2049 2214 δί
2061 2188 2152 2214 mox
2166 2204 2177 2220 ,
2192 2179 2346 2213 Maeam

1301 2228 1378 2264 dros
1401 2240 1469 2277 pro
1494 2229 1714 2274 Maeander,
1742 2230 1781 2266 δί
1802 2228 1954 2278 Alpheos
1972 2240 2039 2277 pro
2063 2227 2219 2277 Alpheus
2243 2227 2345 2265 casti·-

1299 2279 1456 2327 gatiores
1476 2307 1488 2324 ,
1526 2280 1565 2317 ἃ
1590 2280 1779 2316 Taenarius
1801 2284 1951 2316 Eurotas
1976 2308 1986 2324 ,
2024 2291 2101 2316 non
2138 2283 2344 2316 Taenareus.

1302 2331 1488 2372 Ταινάριος
1511 2330 1672 2367 Graecis.
1695 2329 1845 2379 Alpheos
1868 2341 2020 2379 quoque
2044 2329 2141 2378 apud
2164 2331 2346 2367 Senecam

1302 2380 1464 2425 Medea,
1493 2383 1532 2418 ὃς
1554 2381 1605 2418 bis
1628 2381 1794 2431 Thyeste
1815 2381 1987 2430 scriptum
2010 2380 2346 2432 inoptimismem-

1301 2431 1422 2473 branis
1445 2440 1556 2469 exta-t.
1584 2432 1799 2470 Hfimsms.

1354 2495 1439 2531 243.
1468 2481 1826 2533 Teuthranteztfiyue]
1864 2482 2047 2521 Plutarch.
2077 2481 2123 2518 de
2155 2480 2274 2519 Flum.
2305 2483 2345 2521 in

1304 2534 1421 2571 Caico
1444 2541 1618 2572 montem
1645 2533 1920 2571 Teuthrantem
1935 2563 1945 2577 ‚
1974 2532 2038 2582 qui
2057 2531 2144 2569 huic
2157 2531 2270 2570 fluvio
2283 2533 2349 2570 ad-

1301 2585 1402 2634 jacet
1425 2613 1436 2629 ‚
1485 2592 1683 2622 memorat.
1704 2584 1764 2621 alii
1783 2585 1827 2621 ab
1838 2584 1927 2620 urbe
1940 2584 2071 2620 volunt
2093 2581 2245 2620 dietum.
2275 2583 2347 2622 Sed

1301 2635 1383 2672 urbs
1417 2635 1632 2671 Teuthrania
1664 2634 1772 2670 dicta.
1803 2645 1867 2671 rex
1879 2645 1969 2671 vero
1983 2633 2129 2682 Mysiae
2142 2634 2345 2681 Teuthras,

1304 2685 1402 2721 unde
1423 2683 1695 2727 Teuthrantiu5;
1724 2683 1784 2720 sed
1807 2685 1845 2723 &
1867 2686 2117 2730 Tevspx‘vwog
2137 2685 2288 2723 Graecis
2309 2688 2350 2727 in

1303 2734 1368 2771 usu
1389 2733 1492 2771 fuiffe
1516 2746 1561 2772 ex
1582 2734 1658 2771 hoc
1689 2734 1776 2772 loco
1812 2735 1952 2785 colligit
1975 2734 2173 2773 Holstenus
2195 2736 2242 2774 ad
2267 2737 2347 2779 Ste-

1306 2786 1417 2835 phan.
1437 2785 1476 2822 in
1497 2785 1702 2828 Τευθρανῖκ.
1727 2785 1995 2826 Rumpimus.

1359 2848 1441 2882 244.
1470 2840 1517 2872 Et
1550 2836 1632 2873 celer
1663 2836 1848 2887 Ismenos.]
1890 2840 1962 2876 &c
2005 2839 2226 2888 Erymanthi
2246 2840 2349 2880 fluvii

1304 2887 1422 2924 ‚etiam
1448 2887 1694 2925 Callimachus
1715 2889 1887 2926 meminit
1906 2890 2053 2939 hymno
2066 2890 2101 2926 in
2112 2891 2262 2937 Jovem.
2276 2892 2347 2929 Sed

1306 2938 1407 2974 hunc
1428 2938 1522 2975 inter
1554 2938 1755 2977 Arcadicos
1785 2940 1970 2987 recenset,
2008 2952 2088 2978 non
2117 2942 2349 2989 Phocenses,

1301 2988 1357 3027 his
1380 2989 1519 3027 verbis:
1941 3022 1944 3023 γ

1355 3047 1710 3093 Α’λλόἰὶπωΛεὶΣων
1733 3057 1851 3102 μέγας
1871 3053 2004 3104 ἔίρξεεν,
2033 3057 2102 3097 033⁵
2124 3054 2325 3105 Ἑρύμκνθος

1353 3104 1589 3147 Λευκάτατος
1610 3110 1782 3150 ποταμῶν
1796 3137 1805 3153 ,
1829 3111 1900 3148 δεῖ.

1336 3165 1449 3220 .Q¹.¹0
1473 3167 1582 3213 paeto
1606 3169 1644 3205 &
1665 3169 1854 3210 Pausanias
1869 3202 1879 3217 ,
1909 3175 1948 3210 δε
1971 3173 2172 3222 Stephanus
2186 3205 2196 3222 ,
2219 3178 2258 3215 ὃ(
2275 3177 2348 3215 Pli-

1306 3225 1386 3251 nius
1408 3225 1497 3253 item
1523 3217 1569 3254 de
1592 3220 1727 3257 eodem
1756 3224 1974 3261 meminere.
2014 3226 2142 3263 Oritur
2162 3236 2285 3265 autem
2300 3241 2346 3267 ex

1301 3273 1434 3306 monte
1458 3267 1620 3316 ejusdem
1652 3272 1814 3312 nominis
1846 3274 2105 3326 Erymantho,
2133 3279 2171 3317 ὃς
2191 3279 2228 3318 in
2249 3278 2346 3316 As0÷

2254 3340 2345 3377 pum
