2483 3616
182 175 329 244 gozo
700 136 1255 207 P.OV1D11

1321 134 1862 198 NASONIS

425 324 429 327 ff
481 264 671 327 Cauffa
693 264 871 339 prior,
907 258 1223 330 crimenque
1246 264 1394 326 patet
1416 252 1524 309 fine
1551 252 1683 310 teste
1706 250 2024 327 probat'um‚'
2058 268 2061 269 ⁷

487 339 769 418 Squalidus
792 333 858 390 ad
885 332 1117 406 Superos
1141 328 1334 384 tollens
1357 342 1479 382 reus
1503 343 1599 380 ora
1624 344 1947 402 manusque,

489 417 545 472 O
570 415 654 471 cui
677 413 759 483 jus
783 408 921 462 coeli
952 406 1031 462 bis
1059 409 1148 461 lex
1174 402 1353 459 fecere
1378 399 1619 463 laboreS,

376 498 448 565 ‘40
487 489 589 547 Fer
614 500 834 559 precor,
873 481 1076 554 inquit,
1115 493 1317 548 opem:
1356 490 1479 528 nam
1509 485 1569 527 tu
1595 469 1725 525 mihi
1748 472 1983 530 criminis
2006 468 2207 529 auctor.

429 560 433 562 ’
494 561 623 618 Mos
653 570 764 613 erat
796 555 1071 628 antiquus,
1111 550 1278 606 niveis
1306 546 1541 619 atrisque
1568 542 1752 616 lapillis
1771 580 1790 607 ,

491 631 600 691 His
629 632 880 686 damnare
908 645 1055 690 re03‚
1095 621 1195 680 illis
1219 621 1494 678 absolvere
1519 618 1725 690 culpae.

487 707 653 763 Nunc
676 720 894 777 quoque
921 701 988 755 fic
1012 700 1116 755 lata
1140 695 1216 752 est
1241 694 1500 751 sententia
1525 691 1684 747 tristis
1709 707 1722 744 ε
1764 692 1818 743 ὃς
1841 688 2017 745 omnis

492 778 744 837 Calculus
767 774 1035 832 immitem
1060 769 1366 830 demittitur
1390 781 1504 823 ater
1527 766 1586 823 in
1610 779 1816 822 urnam.

2106 850 2175 904 45
2211 835 2364 908 Quae

206 995 334 1038 dixiffe
360 989 524 1044 respee’tu
554 988 620 1034 ’τῆς
647 988 943 1036 δευτερολογίοις,
970 997 1086 1037 quam
1110 968 1264 1024 vocant.
1314 981 1371 1021 Ita
1391 979 1504 1020 etiam
1526 977 1712 1017 Meurfius
1730 973 1909 1015 emendat
1927 972 2096 1024 Spicileg.
2113 972 2161 1013 ad
2170 971 2372 1018 Theocritl

210 1052 389 1090 Micvu..
420 1046 455 1082 Si
482 1044 562 1093 quis
581 1041 796 1087 attenderit,
827 1043 853 1079 is
875 1051 945 1080 una
969 1049 1121 1076 mecum
1139 1037 1262 1086 leget,

207 1113 248 1141 ut
278 1115 316 1138 ue
329 1097 468 1150 perat-‘la
490 1101 592 1142 causa
602 1093 693 1140 fuit.
719 1105 804 1132 nam
830 1104 927 1142 quae
949 1090 994 1128 de
1006 1087 1264 1136 δευτερολογίςι

209 1165 230 1192 a
262 1160 365 1190 erunt
397 1150 636 1195 interpretes,
664 1144 827 1182 remedia
855 1145 934 1182 sunt
968 1141 1020 1179 nil
1049 1141 1190 1178 malum
1212 1140 1263 1177 le-

209 1204 346 1243 vantia.
374 1199 480 1237 TAN.
508 1197 653 1235 FABfin.
682 1196 763 1234 Lib.
777 1208 824 1234 11.
854 1194 1026 1244 Epist.69
1066 1188 1268 1240 Causaviri

209 1254 357 1293 volebat
380 1248 572 1294 Heinsius,
595 1257 634 1287 ut
657 1258 750 1286 vers.
769 1259 847 1294 ¹04.
876 1257 944 1295 pro
967 1244 1150 1287 virorum,
1173 1241 1265 1293 prio-

212 1318 292 1344 rum
316 1301 476 1341 volebat.

265 1367 323 1404 37.
352 1352 562 1402 crimenque
577 1349 738 1399 patens]
781 1348 824 1387 In
856 1346 992 1386 eodem
1013 1345 1075 1384 lib.
1103 1344 1266 1383 Crimen·

211 1420 276 1458 que
290 1416 397 1455 patet.
429 1404 597 1440 CioFAN.
630 1407 731 1438 Patet
756 1400 940 1438 meliores.
968 1398 1114 1435 Hiems.

270 1457 330 1506 38·
359 1454 511 1493 Tendens
543 1467 617 1490 reas
652 1451 751 1502 ora.]
783 1451 932 1489 Retstius
951 1450 1111 1488 omnino
1135 1448 1269 1497 legitur

195 1509 248 1547 ‘in
281 1519 395 1552 me0‚
424 1506 528 1543 Farn.
559 1503 638 1542 Urs.
666 1503 823 1553 Capran.
852 1504 945 1541 item
967 1502 1005 1539 in
1024 1500 1085 1538 lib.
1107 1498 1291 1546 Gifanii‚'

213 1559 347 1599 tollens.
377 1560 546 1596 CIOFAN.

268 1622 326 1659 39.
356 1615 386 1646 O
409 1608 505 1657 cujus
526 1605 653 1645 coelum
676 1604 726 1642 bis
748 1604 813 1654 sex
826 1607 959 1652 fecere,
987 1601 1086 1651 wc]
1127 1601 1170 1639 In
1191 1613 1270 1640 uno

214 1660 386 1699 Vatican.
407 1661 444 1697 ὃ(
467 1661 502 1696 in
524 1670 587 1695 ora
608 1658 665 1694 lib.
691 1656 830 1694 Fames.
853 1655 981 1692 eadem
1006 1665 1120 1691 manu
1141 1652 1211 1697 est,
1241 1658 1273 1689 Ο

214 1722 255 1750 tu
278 1725 377 1761 quem
400 1709 558 1747 celebrem
583 1706 730 1757 bissex,
761 1719 833 1747 (rc.
863 1707 952 1744 Non
971 1705 1051 1743 satis
1072 1703 1163 1740 mihi
1187 1715 1274 1751 pro-

216 1763 334 1801 batur.
373 1763 540 1799 Muretus
568 1759 769 1808 legendum
802 1757 948 1796 censet:
979 1762 1009 1792 O
1042 1755 1172 1803 cuijus
1193 1753 1275 1791 coeli

215 1811 291 1855 bis,
319 1824 391 1854 (π.
419 1811 634 1850 Verisimilis
654 1809 859 1848 admodum
876 1807 1112 1857 conjectura,
1141 1814 1181 1843 ut
1193 1805 1274 1843 sunt

216 1876 350 1904 omnes
365 1893 375 1909 ,
402 1874 498 1913 quae
517 1862 562 1900 ab
583 1863 661 1912 ejus
682 1860 849 1910 fingulari
868 1860 1019 1909 ingenio
1039 1856 1276 1907 proficiscun-

215 1924 288 1956 tur,
317 1914 474 1964 Vulgata
500 1921 624 1950 autem
643 1912 755 1951 ledlio
780 1911 886 1961 plane
904 1911 1050 1948 barbara
1065 1908 1124 1947 est.
1155 1908 1275 1945 IDEM.

219 1972 252 2004 0
273 1967 370 2016 cujus
388 1963 551 2003 celebrem
568 1963 698 2001 Oxon.
719 1966 756 2001 ὃς
778 1975 871 2002 unus
897 1962 1035 2000 Medic.
1065 1966 1096 1996 O
1111 1970 1152 1997 tu
1172 1972 1275 2009 quem

216 2017 378 2055 celebrem
398 2014 578 2053 Arondel.
599 2015 636 2052 &
656 2014 786 2052 decem
808 2014 880 2051 alii.
911 2019 940 2049 O
962 2024 1001 2050 tu
1021 2025 1129 2060 quam
1143 2013 1277 2048 caelum

220 2080 315 2108 uuus
334 2067 441 2107 Basil.
471 2067 576 2114 Lege
598 2076 683 2103 cum
708 2065 863 2103 Mureto
882 2064 920 2100 &
941 2064 1148 2110 Scaligero,

273 2126 304 2157 O
324 2118 378 2156 cui
396 2119 454 2164 jus
473 2116 552 2155 coeli
572 2114 622 2153 bis
636 2117 701 2163 sex
711 2117 823 2161 fecere
844 2113 986 2151 labores.

222 2170 272 2212 fic
282 2183 344 2221 jus
363 2171 481 2218 facere
496 2167 562 2218 fibi
585 2166 740 2204 nummis
759 2164 906 2202 videndi
927 2166 965 2200 in
981 2162 1114 2209 Fastis,
1140 2173 1195 2200 vx.
1215 2174 1277 2211 ις.

276 2224 349 2267 Jus
371 2221 436 2258 tibi
446 2219 560 2269 fecisti
581 2230 711 2255 numen
732 2215 865 2263 caeleste
886 2213 1047 2252 videndi.

222 2271 282 2311 Τὸ
311 2271 438 2310 coelum
469 2270 592 2308 aberat
622 2268 642 2306 ὲ
673 2269 780 2318 prim.
814 2268 908 2316 Reg,
942 2265 1039 2315 cujus
1079 2263 1208 2302 coelum
1236 2262 1275 2300 in

223 2323 401 2374 Bernegg.
421 2322 441 2360 a
464 2333 578 2359 manu
601 2328 676 2358 erat
692 2319 888 2358 recentiori
905 2344 915 2361 ,
942 2317 1092 2365 antiqua
1102 2315 1275 2362 scriptura

223 2375 353 2413 abrasa.
387 2372 673 2420 christophorus
694 2370 847 2408 Bulaeus
860 2396 872 2414 ,
900 2367 988 2406 teste
1003 2366 1140 2404 Alardo
1155 2367 1275 2402 Com-

225 2426 412 2483 mentariis
439 2427 477 2464 in
505 2423 588 2462 Val.
609 2422 810 2467 Flaccum,
845 2431 914 2470 pro
932 2419 1045 2466 fecem
1070 2415 1275 2467 reponebat

223 2489 348 2515 vicere.

279 2533 311 2564 Ο
331 2528 426 2576 cujus
444 2524 574 2564 coelum
594 2523 646 2562 bis
659 2525 723 2572 sex
745 2522 857 2561 vicere
877 2520 1021 2559 labores,

229 2577 276 2616 de
305 2577 506 2616 duodecim
527 2575 697 2614 Herculis
715 2574 898 2613 laboribus
926 2573 1057 2610 omnia
1075 2577 1166 2610 nota
1181 2569 1277 2608 sunt.

230 2627 331 2666 unde
359 2630 387 2666 is
415 2628 559 2665 Nonno
589 2625 852 2668 ὃνωὸεκάεθλος
883 2622 1013 2663 dietus.
1047 2620 1210 2660 emenda
1240 2621 1280 2658 in

230 2677 433 2717 transcursu
460 2678 619 2716 Plinium
641 2678 680 2714 in
710 2677 891 2726 Panegyr.
921 2686 999 2724 cap.
1012 2685 1092 2712 xxv.
1120 2677 1278 2710 Tantam

232 2727 504 2766 admirationem
545 2728 600 2763 tui
641 2740 712 2763 non
743 2725 816 2776 fine
855 2725 1007 2777 quodam
1043 2725 1167 2762 timore
1201 2735 1281 2759 con-

234 2778 338 2829 cepit,
366 2788 542 2827 quamam
567 2778 626 2814 ille
650 2778 785 2826 genitus
816 2777 913 2824 Jove
937 2775 1007 2825 post
1026 2775 1150 2825 „scaevos
1183 2773 1280 2810 labo-

236 2843 287 2869 res
324 2829 483 2877 duraque
533 2826 676 2876 imperia
723 2828 792 2875 regi
828 2828 893 2875 suo
928 2827 1122 2863 indomitus
1150 2824 1283 2874 semper

235 2879 481 2929 indefiffusque
515 2876 693 2923 referebat.
738 2878 802 2914 ubi
833 2876 980 2915 codices
1010 2876 1085 2913 duo
1115 2884 1283 2918 veteres,

236 2943 332 2984 quos
352 2929 542 2973 consului,
564 2927 633 2977 post
644 2928 743 2975 finos
761 2926 901 2963 labores.
916 2938 987 2964 nec
998 2925 1128 2964 dubito
1147 2925 1185 2962 in
1206 2925 1284 2962 aliis

238 2993 393 3035 quoque
413 2978 548 3028 scriptis
569 2976 835 3025 exemplaribus
852 2976 950 3024 legi,
977 2975 1080 3024 quod
1091 2984 1217 3013 tamen
1227 2975 1283 3012 in-

239 3042 441 3081 terpretum
469 3029 587 3068 nullus
606 3027 814 3066 admonuit.
842 3026 1098 3075 retingendum
1120 3036 1283 3074 nempe,

234 3086 306 3137 post
327 3084 379 3122 bis
392 3082 491 3134 senos
513 3080 652 3117 labores.
681 3078 811 3116 Senec.
833 3077 948 3116 Herc.
969 3076 1055 3116 Fur.
1076 3075 1184 3125 1282,

293 3155 414 3197 Ingens
434 3154 512 3196 opus
528 3143 642 3182 labore
659 3142 710 3181 bis
719 3141 802 3192 seno
819 3140 982 3192 amplius.

241 3199 468 3249 agamemn.
489 3197 575 3234 812.

296 3255 388 3286 Tuus
405 3249 462 3285 ille
484 3248 535 3285 bis'
544 3248 627 3296 seim
647 3244 775 3284 meruit
794 3242 907 3281 labore

287 3300 408 3350 allegi
430 3298 513 3352 coelo
534 3311 680 3350 magnas
696 3295 853 3336 Alcida„
885 3294 1036 3341 HEmsg.

1316 1044 1353 1083 p,
1379 1044 1461 1079 142..
1480 1029 1556 1069 vid.
1575 1029 1622 1068 ad
1640 1029 1744 1077 Eleg.
1762 1029 1800 1066 in
1823 1025 1928 1066 Drus.
1950 1037 2008 1073 54.

1372 1095 1433 1133 39.
1461 1087 1526 1119 Sex
1554 1082 1668 1128 fecere
1704 1077 1872 1129 laboren]
1923 1076 2095 1115 Herculis
2126 1075 2269 1115 labores
2293 1077 2374 1127 epis

1320 1142 1527 1185 grammate
1547 1132 1613 1171 illo
1628 1161 1639 1177 ,
1666 1131 1770 1182 quod
1793 1128 1963 1169 nonnulli
1985 1127 2189 1167 adscribunt
2201 1127 2372 1168 Ausonio

1323 1187 1435 1226 Gallo
1459 1214 1469 1231 ,
1516 1182 1686 1222 nonnulli
1719 1180 1811 1220 vero
1843 1179 2090 1229 virgilianum
2119 1177 2191 1217 effe
2220 1179 2377 1226 volunt,

1325 1239 1578 1277 continentur.
1615 1236 1707 1273 Sunt
1740 1234 1777 1270 ὃ(
1808 1233 1873 1282 qui
1903 1232 2068 1269 neutrius
2089 1227 2159 1268 effe
2178 1229 2378 1271 affirment.

1322 1290 1406 1340 Ego
1424 1298 1618 1337 tamquam
1638 1296 1717 1323 non
1737 1283 1888 1323 insuave
1909 1281 2127 1332 ponendum
2148 1280 2213 1320 hic
2230 1281 2344 1322 duxi:

1375 1354 1501 1392 Prima
1519 1351 1681 1390 Cleonaei
1701 1349 1852 1388 tolerata
1871 1360 2045 1386 aerumna
2067 1347 2198 1386 Leonis.

1373 1405 1547 1443 Proxima
1570 1409 1760 1440 Lernaeam
1774 1403 1871 1448 ferro
1890 1411 1934 1440 v·
1945 1401 2027 1447 face
2037 1398 2195 1437 contudit
2208 1395 2383 1448 Hydram2

1377 1463 1467 1494 Mox
1490 1453 1795 1505 Erymanthaeum
1814 1454 1872 1489 vis
1892 1450 1998 1489 tertia
2009 1449 2156 1501 perculit
2179 1456 2334 1500 Aprum.
2377 1445 2382 1449 ’

1380 1506 1555 1558 AEripedis
1573 1516 1698 1557 quarto
1721 1503 1807 1543 tulit
1829 1516 1937 1541 aurea
1959 1514 2088 1540 cornua
2110 1501 2230 1539 Cervi.

1379 1557 1643 1608 Stymphalidas
1657 1555 1787 1605 pepulit
1807 1554 1960 1591 volucres
1980 1552 2180 1601 discrimine
2200 1550 2355 1603 quinb'loq'

1381 1610 1577 1647 Threiciam
1590 1609 1690 1658 sexto
1704 1605 1873 1656 spoliavit
1896 1609 2088 1641 Amazona
2106 1602 2229 1641 balteo.
2331 1602 2336 1603 ⁷

1380 1661 1531 1709 Septima
1549 1660 1587 1697 in
1607 1663 1751 1707 Augeae
1766 1655 1914 1705 stabulis
1936 1654 2089 1703 impensa
2109 1652 2247 1692 laboris,

1381 1714 1523 1749 ossava
1543 1709 1677 1759 expulso
1699 1716 1911 1745 numeratur
1929 1705 2055 1742 adorea
2079 1710 2192 1742 Tauro
2204 1719 2219 1743 τ

1383 1768 1426 1799 In
1451 1761 1644 1798 Diomedeis
1662 1759 1812 1796 victoria
1832 1770 1925 1794 nona
1942 1754 2133 1805 quadrigis.

1383 1818 1537 1861 Geryone
1551 1811 1713 1859 exstine't'o
1732 1809 1905 1846 decimam
1926 1808 1989 1845 dat
2010 1806 2121 1844 Iberia
2134 1804 2322 1856 palmam}

1382 1865 1612 1901 Undecimum
1625 1861 1724 1899 mala
1739 1860 1960 1911 Hesperidum
1972 1858 2138 1906 distracta
2148 1855 2386 1906 triumphum}

1382 1915 1551 1953 Cerberus
1570 1914 1718 1952 extremi
1735 1915 1896 1961 suprema
1916 1910 1960 1957 est
1979 1919 2075 1947 meta
2094 1906 2232 1946 laboris.

1332 1967 1456 2006 Exstat
1487 1968 1525 2005 &
1546 1967 1591 2005 de
1609 1967 1679 2004 hac
1700 1976 1738 2002 re
1759 1963 1883 2001 Boe'tii
1901 1959 2138 1997 Phaleucium
2160 1969 2309 1997 carmen
2329 1957 2385 1997 le-

1332 2019 1573 2067 pidiffimum.
1619 2017 1772 2053 Horum
1793 2012 1965 2049 omnium
1986 2010 2153 2048 laborum
2171 2008 2290 2049 sextus
2313 2009 2385 2049 fuir

1333 2071 1528 2107 maximus.
1557 2067 1704 2105 Plautus
1724 2066 1760 2102 in
1782 2062 1953 2111 Epidico.
1975 2073 2018 2098 11.
2039 2073 2069 2098 1.
2088 2072 2125 2108 9.

1385 2119 1440 2156 oh
1452 2118 1628 2161 Hercules,
1637 2130 1691 2164 ego
1694 2115 1770 2163 sui,
1782 2115 1868 2150 dum
1879 2111 1944 2149 illa
1955 2124 2090 2150 mecum
2093 2110 2184 2160 fuit.-
2190 2123 2298 2162 neque
2300 2110 2387 2162 [εκη

1461 2181 1501 2207 la
1520 2180 1693 2206 aerumnl

1382 2220 1552 2258 Acerbior
1573 2216 1737 2261 Herculi,
1766 2213 1878 2266 quaint
1898 2212 1962 2251 illa
1980 2212 2071 2251 mihi
2089 2211 2132 2261 est
2150 2211 2292 2262 objecla.

1331 2272 1438 2312 Idem
1461 2272 1498 2309 in
1519 2268 1777 2308 Menaechmis
1800 2280 1808 2304 z
1839 2279 1865 2303 1.
1886 2277 1948 2304 11-1.
1974 2266 2029 2302 16.

1383 2323 1420 2361 Si
1437 2335 1506 2359 non
1516 2321 1629 2370 saltas
1643 2349 1654 2365 ‚
1675 2322 1773 2369 exsue
1792 2318 1922 2367 igitur,
1956 2314 2065 2353 nimio
2076 2328 2130 2364 ego
2140 2314 2233 2352 hanc
2239 2313 2387 2364 periculo

1380 2373 1539 2423 Surripui
1567 2372 1665 2409 hodie
1679 2388 1689 2408 .-
1719 2383 1792 2408 meo
1813 2367 1952 2420 quidem
1971 2367 2114 2411 animo,
2138 2365 2184 2403 ab
2202 2366 2387 2417 Hippolyta

1453 2424 1696 2474 succingulum

1379 2476 1492 2515 Haud
1501 2474 1636 2512 Hercles
1647 2486 1754 2523 aeque
1764 2485 1886 2521 magno
1896 2481 2068 2518 umquam
2076 2467 2224 2505 abstulit
2229 2466 2392 2517 pericula.¹

1336 2528 1464 2578 Atque
1486 2527 1561 2564 hoc
1580 2525 1697 2573 ipsum
1718 2524 1848 2561 annuit
1871 2521 2032 2559 Ovidius
2049 2519 2170 2568 ipsein
2184 2519 2294 2567 Epist.
2306 2530 2389 2556 xxx.

1340 2591 1422 2627 115.
1460 2576 1544 2616 cum
1588 2574 1787 2624 significare
1823 2573 1936 2611 vellet
1966 2570 2165 2619 Cydippen
2195 2568 2316 2607 dicere
2339 2567 2387 2606 ab

1336 2630 1507 2668 Acontio
1537 2627 1629 2665 nihil
1660 2625 1834 2674 praeclari
1859 2622 1919 2660 sed
1950 2620 2156 2660 effeminati
2175 2618 2386 2668 praestitum

1336 2680 1407 2719 efl’e
1420 2695 1432 2725 ;
1461 2678 1628 2727 nihilque
1647 2676 1752 2726 quod
1775 2686 1859 2712 cum
1881 2685 1952 2718 eo,
1979 2670 2083 2722 quod
2102 2668 2282 2707 Hercules
2301 2681 2390 2708 om.

1334 2734 1440 2772 nium
1466 2728 1760 2776 maximumjam
1774 2724 2017 2773 praestiterat,
2042 2718 2391 2767 compararipoffer.
2472 2739 2474 2742 >

1387 2779 1543 2833 Improbe
1562 2779 1715 2875 (inqisilit)
1738 2776 1824 2828 quid
1840 2774 1969 2824 gaudes
1983 2798 1995 2816 ‚
2017 2779 2082 2807 aut
2103 2770 2387 2821 quaetihigloria

1432 2837 1438 2841 “
1482 2842 1487 2848 ·
1532 2840 1616 2868 arta
1634 2843 1650 2864 e
1689 2838 1704 2866 ἒ

1437 2841 1585 2933 Qeiliive
1606 2879 1666 2915 vir
1688 2877 1780 2923 elusa
1800 2873 1934 2922 virgine
1952 2871 2068 2908 laudis
2089 2869 2220 2910 habes?

1387 2940 1469 2973 Non
1489 2946 1542 2980 ego
1561 2929 1779 2974 constiteram
1790 2925 1932 2973 sumpta
1951 2922 2083 2972 peltata
2094 2923 2236 2970 secure,

1441 2981 1571 3032 Qalis
1589 2980 1628 3016 in
1652 2973 1977 3023 lliacoPenthefilea
1991 2972 2076 3021 βία.
2295 2979 2297 2981 ’

1390 3034 1522 3072 Nullus
1544 3029 1746 3067 Amazonio
1765 3025 1914 3062 caelatus
1937 3024 2070 3060 balteus
2089 3034 2197 3067 auro,

1444 3085 1539 3121 Sicut
1556 3081 1600 3118 ab
1620 3080 1802 3128 Hippolyta
1817 3075 1946 3126 praeda
1964 3073 2080 3111 relata
2099 3072 2167 3110 tibi
2182 3072 2240 3121 est.

1339 3137 1404 3176 De
1424 3134 1595 3172 Herculis
1615 3129 1795 3167 laboribus
1815 3124 1938 3176 paullo
1958 3126 2060 3163 aliter
2075 3123 2247 3163 Albricus
2263 3125 2388 3175 philo-'3

1339 3187 1474 3238 sophus
1494 3186 1539 3223 de
1559 3180 1782 3230 Imaginibus
1802 3178 1986 3216 Deorum.
2013 3176 2183 3214 Clonii.
2387 3199 2393 3205 ,
2459 3180 2462 3184 ’
2480 3160 2483 3168 '

1392 3252 1450 3285 40.
1478 3243 1540 3274 Fer
1560 3231 1712 3284 precor.]
1741 3237 1828 3274 Fer,
1854 3238 1957 3279 pater
1975 3228 2051 3266 duo
2069 3226 2158 3264 librii
2188 3227 2385 3275 &funeris
2458 3225 2483 3276 ’·“,

1334 3292 1458 3340 auelor
1477 3298 1572 3330 uuus
1588 3282 1731 3337 Medic3
1749 3282 1810 3335 alii
1828 3280 1981 3333 quidam
1991 3305 2008 3327 ,
2031 3277 2197 3318 muneris.
2302 3334 2351 3370 Μ
2454 3295 2457 3330 3

2215 3339 2278 3377 41.
2349 3343 2386 3377 og
