2483 3616
0 3184 4 3320 1

357 118 2236 222 METAMoRPHosEoNmew'mU

247 296 347 332 120
384 278 535 351 Quid
561 275 805 331 meruere
829 273 1019 338 boveS,
1055 272 1247 328 animal
1271 272 1377 326 fine
1405 267 1592 324 fraude
1617 266 1891 339 dolisque,

384 351 704 412 Innocuum,
744 347 989 418 simplex,
1023 359 1208 401 natum
1236 345 1463 398 tolerare
1488 341 1721 396 labores?

385 423 673 476 Immemor
699 421 773 475 est
799 420 1020 475 demum
1037 459 1051 481 ,
1091 435 1191 472 nec
1217 416 1431 486 frugum
1456 431 1679 468 munere
1704 412 1922 484 dignm,

385 492 700 573 Qui-potuit
726 493 876 548 curvi
900 493 1088 547 demto
1113 488 1282 544 modo
1307 486 1549 559 pondere
1575 487 1731 541 aratri

387 565 702 621 Rurlcolam
726 565 953 621 maetare
977 565 1127 620 suum
1152 581 1164 618 :

1203 561 1296 634 qui
1321 559 1446 613 trita
1474 557 1654 612 labore

245 656 339 706 125
373 636 488 700 Illa,
526 639 717 710 quibus
743 639 902 693 toties
927 638 1122 692 durum
1147 642 1497 690 renovaverat
1521 647 1734 692 arvum,
1802 658 1805 661 <

387 710 506 764 Tot
534 711 757 766 dederat
782 709 994 775 meffe3‚
1033 705 1285 781 percuflit
1309 705 1444 758 colla
1473 701 1659 756 securi.

386 783 503 837 Nec
531 782 647 838 satis
669 785 743 838 est
760 822 776 846 ‚
812 782 964 855 quod
989 783 1092 836 tale
1117 780 1262 836 nefas
1287 775 1644 831 committitur
1669 791 1680 827 :
1721 772 1857 843 ipsos

385 854 698 927 Inscripsere
724 856 873 910 Deos
898 855 1079 909 sceleri
1103 872 1115 908 ε
1163 866 1471 922 numenque
1497 849 1781 918 supernum

391 926 575 981 Caede
599 928 868 983 laboriferi
894 927 1123 981 credunt
1149 922 1383 996 gaudere
1404 921 1633 993 juvenci.

246 1023 343 1068 130
384 997 617 1056 Vietima
643 1000 757 1055 labe
782 1015 996 1062 carenS‚
1035 999 1091 1052 δε
1117 994 1547 1069 praestantissima
1571 992 1774 1054 forma,

395 1071 558 1143 (Nam
582 1071 827 1146 placuisse
852 1073 1040 1141 nocet)
1066 1070 1208 1126 vittis
1235 1068 1514 1141 praefignis
1543 1066 1596 1120 &
1621 1081 1779 1127 aum,

99 1286 259 1327 ducimus
278 1301 420 1337 agnam.
447 1287 496 1327 ita
516 1288 615 1327 enim
637 1287 784 1326 codices
802 1286 933 1326 vetusti
953 1287 1084 1336 majori
1098 1298 1144 1325 ex

98 1348 224 1388 parte,
251 1352 330 1378 non
346 1339 529 1377 caedimus.
558 1351 649 1378 mox
659 1339 758 1378 idem
774 1339 899 1388 Satyra
913 1367 924 1385 ,
951 1351 1024 1378 xxx.
1041 1350 1121 1376 112.

583 1405 736 1443 ducatur
755 1404 803 1441 ad
819 1417 901 1442 aras
913 1433 924 1450 ‚

150 1460 199 1493 Et
220 1457 323 1494 cadat
345 1467 428 1496 ante
444 1458 532 1496 lares
551 1457 707 1495 Gallitae
725 1456 874 1493 viffiima
888 1454 977 1505 fida.

101 1518 180 1556 duci
217 1522 330 1559 etiam
362 1521 575 1560 dicebantur
609 1532 732 1559 noxae
768 1520 894 1558 dediti.
942 1518 1070 1556 Paulus
1100 1518 1146 1555 L.

97 1581 203 1608 xxvi.
223 1571 271 1610 D.
285 1573 332 1610 de
352 1573 574 1611 Noxalibus:
597 1572 632 1609 Si
652 1571 787 1619 absente
806 1570 943 1608 domino
965 1570 1087 1606 duetus
1098 1567 1147 1616 fit

94 1621 245 1668 servusj
270 1623 328 1660 vel
345 1623 452 1661 etiam
468 1624 651 1673 praesente.
681 1623 784 1660 Idem
809 1623 991 1660 L.xxxx1.
1011 1622 1060 1659 D.
1080 1631 1145 1657 eo-

100 1670 187 1727 dem
213 1685 221 1708 z
261 1679 293 1709 Is
315 1674 375 1722 qui
404 1675 441 1711 in
462 1674 577 1711 aliena
593 1673 751 1723 potestate
769 1673 834 1720 est,
853 1671 886 1721 fi
905 1684 1034 1709 noxam
1055 1684 1145 1707 com-

100 1720 221 1770 mtfiffl
240 1723 400 1769 dicatur,
421 1723 457 1774 fi
481 1739 548 1763 non
567 1724 795 1768 defendatur,
823 1723 973 1760 ducitur.
1001 1723 1039 1760 δί
1063 1722 1146 1759 alibi

99 1782 178 1827 non
202 1772 325 1812 semel.
353 1776 482 1824 quibus
506 1778 542 1813 in
559 1776 633 1824 jus,
655 1775 713 1812 vel
735 1776 771 1812 in
795 1774 938 1812 vincula
950 1773 1148 1811 subintelli-

99 1829 219 1871 gltur5
251 1833 291 1861 ut
322 1825 368 1863 de
397 1827 583 1864 funeribus
607 1854 617 1871 ‚
654 1825 699 1862 ad
730 1837 860 1874 rogum
891 1825 949 1862 vel
967 1824 1012 1862 ad
1030 1822 1145 1871 sepul-

101 1883 218 1928 erum.
251 1876 449 1931 quomodo
479 1877 697 1925 capiendum
728 1876 816 1914 illud
847 1874 954 1913 Persii
977 1903 987 1919 ,
1036 1873 1142 1910 Nerio

97 1934 176 1969 μνη
200 1933 304 1962 terna
324 1926 464 1963 ducitur
480 1941 578 1964 uxor.
607 1928 644 1965 id
663 1927 711 1964 est
731 1926 889 1965 effertur.
916 1925 1002 1964 vide
1024 1936 1143 1963 anno-

106 1977 178 2008 tata
199 1972 370 2021 superiori
389 1977 480 2014 libro
503 1977 556 2020 sss.
577 1978 660 2023 746.
688 1978 835 2014 I-lmus.

160 2033 241 2067 117.
270 2030 377 2073 Inque
401 2028 540 2063 tuendos
563 2037 689 2065 natum
712 2026 906 2075 hominen]
937 2026 1145 2074 Bernegge-

48 2087 55 2092 ·
104 2071 204 2116 rius,
252 2074 389 2120 primus
437 2076 671 2121 Bafileenfis,
712 2078 801 2115 alter
838 2077 1109 2124 Hamburgicus
1134 2105 1145 2121 ‚

106 2132 198 2158 unus
228 2123 388 2179 Moreti,
416 2125 593 2164 Palatinus
624 2140 737 2172 unus,
765 2129 868 2178 inque
887 2127 1042 2176 tegendos
1068 2133 1144 2162 Na-

103 2180 180 2227 tum
200 2171 363 2211 hommes.
381 2175 477 2222 apud
498 2176 708 2216 Vitruvium
730 2179 821 2216 libro
836 2190 996 2227 x.cap.1.
1010 2178 1055 2215 de
1067 2178 1143 2214 Ve-

102 2222 186 2260 stitu
208 2236 215 2260 :
250 2230 328 2261 Non
359 2226 455 2261 medo
485 2239 617 2273 corpora
636 2230 770 2275 tegendo
791 2239 932 2273 tuetur,
952 2229 1016 2276 sed
1034 2227 1142 2263 etiam

102 2283 246 2310 ornatus
278 2275 402 2323 adjicit
429 2277 648 2324 honestatem.
675 2278 807 2316 Cicero
827 2280 920 2318 libro
940 2292 966 2316 1.
996 2277 1142 2315 Tuscu·

98 2323 171 2360 lan.
187 2329 287 2380 'Tum
309 2326 498 2363 multitudo
520 2328 690 2376 pecudum
705 2329 836 2376 partim
848 2331 895 2364 ad
911 2328 1115 2378 vefiendum
1132 2356 1142 2372 ‚

95 2381 231 2431 partem
265 2378 312 2412 ad
335 2377 469 2413 cultum
490 2391 672 2426 agrorum,
698 2378 829 2428 partim
852 2379 899 2414 ad
921 2380 1142 2422 vehendum,

96 2432 231 2483 partlm
250 2428 298 2463 ad
309 2428 483 2475 vestienda
497 2441 642 2478 corpora.
672 2430 714 2466 In
726 2428 918 2467 Cataletstis
932 2430 1142 2467 Pithoeanis

97 2476 243 2522 Judlmo
264 2479 345 2516 coci
368 2481 405 2516 &
428 2480 587 2528 pistoris:

152 2526 368 2585 Pythagora-s
379 2531 496 2579 populo
515 2531 618 2579 nefitis
640 2544 726 2581 quae
737 2530 889 2579 suaserit
909 2530 990 2568 olim
1003 2540 1018 2569 ,ἒ

153 2582 189 2612 St
201 2579 373 2635 jugulans
393 2595 493 2626 oves,
522 2583 608 2631 quid
618 2583 704 2626 erit,
732 2582 823 2632 quod
834 2581 957 2628 vestiat
971 2608 983 2625 ,
1009 2580 1144 2630 inquit?

154 2632 372 2685 Horrtferum
394 2643 512 2668 contra
537 2639 665 2670 Borean
686 2647 761 2670 ovts
779 2646 882 2669 arma
906 2633 1087 2681 ministret.

103 2686 207 2734 tegere
234 2688 345 2718 etiarn
376 2683 625 2722 Tertullianus
646 2685 692 2721 de
716 2684 827 2721 Pallio
850 2684 939 2722 dixit
959 2697 967 2721 2
988 2682 1147 2731 *Ingenia

105 2728 331 2774 vesttficorum
354 2733 510 2780 primum
542 2735 679 2783 tegendo
699 2734 857 2778 homini,
877 2735 998 2771 deinde
1030 2746 1073 2773 <9⁴
1093 2747 1149 2770 or-

107 2779 223 2835 narzdo
247 2783 380 2836 'varias
406 2784 691 2822 indumentorum
712 2787 849 2831 fhrmas
873 2785 1149 2834 promulgavere.

108 2828 298 2885 Orientius
316 2833 354 2868 in
377 2834 686 2873 Commonitorio
701 2848 709 2871 :

157 2886 332 2937 Htrtaque
349 2881 517 2936 lanigerae
539 2886 709 2934 depefflens
728 2898 822 2934 terga
842 2886 991 2925 bidentis·

213 2931 380 2968 Mollibus
399 2933 587 2969 mvolucris
604 2937 721 2983 algida
741 2938 898 2974 membra
919 2939 1011 2987 tegis.

109 2981 310 3030 Vulgatam
332 2992 457 3020 tamen
478 2984 515 3019 in
541 2984 686 3021 Nasone
702 2989 911 3036 scripturam
933 3002 1011 3027 non
1035 2988 1150 3027 aufim

109 3031 311 3070 sollicitare.
338 3045 422 3070 nam
448 3035 488 3069 τὸ
507 3034 597 3069 tueri
615 3043 689 3070 tarn
712 3038 756 3072 ad
773 3039 915 3077 vietum
936 3039 1047 3089 quam
1061 3041 1152 3078 ami·

113 3082 212 3120 &um
236 3085 359 3121 referri
381 3084 495 3130 potest
509 3111 520 3127 ,
548 3096 633 3121 cum
657 3093 814 3132 utroque
834 3100 922 3126 oves
942 3092 1151 3129 humanum

111 3144 226 3183 genus
255 3135 409 3171 foveant
436 3145 478 3170 ac
508 3143 690 3172 tueantur.
738 3134 854 3172 IDEM.
890 3139 971 3184 Ego
1000 3142 1153 3190 tegendos

113 3182 264 3233 glossam
296 3187 359 3221 τοῦ
388 3185 528 3221 tuendos
558 3195 698 3232 putem.
737 3197 823 3222 nam
855 3186 953 3222 reete,
980 3193 1154 3237 explicuit

116 3236 276 3283 quisquis
295 3237 362 3272 fuit
381 3237 438 3272 ille
462 3235 672 3273 Scholiastes
694 3236 729 3272 in
744 3235 872 3273 codice
885 3237 1043 3282 Norico,
1057 3250 1154 3277 tuen-

119 3286 197 3329 dos,
223 3286 385 3373 {frigolrle
403 3296 535 3336 propter
556 3286 667 3325 lanas.
696 3286 742 3325 fic
764 3286 889 3334 Justin.
910 3286 971 3326 lib.
989 3299 1032 3327 11.
1052 3300 1078 3326 1.
1101 3296 1154 3327 Ita

252 3348 316 3374 om.
381 3363 390 3374 .

2099 1132 2241 1188 sisti-2

1201 1294 1240 1321 ut
1264 1297 1332 1321 non
1357 1283 1455 1322 modo
1469 1281 1605 1333 primae
1622 1292 1784 1329 generare
1799 1274 1975 1318 homines,
1995 1270 2057 1329 [ed
2075 1286 2115 1309 ne
2134 1273 2245 1309 adve-

1202 1349 1266 1372 nas
1295 1335 1434 1385 quidem
1463 1334 1602 1382 recipere
1623 1345 1664 1369 ac
1682 1331 1772 1369 tueri
1786 1329 1931 1379 possent,
1955 1336 2158 1380 przusquam
2180 1323 2245 1378 ad?

1201 1389 1321 1435 versus
1349 1386 1492 1423 calorem
1523 1384 1581 1420 vel
1592 1383 1708 1431 frigus
1725 1381 1926 1418 velamenta
1946 1385 2084 1423 corports
2105 1386 2246 1419 lavem-¹

1200 1448 1333 1475 rentur.
1361 1437 1446 1475 vide
1469 1437 1578 1474 etiam
1601 1435 1748 1472 Petron.
1771 1444 1848 1479 cap.
1869 1429 1923 1476 56.
1946 1427 2084 1484 buum..

1258 1500 1339 1526 120.
1369 1488 1446 1525 Sine
1477 1486 1601 1530 fraude
1637 1482 1824 1535 dolisque]
1869 1478 2018 1529 Doltque
2059 1488 2246 1513 mnocuum

1200 1552 1294 1578 unus
1315 1537 1515 1577 Leidenfis.
1545 1538 1690 1574 Hfims.

1256 1603 1334 1628 122.
1360 1596 1545 1626 Immemor
1568 1587 1610 1634 est
1632 1584 1813 1634 demum]
1844 1582 1903 1621 Tb
1926 1582 2064 1617 demum
2085 1578 2246 1634 minime

1200 1641 1331 1690 placet.
1351 1642 1389 1678 in
1414 1652 1490 1678 uno
1513 1639 1615 1676 Basti.
1633 1649 1699 1686 pro
1715 1635 1852 1674 diversa
1864 1632 2040 1675 teutone,
2054 1630 2191 1665 dtvum.
2207 1629 2246 1665 &

1199 1695 1248 1730 ita
1275 1692 1484 1741 conjecerat
1504 1689 1672 1728 Bochart.
1697 1689 1851 1726 Hieroz.
1869 1685 1930 1722 lib.
1949 1694 1998 1722 11.
2027 1693 2104 1730 cap.
2127 1692 2183 1729 32.
2211 1690 2248 1726 p.

1202 1755 1285 1792 315.
1314 1754 1384 1791 ego
1403 1742 1562 1790 legerem
1577 1768 1588 1785 ,

1256 1800 1438 1831 Immemor
1456 1791 1514 1829 ille
1534 1791 1663 1827 Deum.
1692 1789 1807 1827 IDEM.

1258 1857 1338 1894 123.
1365 1842 1534 1891 Aratri.]
1563 1841 1674 1889 Rastri
1697 1839 1800 1877 Leid.

1252 1908 1332 1943 124.
1359 1894 1557 1932 Ruricolam
1578 1895 1733 1929 mamre
1745 1885 1896 1938 suum]
1935 1884 2023 1922 Huc
2041 1880 2249 1937 speetatlex

1198 1945 1483 1985 Atheniensium
1497 1973 1506 1988 ‚
1544 1944 1646 1991 cujus
1667 1940 1840 1979 meminit
1858 1935 2026 1975 AEtianus
2047 1934 2134 1971 Var.
2157 1933 2249 1970 Hist⁰

1197 1998 1260 2035 lib.
1290 2010 1325 2035 v.
1359 2008 1436 2044 cap.
1473 2008 1527 2040 14.
1575 1995 1647 2030 Καὶ
1679 1994 1787 2027 τοῦτο
1816 1987 1856 2024 δὲ
1895 1985 1931 2029 ἦν
1970 1985 2249 2034 φυλαττόμενον

1200 2044 1285 2092 παρ’
1314 2047 1443 2088 αὐτοῖς.
1470 2046 1553 2087 βοῦν
1582 2044 1714 2089 ἀρότην
1745 2042 1807 2076 καὶ
1829 2040 1897 2074 ὑπὸ
1918 2036 2027 2083 ζυγὸν
2045 2035 2249 2074 πονήσαντα

1199 2103 1259 2138 σῦν
1281 2098 1441 2142 ἀρότρῳ,
1465 2092 1483 2140 ἰ),
1506 2095 1566 2131 aa}
1585 2098 1647 2131 σῦν
1669 2096 1711 2139 τῇ
1731 2088 1860 2136 ἀμάξῃ
1875 2115 1884 2130 ,
1910 2087 2001 2130 μηδὲ
2011 2087 2136 2122 τοῦτον
2151 2085 2248 2127 eoem,

1201 2150 1255 2186 ὅτι
1278 2148 1343 2185 καὶ
1363 2143 1461 2188 οὗτος
1481 2146 1534 2184 εἴη
1551 2140 1595 2180 ἂν
1617 2141 1772 2190 γεωργὸς
1786 2169 1796 2183 ,
1823 2140 1885 2174 καὶ
1915 2137 1950 2172 ἐν
1982 2136 2164 2181 ἀνθρώποις
2182 2147 2248 2189 ua-

1200 2202 1325 2242 μιίτων
1346 2197 1507 2237 κοινωνός.
1527 2197 1671 2233 Hfims.
1684 2193 1844 2231 Mauare
1858 2188 2071 2234 hovemJun.
2084 2188 2121 2225 ὃς
2140 2183 2249 2221 Leid.

1254 2278 1334 2314 125.
1362 2272 1504 2304 Durum
1537 2273 1774 2302 renovaverat
1800 2258 1972 2308 arvum]
2012 2263 2155 2294 Durum
2180 2270 2249 2293 an-

1200 2331 1285 2354 num
1310 2318 1420 2356 Palat.
1441 2319 1479 2354 δε
1502 2317 1620 2353 Boxh.
1638 2317 1767 2364 fragm.
1798 2314 1836 2350 &
1856 2313 1917 2350 alii
1939 2310 2083 2348 decem.
2107 2308 2247 2356 longum

1199 2369 1308 2416 prim.
1327 2368 1474 2407 Bonon.
1495 2367 1631 2404 nudum
1652 2378 1785 2403 arvum
1805 2364 1982 2413 quinque.

1254 2433 1335 2470 126.
1365 2436 1426 2470 Tot
1457 2433 1599 2469 dederat
1630 2429 1778 2480 messes]
1817 2434 1880 2465 Tot
1897 2427 2065 2464 dederant
2083 2425 2251 2462 cumtri-

1198 2483 1264 2521 bus
1292 2484 1388 2521 libris
1415 2483 1657 2520 scribendum.
1684 2491 1726 2519 ut
1757 2493 1844 2529 quae
1861 2477 2155 2524 subintelligatur.
2183 2474 2250 2512 nisi

1200 2535 1317 2622 gnavi}
1340 2561 1351 2579 ‚
1397 2538 1458 2570 Tot
1490 2533 1617 2570 tulerat
1649 2534 1772 2581 meffes.
1808 2530 1878 2569 tale
1908 2529 1957 2569 est
1991 2527 2082 2566 illud
2118 2529 2251 2573 juven.

1227 2597 1245 2622 a
1266 2614 1273 2622 ·
1320 2613 1328 2622 ·
1616 2644 1657 2671 ut
1679 2633 1816 2671 vitulus
1838 2632 1892 2668 bos

1256 2685 1332 2735 Qi
1349 2685 1483 2723 domini
1501 2685 1621 2723 cultris
1641 2696 1741 2722 tenue
1759 2696 1803 2724 (7⁹
1824 2680 2016 2731 miserabile
2037 2679 2163 2717 collum

1251 2737 1418 2782 Praebet,
1446 2736 1490 2773 ab
1509 2736 1644 2786 ingrato
1659 2737 1739 2785 jam
1750 2734 1933 2782 fastiditus
1948 2742 2078 2769 aratro.
2108 2732 2251 2768 Heius.

1260 2799 1343 2836 130.
1372 2786 1539 2837 Forma.]
1566 2793 1710 2824 Formae
1737 2786 1896 2824 malebat
1915 2783 2108 2824 Heinfiu5‚
2131 2789 2169 2816 ut
2187 2779 2248 2817 hb„

1206 2852 1262 2877 1x.
1284 2851 1369 2887 451.

1261 2901 1302 2938 13
1315 2902 1341 2926 1.
1373 2896 1473 2928 Nam
1488 2889 1645 2940 placuisse
1664 2886 1799 2936 nocet.]
1828 2887 1922 2931 Jam
1943 2881 2048 2934 multi
2065 2879 2156 2916 libri.
2172 2879 2246 2916 for-

1205 2948 1242 2979 te
1257 2969 1267 2986 ‚
1295 2950 1383 2977 tam.
1405 2950 1445 2979 ut
1467 2941 1571 2989 saepe
1590 2939 1673 2977 alibi
1697 2938 1768 2974 vid.
1786 2938 1886 2980 Eleg.
1903 2929 2065 2989 iiixDrus.
2083 2940 2141 2973 42.

1263 3003 1343 3041 131.
1373 2991 1476 3028 vittis
1492 2990 1674 3040 praefignis
1700 2997 1743 3024 ey
1762 2982 1883 3031 aura]
1915 2978 1969 3015 Ην
1989 2979 2047 3015 διὰ
2066 2977 2134 3016 δίο.
2163 2979 2248 3017 Hac

1207 3041 1320 3091 figura
1344 3042 1422 3080 usus
1444 3042 1492 3078 est
1510 3042 1621 3076 etiam
1639 3036 1697 3072 lib.
1721 3047 1784 3072 111.
1809 3029 2246 3082 cristispraefigniswauw

1207 3107 1255 3131 ro.
1292 3093 1458 3129 C1orAN.
1488 3085 1672 3135 Praefignis
1699 3084 1939 3131 castigatiores
1970 3092 2111 3118 omnes.
2136 3080 2248 3119 reue.

1208 3155 1285 3181 vox
1306 3154 1347 3178 ea
1378 3142 1415 3175 in
1436 3138 1572 3175 deliciis
1594 3136 1741 3173 Nostro.
1766 3135 1866 3173 Vide
1884 3134 2000 3171 Notas
2021 3131 2065 3169 ad
2086 3130 2194 3179 Epist.
2211 3143 2247 3169 ν.

1210 3193 1258 3229 fic
1279 3192 1317 3227 &
1340 3189 1431 3226 infra
1451 3188 1525 3224 hoc
1542 3186 1648 3224 libro,
1675 3187 1760 3223 611.

1435 3237 1567 3286 gemino
1583 3235 1769 3286 praefignia
1787 3244 1934 3285 tempora
1955 3247 2070 3271 cornu.

1211 3292 1355 3331 HEINS.
1385 3288 1553 3337 Vittisque
1573 3286 1710 3337 infignis
1730 3286 1830 3326 Basti.

1386 3339 1600 3377 Nunnnu
2037 3347 2116 3383 332x
2153 3342 2245 3383 (orea-
