2483 3616
302 137 1555 204 METAMoRPHosEON
1628 139 1774 198 Lm.
1835 144 2005 203 xin.
2126 144 2223 217 895

365 262 512 332 Quas
538 259 695 313 toties
717 256 917 328 patriae
944 254 1193 319 dederat,
1232 256 1502 329 natisque,
1541 255 1797 327 viroque,

224 352 329 404 490
365 333 515 388 Huic
541 347 759 402 quoque
783 329 873 382 dat
900 329 1166 390 lacrimas;
1207 330 1444 383 lacrimas
1468 329 1522 382 in
1547 329 1763 382 vulnera
1792 328 1993 385 fundit:

365 403 664 475 Osculaque
692 419 786 456 ore
813 401 941 473 legit
970 420 981 455 ε
1023 401 1380 473 consuetaque
1407 400 1619 473 pe&01·a
1641 401 1875 473 plangit:

365 475 746 546 Canitiemque
769 475 914 529 suam
938 486 1197 528 concreto
1222 474 1278 527 in
1301 473 1550 544 sanguine
1576 479 1821 537 verrem,

364 548 522 602 Plura
549 549 795 620 quidem,
830 547 917 601 sed
947 547 1003 601 δε
1027 546 1185 610 haec,
1223 546 1416 599 laniato
1444 545 1660 616 pesioie
1685 547 1849 602 dixit:

363 620 501 674 Nata
526 634 648 675 tuae
676 620 831 694 (quid
859 620 1001 674 enim
1024 617 1330 691 superest?)
1360 617 1517 671 dolor
1543 619 1727 672 ultime
1753 620 1935 684 matri,

214 712 318 765 495
357 693 526 756 Nata,
558 694 732 765 jaces:
773 693 1046 765 videoque
1072 707 1255 755 tuum,
1292 708 1409 744 mea
1434 691 1675 753 vulnera,
1712 694 1914 747 vulnuS.

370 766 484 830 En,
523 783 590 821 ne
618 766 948 838 perdiderim
973 781 1298 837 quemquam
1324 762 1431 817 sine
1454 763 1619 818 caede
1644 780 1922 829 meorum,

365 831 461 893 Tu
483 856 702 912 quoque
726 839 913 893 vulnus
937 838 1110 891 habes.
1149 849 1201 889 at
1230 849 1311 900 te,
1348 836 1471 908 quia
1496 836 1721 900 femina,
1758 835 1910 891 rebar

365 913 418 965 A
444 911 589 966 ferro
617 925 786 966 tutam
817 929 828 964 ε
869 908 1108 964 cecidisti
1136 908 1192 962 δε
1217 907 1414 963 femina
1440 910 1601 964 ferro,

361 983 588 1056 Totque
615 998 735 1039 tuos
761 983 907 1037 idem
934 982 1146 1041 fratres,
1188 994 1241 1034 te
1270 982 1504 1053 perdidit
1532 982 1679 1036 idem

219 1075 322 1127 500
361 1057 607 1113 Exitium
630 1054 862 1125 Trojae,
900 1054 1170 1126 nostrique
1198 1054 1443 1118 orbator,
1483 1054 1735 1109 Achilles.

363 1133 441 1185 At
469 1129 747 1202 postquam
775 1127 978 1182 Paridis
1008 1126 1206 1181 cecidit
1236 1126 1550 1200 Phoebique
1577 1127 1805 1198 sagittis;

362 1204 523 1257 Nunc
548 1203 728 1265 certe,
762 1200 906 1264 dixi,
945 1217 1055 1254 non
1083 1198 1157 1253 est
1182 1199 1507 1254 metuendus
1535 1201 1786 1256 Achilles,

365 1276 525 1330 Nunc
550 1293 768 1347 quoque
793 1277 867 1328 mi
894 1272 1215 1328 metuendus
1242 1285 1367 1326 erat.
1406 1273 1536 1327 cinis
1562 1273 1668 1345 ipse
1696 1274 1886 1345 sepulti

365 1347 424 1402 In
450 1366 615 1419 genus
639 1349 742 1402 hoc
771 1346 929 1400 saevit
951 1365 961 1400 :
1000 1346 1208 1400 tumulo
1233 1362 1455 1417 quoque
1483 1347 1729 1401 senlimus
1756 1347 1987 1402 hostem:

222 1442 323 1493 505
364 1420 623 1476 AEacidae
648 1420 878 1487 fecunda
902 1419 994 1473 fui.
1028 1419 1166 1490 jacet
1195 1418 1326 1472 Ilion
1352 1419 1537 1489 ingens
1565 1437 1576 1472 :

360 1495 683 1567 Eventuque
714 1493 860 1565 gravi
891 1492 1037 1548 finita
1066 1492 1139 1546 est
1163 1490 1371 1563 publica
1401 1490 1602 1546 clades:

2174 1568 2228 1624 Si

125 1716 210 1755 491.
238 1705 427 1757 Osculaque
448 1720 501 1744 ore
521 1707 642 1757 tegit.]
673 1709 764 1756 Legit
782 1707 849 1745 sec.
867 1705 1118 1744 Palaemon.
1175 1706 1252 1754 Qui
1277 1706 1314 1743 δε
1337 1705 1568 1756 conjecerat,
1597 1709 1683 1750 An,
1713 1719 1755 1743 ne
1768 1704 1977 1755 perdiderim
2000 1715 2075 1745 &a
2097 1706 2230 1744 vulnus

73 1766 191 1806 quart.
210 1758 347 1795 Medic.
368 1759 406 1796 &
427 1760 592 1808 quinque
613 1759 694 1802 alii,
724 1771 806 1796 curn
831 1758 1003 1806 Naugerii
1017 1756 1121 1793 codi-
1178 1756 1285 1793 habes
1300 1767 1314 1795 3

78 1807 188 1845 cibus.
215 1809 280 1857 egit
306 1807 394 1847 duo.
422 1820 467 1846 an
497 1809 598 1858 legere
626 1809 738 1858 oscula
755 1819 770 1848 ,ἕ
799 1817 838 1848 ut
869 1808 965 1856 apud
992 1807 1121 1856 Virgil.
1233 1820 1315 1855 500.
1343 1807 1501 1843 Exitium
1524 1806 1677 1856 Trojae.]
1707 1807 1899 1844 Excidium
1923 1807 1999 1844 duo
2022 1806 2119 1844 libri.

77 1870 132 1897 xv.
157 1858 241 1906 684.
1234 1869 1318 1908 503.
1349 1863 1443 1893 Tunc
1465 1871 1595 1908 quoque
1608 1856 1699 1908 mi.]
1732 1859 1833 1896 Libri
1846 1868 2012 1902 veteres,
2043 1871 2135 1895 nunc
2148 1872 2229 1909 quo-

126 1933 225 1942 —
253 1932 426 1969 extremo,
445 1921 480 1973 si
499 1923 575 1974 quis
587 1925 689 1974 super
710 1923 842 1962 halitus
861 1933 979 1969 errat,
1183 1923 1257 1958 qm·
1286 1910 1456 1964 C¹0Ff⁴¹f³·
2015 1958 2022 1965 .
2046 1958 2053 1964 .
2173 1961 2178 1967 .

132 1976 197 2006 ore
216 1972 335 2020 legam·
1237 1972 1320 2008 503.
1346 1958 1483 2008 Cmts.]
1523 1958 1634 1995 Habet
1661 1958 1721 1996 hoc
1755 1965 1948 1996 Montanus
1982 1971 2113 1996 vittam
2130 1989 2139 2004 ,
2169 1973 2227 1998 in-

1179 2012 1258 2060 quit
1283 2012 1443 2054 Seneca,
1483 2010 1743 2047 Controversia
1759 2010 1817 2047 28.
1837 2011 2030 2057 sententias
2045 2014 2229 2058 saasrepe-

1182 2061 1282 2098 tendo
1311 2060 1496 2108 corrumpit
1523 2088 1532 2103 ‚
1577 2072 1648 2099 eye.
1678 2060 1808 2108 solebat
1833 2062 1952 2109 itaque
1978 2066 2123 2097 Scaurus
2151 2075 2229 2097 eum

1183 2113 1278 2149 inter
1301 2120 1465 2148 oratores
1485 2111 1669 2148 Ovidium
1694 2122 1837 2148 vocare.
1893 2116 1988 2146 Nam
2010 2122 2053 2149 ω’
2080 2111 2231 2147 Ovidius

1185 2163 1291 2212 nescit
1314 2190 1324 2206 ‚
1370 2162 1460 2209 quod
1497 2161 1578 2197 bene
1615 2158 1750 2208 ceffit‚'
1776 2161 1975 2210 relinquere.
2039 2167 2130 2197 Cum
2171 2169 2236 2197 Ρο-

1185 2213 1312 2262 lyxena
1340 2212 1413 2260 eſjet
1440 2211 1614 2255 abduua,
1643 2223 1682 2247 ut
1712 2211 1759 2247 ad
1789 2211 1969 2247 tumulum
1994 2211 2144 2247 Achillis
2166 2213 2236 2248 im-

1186 2264 1401 2306 molaretur,
1429 2262 1566 2299 Hecuba
1587 2262 1703 2305 (lixit,
1731 2262 1818 2299 cinis
1838 2261 1912 2309 ipse
1928 2260 2104 2309 sepulchri
2119 2263 2236 2310 lnge-

488 2318 636 2356 ·,—³'·'
664 2315 789 2359 ”³3un
809 2303 857 2339 ad
881 2315 941 2340 ΟΜ
1186 2326 1254 2352 nus
1283 2315 1357 2352 hoc
1389 2322 1537 2362 pugnat.
1571 2322 1702 2362 poterat
1728 2311 1787 2347 hoc
1821 2321 1996 2348 contentus
2023 2313 2103 2359 effe,
2140 2314 2235 2361 adje-

132 2347 334 2392 Admwess
363 2358 468 2400 atque
486 2363 625 2388 ammae
637 2354 789 2400 fugfflm
808 2352 952 2401 Obsistere
975 2361 1101 2390 tentat.
1182 2365 1252 2407 cit;
1281 2365 1428 2403 tumulo
1449 2375 1601 2412 quoque
1620 2362 1791 2400 sensimus
1813 2362 1968 2399 hostem.
1998 2367 2070 2398 Nec
2086 2362 2146 2399 hoc
2157 2376 2234 2399 -son-

78 2422 132 2446 ore
160 2410 245 2458 petit
268 2410 418 2449 Thuaii.
447 2425 525 2450 non
551 2415 659 2452 male.
689 2415 763 2451 duo
787 2414 871 2458 alii,
898 2414 1004 2451 dedit.
1032 2426 1125 2452 unus
1183 2424 1298 2451 temus
1325 2414 1470 2462 adjecit;
1509 2413 1687 2450 AEacidae
1711 2412 1893 2450 foecunda
1928 2412 1993 2449 fui.
2049 2413 2233 2452 Ovidium

82 2030 121 2068 δὲ
150 2030 260 2079 >legere
288 2048 340 2070 ore
372 2036 534 2084 spiritum
565 2037 727 2075 Senecae
759 2037 922 2075 Hercule
953 2036 1125 2074 OEtaeo.

79 2083 277 2128 quomodo
297 2084 464 2132 frigentia
490 2087 636 2124 lambere
665 2088 804 2136 ascida,
843 2087 938 2135 apud
970 2088 1125 2124 Statium

81 2131 261 2178 Epicedio
286 2134 469 2172 Glauciae.
496 2137 612 2175 Poffet
633 2139 670 2175 ὅ(
695 2139 775 2174 terit
789 2139 946 2182 rescribi,
970 2137 1027 2175 sed
1048 2136 1127 2173 vul-

79 2189 205 2238 gatum
225 2183 374 2221 defendi
393 2187 526 2232 potest,
556 2196 728 2238 tanquam
743 2201 784 2226 os
802 2198 970 2237 opponat
984 2187 1128 2226 animae

79 2231 253 2280 fugienti.
282 2233 330 2273 sic
352 2235 413 2272 lib.
436 2248 506 2273 xii.
533 2250 614 2284 424,

79 2460 216 2508 Regius
231 2489 241 2505 ‚
268 2461 364 2509 regit.
391 2463 537 2501 Huius.
1183 2463 1299 2502 afferit
1325 2465 1377 2502 H.
1398 2463 1598 2511 Stephanus
1628 2464 1688 2500 lib.
1717 2463 1761 2500 de
1783 2463 1949 2506 Criticis,
1979 2463 2015 2499 &
2033 2462 2092 2509 Jo.
2114 2462 2234 2502 Passe-

131 2523 214 2558 492.
254 2513 430 2562 Verrens.]
479 2515 620 2563 Versans
660 2513 936 2561 septemdecim.
982 2514 1128 2550 volvens
1179 2515 1289 2552 ratius
1308 2515 1457 2562 praefat.
1486 2514 1524 2550 in
1545 2519 1738 2550 Armorum
1752 2513 1952 2558 Judicium.
1981 2513 2107 2551 FARN.

75 2573 182 2599 unus.
209 2576 348 2610 vergens
376 2563 463 2601 duo.
483 2577 622 2601 vertens
637 2564 707 2602 sex.
733 2564 771 2600 in
794 2564 937 2601 vulnere
957 2564 1128 2602 Gronov.
1234 2576 1317 2611 504.
1344 2565 1490 2601 Tumulo
1511 2577 1640 2614 quoque
1654 2562 1819 2613 senfimus
1832 2562 1996 2612 hostem.]
2029 2564 2229 2601 Urbium-

79 2612 118 2650 &
136 2612 347 2650 Bersinaiini
367 2614 436 2651 Ms.
457 2615 495 2651 in
518 2615 615 2653 deest
637 2615 833 2652 nonnullis.
1181 2614 1330 2652 mulum.
1357 2616 1396 2652 &
1426 2613 1531 2652 multi
1558 2625 1671 2660 mox,
1699 2614 1784 2651 cinis
1802 2614 1866 2663 ipse
1879 2613 2057 2663 ftpultus,
2084 2626 2150 2664 pro
2172 2620 2228 2664 Je-

127 2675 212 2710 494.
239 2663 366 2699 Ultime
383 2666 547 2713 matris]
581 2666 694 2702 Matri
711 2665 880 2702 Ambros.
903 2665 1045 2702 &unus
1062 2664 1131 2702 Pa·
1175 2664 1282 2714 palti.
1308 2664 1356 2703 fic
1373 2665 1490 2708 infra,
1518 2664 1603 2713 615.

76 2720 230 2751 tavinus.
266 2714 327 2751 sed
358 2715 527 2753 Gronov.
555 2716 593 2753 ὃς
621 2716 709 2753 odio
742 2716 815 2752 alii.
852 2715 992 2752 ultima.
1023 2715 1122 2764 prior

270 2764 276 2770 .
362 2765 368 2770 .
812 2766 817 2772 ,
1229 2729 1445 2780 Inferiaeque
1463 2729 1592 2766 cadum
1615 2727 1720 2766 cineri
1737 2738 1879 2779 cognata
1886 2728 2018 2778 septdte

78 2763 196 2801 Gron.
217 2777 293 2813 quis
314 2778 418 2802 emm.
438 2778 550 2814 quare
569 2765 684 2814 poffet
698 2767 734 2803 &z
747 2766 819 2813 legi
833 2793 843 2810 ,

134 2821 232 2850 Nata
250 2824 329 2851 tuae
341 2844 349 2859 ,
378 2817 468 2866 (quis
481 2818 572 2853 enim
576 2816 720 2866 superest
735 2816 843 2865 dolor)
861 2816 989 2853 ultima
1002 2816 1123 2855 matri.
1180 2785 1395 2882 &ss'rpofa‘
1448 2843 1455 2849 .
1480 2842 1486 2849 .
1771 2843 1778 2849 .

82 2865 227 2902 HHNS-
1278 2844 1370 2893 irgil.
1388 2842 1489 2880 Ceiri
1506 2842 1594 2880 loco
1617 2842 1890 2892 corruptlffimo
1907 2872 1918 2889 ‚

133 2928 202 2962 495
210 2945 216 2951 ·
247 2914 408 2965 Videoque
436 2930 550 2954 meum
577 2927 640 2954 tua
660 2917 812 2954 vulnera
826 2917 977 2967 [κῆαι]
1009 2923 1123 2955 Tuum
1230 2905 1289 2942 Uti
1310 2904 1435 2942 cineres
1452 2903 1599 2953 gaudete
1610 2902 1749 2953 sepulti,

87 2979 163 3004 mea
191 2966 341 3002 vulnera
369 2966 499 3003 vulnus
520 2968 734 3016 Bernegger.
756 2970 862 3006 Polit.
884 2971 920 3006 ὃ(
944 2968 1032 3006 osto
1054 2969 1124 3006 alii.
1180 2969 1311 3018 Virgil.
1332 2981 1385 3007 1v.
1415 2967 1575 3006 Aeneid.
1601 2979 1659 3016 34.
2100 3014 2104 3015 ⁷

85 3017 187 3066 qu⁰d
215 3018 343 3063 placet.
372 3018 522 3064 qnidam
544 3046 554 3062 2
590 3031 706 3054 meum
733 3028 796 3055 tua
815 3019 963 3056 vulnera
983 3019 1128 3057 vulnus.
1241 3020 1278 3056 Id
1300 3021 1445 3057 cinerem
1464 3029 1528 3055 aut
1548 3031 1667 3054 manes
1688 3016 1794 3054 credis
1810 3026 1928 3051 curare
1943 3011 2104 3061 sepultos.

87 3067 171 3110 alii,
198 3076 298 3103 tuam
320 3079 395 3102 mea
416 3067 564 3103 vulnera
585 3071 720 3115 pecias,
747 3071 828 3114 vel,
856 3083 971 3106 meum
992 3080 1055 3106 tua
1071 3079 1129 3118 pe·
1183 3070 1245 3109 sed
1267 3071 1368 3108 aliter
1396 3071 1533 3107 Seneca
1556 3069 1646 3105 haec
1666 3067 1846 3115 producit.
1875 3065 2020 3101 Hiems.
2057 3060 2156 3100 Cinis
2174 3059 2232 3110 ille

89 3119 181 3153 &ora
201 3117 342 3155 vulnus.
368 3117 521 3165 sedquia
532 3130 619 3155 mox
633 3117 813 3165 sequitur,
841 3126 893 3156 Tu
905 3134 1036 3171 quoque
1047 3120 1130 3157 vul·
1186 3122 1355 3159 Francos.
1378 3122 1415 3157 ὃ(
1439 3119 1541 3156 multi
1561 3118 1632 3155 alii.
1661 3120 1785 3154 Senec.
1806 3114 1944 3161 Oedip.
1968 3112 2049 3152 106.

91 3179 156 3204 nus
175 3167 274 3204 habes
288 3198 297 3214 ‚
326 3174 415 3216 puto
434 3167 658 3205 scribendum
680 3168 753 3204 hoc
772 3168 858 3204 loco
871 3197 882 3212 ,
1240 3172 1303 3209 1lle
1315 3199 1325 3215 ,
1352 3170 1412 3208 ille
1432 3170 1527 3205 dirus
1549 3167 1669 3207 callidi
1691 3165 1830 3215 monstri
1849 3165 1932 3204 cinis

266 3220 431 3267 videoque
451 3229 552 3254 tuum
570 3231 645 3255 mea
660 3220 786 3262 funera
797 3218 922 3263 funus.
951 3221 1067 3257 ΙΒΕΜ.
1244 3228 1286 3257 In
1311 3234 1370 3256 nos
1387 3219 1540 3256 rebellat.

143 3271 224 3318 496.
252 3275 294 3305 Et
321 3269 398 3319 ne]
437 3273 493 3307 En
522 3281 563 3307 ae
594 3268 769 3317 Bernegg.
800 3268 839 3307 ὃς
861 3268 990 3318 placet.
1020 3270 1136 3311 lunii.
1194 3270 1267 3322 Sed
1289 3270 1532 3318 Troad.957-
2224 3314 2231 3320 .

197 3326 293 3372 gem.
326 3325 373 3359 Η.
1455 3320 1631 3358 Xxxxx
2188 3320 2250 3353 Ci-
