2483 3616
315 162 1557 233 METAMORPHOSEON
1631 167 1783 228 Lm.

1860 171 1941 230 ΙΙΙ.

2088 190 2183 225 221

491 329 636 376 ΕΑΒ.
684 326 864 375 VIII.
911 325 1013 374 IX.
1060 344 1138 375 ET
1183 328 1249 376 X.
1297 328 1751 380 ARGUMENTA.

215 497 342 544 Idem
366 492 511 541 Liber
532 493 669 538 Pater
693 492 741 538 in
763 493 980 539 Puerum.
1025 492 1263 557 Tyrrheni
1288 508 1453 543 nautae
1490 503 1504 522 ²
1528 497 1577 543 in
1602 512 1736 545 naves
1761 495 1809 544 &
1834 496 1851 523 ¹³
1876 497 1990 545 Del-

472 556 647 621 phines.
691 558 924 605 Pentheus
959 557 1182 605 Echionis
1208 558 1328 606 filius
1352 567 1367 586 ⁰
1403 560 1690 609 dilaceratur.

100 718 120 749 ‘³
140 724 313 769 Acoez‘es
324 719 595 782 supradiffus
624 721 772 766 Liberi
796 735 951 778 comes,
988 720 1104 780 cujus
1116 717 1201 780 sub
1224 722 1403 783 imagine
1428 722 1552 769 Deus
1576 724 1794 782 latuerat,
1829 727 1845 747 ⁶
1868 723 2031 769 eludens
2055 724 2171 770 Pen-

38 787 168 847 thea,
197 786 212 812 f
229 787 392 833 indicat
422 787 534 846 regi,
570 787 670 846 quia
704 787 769 830 im
804 790 822 817 g
844 787 1026 846 exigeret
1047 818 1063 842 ,
1098 800 1240 830 nomen
1257 786 1460 849 genusque
1496 790 1606 833 artis
1629 786 1736 848 sum
1763 805 1778 832 .·
1825 787 1879 838 {9³
1905 798 2068 849 quanm
2103 791 2173 836 vis

38 854 287 912 adpuruerit
322 853 366 896 in
401 851 584 908 Libero,
620 866 696 910 quo
720 860 898 910 tempore
923 860 1067 907 petens
1090 851 1275 895 Naxum
1299 853 1350 895 in·
1380 850 1609 910 flyirhenos
1632 850 1650 876 ἢ
1673 854 1909 899 inciderat:
1943 856 1996 898 ub
2031 854 2096 899 his
2131 870 2173 898 e-

36 920 124 963 nim
157 914 164 941 ¹
182 925 353 977 propler
387 914 588 963 eximium
603 914 960 978 pulchritudinem
995 912 1012 940 k
1037 924 1182 974 captus
1197 928 1276 974 pro
1304 917 1488 974 praedii,
1523 915 1530 941 ¹
1556 919 1766 978 impofitus
1800 920 1994 979 navigio.
2021 920 2094 979 qui
2125 927 2174 963 ut

87 1111 257 1151 Vinxerat
277 1114 321 1152 es?
335 1111 404 1162 post
425 1122 518 1162 terga
540 1112 677 1149 manus.

41 1161 98 1199 Sic
121 1163 160 1200 &
183 1162 311 1199 Livius
332 1163 390 1199 lib.
416 1176 469 1200 ιν.

92 1219 225 1249 Manus
242 1213 309 1263 post
330 1224 461 1262 tergum
484 1212 612 1249 vinciri
623 1210 760 1260 jubent.

39 1263 208 1300 exous.
234 1263 364 1311 Ligatis
384 1263 556 1311 plerique.
584 1262 732 1310 Opinor
752 1268 877 1299 autem
899 1261 1072 1310 proxime

35 1313 249 1363 sequentem
270 1312 411 1350 versum
425 1312 495 1350 effe
516 1312 771 1349 adulterinum.
793 1313 937 1349 Hrms.
969 1314 1076 1350 Con-

36 1363 139 1402 flatus
169 1363 311 1400 videtur
332 1374 376 1400 ex
408 1363 456 1400 vs.
480 1362 565 1411 696.
596 1363 681 1399 Ger.
711 1363 857 1400 Voffius
887 1362 1076 1412 adscripse-

34 1422 90 1452 rat
123 1413 270 1452 Ciofani
299 1413 395 1451 notis
420 1442 431 1459 ‚
462 1413 574 1450 malle
597 1413 632 1450 se
662 1413 826 1450 revim‘lis
850 1441 861 1459 ‚
907 1414 993 1463 quia
1027 1425 1073 1451 eo

31 1464 151 1503 modo
172 1465 282 1501 Maro
307 1476 340 1501 T.
362 1464 520 1502 Aeneid.

88 1515 238 1562 Pastores
258 1515 407 1552 aderant
429 1514 589 1552 manibus
605 1514 675 1565 post
697 1526 790 1565 terga
813 1514 990 1553 revim‘iis.

34 1565 163 1611 ,Credo
186 1564 373 1614 respexisse
394 1565 440 1603 ad
465 1566 609 1614 Virgilii
630 1567 688 1603 lib.
708 1579 753 1603 11.
779 1578 836 1615 57.

85 1621 169 1653 Ecce
188 1629 314 1652 manus
324 1616 490 1665 J'uvenem
512 1617 641 1652 interea
657 1616 726 1665 post
747 1627 841 1666 terga
868 1616 1065 1653 revincium

89 1666 241 1714 Pastores
259 1679 386 1714 magno
404 1667 452 1702 ad
483 1681 589 1715 regem
614 1667 759 1704 clamore
782 1667 980 1704 trahebant.

35 1715 109 1755 Sed
131 1726 258 1767 parum
279 1717 389 1753 refert
409 1729 455 1754 an
487 1718 622 1766 ligatis,
650 1717 709 1754 vel
739 1718 903 1754 revineiis
924 1717 1076 1766 legatur,

34 1779 123 1805 cum
173 1766 356 1816 utriusque
393 1766 495 1805 verbi
526 1768 695 1816 exempla
732 1767 778 1806 ad
809 1779 964 1805 manum
997 1767 1075 1806 sint.

31 1817 109 1864 vid.
131 1830 158 1855 1.
180 1818 315 1855 Amor.
337 1830 383 1855 11.
407 1829 464 1868 31.
495 1818 709 1856 BURMANN.

86 1868 169 1918 576.
197 1868 378 1917 Tyrrhend
392 1869 520 1918 geme]
553 1869 717 1918 Raphae'l
736 1870 888 1919 exponit
918 1869 1040 1908 Tusca
1064 1882 1074 1909 :

36 1930 109 1968 ego
131 1919 258 1956 malim
287 1918 432 1967 Lydia,
458 1920 517 1957 vel
550 1920 659 1969 Lyda
680 1932 889 1969 exponere,
916 1920 1075 1970 sequitur

38 1971 139 2007 enim
160 1970 284 2006 pat-ria
305 1971 466 2007 Maeonia
489 1970 555 2017 est,
581 1971 617 2008 id
640 1971 688 2008 est
721 1972 842 2021 Lydia
865 1999 877 2016 ,
912 1972 1014 2020 quod
1044 1973 1075 2009 i-

35 2018 123 2057 dem
155 2019 314 2057 Thuscia
345 2021 507 2069 exponit.
555 2021 840 2070 Tyrrhenorum
872 2034 975 2059 enim
1005 2034 1076 2059 no-

36 2081 129 2107 men
152 2071 262 2107 etiam
293 2070 331 2107 in
352 2070 438 2108 Asia
458 2070 561 2109 fuiffe
584 2080 674 2119 puto
699 2073 772 2108 ἆπό
795 2074 857 2108 τοῦ
879 2074 991 2118 ‘tufo-Gi
1005 2101 1015 2118 ,
1037 2072 1075 2111 id

38 2118 91 2156 est
121 2120 239 2168 densus
269 2134 292 2156 a
321 2121 476 2158 caedibus
503 2129 544 2158 ut
582 2122 738 2171 Dionys.
770 2123 929 2160 Halicar.
956 2123 1015 2161 lib.
1047 2136 1075 2161 1.

38 2169 206 2217 exponit,
229 2178 337 2218 atque
357 2171 443 2209 inde
467 2171 512 2209 ab
533 2172 707 2210 Homero
729 2173 874 2222 hymno
907 2174 1039 2222 quinto
1064 2201 1075 2218 ,

38 2219 140 2258 unde
163 2220 318 2257 Ovidius
342 2222 460 2271 aliqua
489 2234 534 2260 ex
563 2231 663 2272 parte
690 2223 786 2261 hanc
817 2222 991 2271 accepiffe
1021 2225 1076 2261 fa-

41 2268 165 2307 bulam
189 2270 564 2316 videtur,Tvpenvoo;
584 2282 749 2311 vocatos.
777 2273 854 2322 Ipse
876 2273 1076 2323 Dionysius

37 2328 150 2368 negat
182 2319 398 2369 Tyrrhenos
429 2333 451 2358 a
478 2323 592 2371 Lydis
622 2325 777 2361 colonos
807 2323 878 2361 esse
900 2353 910 2369 ,
945 2337 1077 2374 quam-

38 2381 154 2419 quam
176 2370 250 2407 hoc
271 2370 360 2407 nihil
382 2370 427 2407 ad
443 2371 543 2409 hunc
561 2373 689 2410 locum
708 2376 849 2413 attinet.
874 2376 1075 2413 nominum

31 2428 167 2465 ,tamen
188 2419 356 2458 confusio
378 2420 531 2466 mansit,
557 2423 692 2472 quippe
713 2424 758 2461 de
782 2426 931 2472 Lycaba
951 2426 1076 2474 postea

33 2470 162 2515 ilicet,
190 2471 250 2520 qui
282 2473 387 2519 Tusca
405 2471 521 2520 pulsus
553 2472 596 2508 ab
616 2473 697 2509 urbe
719 2474 877 2510 Exilium
900 2476 979 2511 dira
998 2485 1076 2525 poe-

37 2534 125 2559 nam
138 2531 202 2570 pro
221 2522 320 2557 caede
350 2521 464 2558 luebat
490 2550 500 2567 ,
527 2521 593 2559 nisi
623 2523 701 2572 quis
722 2523 796 2560 hoc
828 2523 873 2560 de
905 2525 1010 2561 exule
1039 2526 1078 2563 in

36 2571 156 2608 aliena
195 2571 348 2620 regione
387 2572 498 2609 etiam
531 2574 665 2610 merito
707 2573 846 2611 dietum
889 2575 1079 2613 existimet.

38 2622 248 2659 GLAREAN.
275 2622 350 2659 Alii
368 2621 412 2659 de
435 2622 557 2671 Lydia
574 2631 685 2672 gente
703 2623 902 2673 intelligere
924 2621 1078 2671 maium,

39 2672 218 2721 quoniam
245 2671 426 2722 sequitur,
454 2673 580 2710 Patria
612 2675 775 2710 Maeonia
798 2675 844 2724 est
864 2703 875 2719 ,
912 2676 952 2712 ὅτ.
982 2676 1076 2714 infra

34 2721 127 2760 libro
158 2731 288 2772 quarto
311 2723 465 2760 Maeonii
495 2732 676 2761 vocantur
701 2732 834 2761 nautae
855 2753 866 2769 ‚
891 2737 983 2774 quos
1012 2726 1075 2763 hic

34 2770 255 2822 Tyrrhenos
275 2773 372 2810 dicit.
398 2773 546 2811 Deinde
569 2775 607 2811 ὃς
638 2774 719 2812 alifis
757 2775 855 2824 Lydi
876 2771 1075 2822 notantur,

40 2830 82 2859 ut
112 2822 240 2859 molles
262 2824 300 2860 &
322 2823 520 2861 mulierofi.
543 2825 666 2873 quales
696 2826 830 2862 Bacchi
858 2828 1013 2864 comites
1034 2829 1074 2865 &

39 2871 189 2909 ministri
210 2872 404 2922 finguntur.
452 2874 523 2911 Sed
550 2875 710 2923 Regium
742 2875 896 2913 moviffe
919 2877 1075 2922 videtur,

40 2920 145 2968 quod
169 2922 379 2971 Tyrrheni,
408 2923 521 2961 Italici
550 2925 740 2970 videlicet,
767 2938 844 2963 non
875 2927 1009 2975 Lydii,
1038 2941 1075 2966 re

42 2971 186 3024 nautica
207 2973 359 3010 celebres
381 2974 539 3011 fuerunt.
565 2975 713 3014 Deinde
733 2976 835 3025 quod
858 2978 931 3026 ipse
952 2978 1080 3016 Acoe-

41 3026 96 3055 tes
116 3020 208 3057 mfra
237 3022 452 3072 Tyrrhenus
481 3024 525 3062 ab
554 3026 689 3063 eodem
723 3027 839 3064 Poeta
870 3028 1078 3076 appellatur.

42 3068 93 3106 Et
112 3067 299 3110 Homerus
320 3074 357 3111 in
389 3074 551 3123 hymno,
577 3075 638 3113 ubi
666 3077 822 3114 eandem
846 3078 940 3115 hanc
974 3080 1076 3117 fabu-

41 3119 116 3157 lam
137 3119 287 3164 trastat,
312 3122 518 3171 simpliciter
548 3126 737 3174 Tyrrhenos
758 3136 869 3164 vocat
889 3129 956 3165 hos
987 3142 1076 3167 nau—

41 3177 95 3206 tas
120 3197 130 3224 ⁵.
158 3166 180 3204 a
213 3170 339 3226 quibus
369 3173 531 3211 Bacchus
563 3184 686 3223 captus
715 3177 768 3214 sit.
816 3179 941 3225 Quare
974 3181 1076 3228 quod

41 3227 154 3268 patria
177 3218 394 3273 Maeonium
424 3223 459 3260 se
479 3225 566 3261 dicit
597 3226 758 3262 Acoetes
785 3255 793 3269 ‚
822 3229 879 3264 vel
912 3228 1082 3276 simplici-

40 3277 95 3306 ter
117 3268 417 3318 intelligendum,
442 3273 513 3313 hoc
548 3275 596 3313 est
617 3303 635 3321 ,¹
656 3283 696 3312 ut
727 3276 764 3313 in
798 3277 919 3326 Lydia
941 3288 1045 3317 natus
1069 3308 1080 3326 ‚

2060 984 2178 1028 vidit

1130 1117 1240 1160 atque
1282 1111 1369 1149 inde
1409 1111 1454 1149 ad
1483 1110 1703 1161 Tyrrhenos
1741 1112 1927 1161 profeetus
1966 1111 2175 1160 accipiatur.

1131 1161 1205 1198 Vel
1227 1173 1274 1199 eo
1300 1162 1532 1200 referendum
1548 1191 1558 1207 ‚
1586 1164 1688 1212 quod
1710 1164 1898 1213 Tyrrheni
1919 1162 1939 1200 {1
1964 1163 2080 1211 Lydis
2101 1163 2177 1200 ori—

1129 1212 1256 1260 ginem
1286 1221 1427 1251 traxere
1451 1242 1461 1257 ,
1500 1212 1593 1250 duce
1616 1215 1817 1262 Tyrrheno
1846 1214 1883 1250 in
1913 1213 2054 1250 Italiam
2087 1212 2175 1250 inde

1128 1262 1286 1310 profetfti
1310 1292 1320 1307 ‚
1358 1271 1399 1300 ut
1427 1264 1644 1301 Herodotus
1673 1264 1802 1300 scribit.
1834 1263 2174 1311 Quemadmodum

1131 1314 1170 1350 &
1191 1313 1364 1362 Virgilius
1396 1314 1563 1363 Lydium
1583 1326 1736 1352 amnem
1758 1313 1903 1351 Tibrim
1935 1314 2025 1351 dixit
2047 1343 2057 1359 ,
2094 1326 2178 1353 nors

1130 1364 1217 1412 quia
1246 1364 1284 1401 in
1308 1364 1429 1414 Lydia
1461 1364 1547 1402 effet
1571 1393 1581 1409 ,
1606 1365 1667 1402 sed
1697 1365 1800 1414 quod
1831 1363 1851 1401 ὲ
1881 1364 1996 1413 Lydis
2029 1365 2176 1403 oriundi

1132 1414 1357 1463 Tyrrheni,
1392 1415 1466 1452 five
1489 1415 1802 1464 Hetrusei,juxta
1836 1426 1922 1451 eum
1954 1415 2178 1453 habitarent.-

1130 1465 1353 1503 chrttus.
1388 1466 1449 1502 De
1472 1466 1675 1515 Tyrrhenis
1696 1466 1815 1503 fabula
1844 1465 1936 1502 haec
1963 1466 2175 1514 accipienda

1131 1516 1191 1553 est.
1234 1517 1333 1554 Nam
1354 1518 1392 1554 8<
1412 1517 1584 1565 Myrtilus
1606 1517 1757 1554 Lesbius
1777 1545 1788 1560 ,
1825 1515 2042 1564 Tyrrhenos
2063 1529 2178 1565 pecu-

1129 1566 1262 1604 liariter
1277 1567 1483 1616 Delphinos
1496 1567 1693 1616 appellatos
1706 1566 1809 1604 fuiffe
1830 1565 1968 1611 scribit,
1983 1567 2031 1604 ob
2050 1568 2178 1616 pirati-

1131 1629 1212 1654 cam
1227 1618 1360 1655 scilicet
1374 1646 1384 1663 ,
1399 1619 1436 1655 &
1449 1618 1659 1655 dominium
1673 1619 1792 1655 maris.
1823 1618 1949 1665 Atque
1960 1618 2046 1655 hinc
2059 1618 2178 1656 Grae-

1132 1679 1195 1705 cos
1217 1669 1417 1714 fabulatos,
1443 1669 1548 1717 quod
1569 1669 1606 1705 in
1629 1668 1814 1717 delphinas
1836 1667 1932 1705 versi·
1949 1668 2177 1718 fue1·int,qui

1130 1719 1283 1756 navibus
1304 1719 1488 1764 alludant,
1516 1719 1555 1755 ὅς
1572 1718 1626 1755 his
1657 1719 1745 1757 socii
1773 1719 1872 1757 fiant.
1913 1719 2018 1756 IDEM
2056 1720 2095 1757 in
2124 1733 2177 1757 re-

1131 1770 1408 1807 ΐνιιὲἱαῑίοηὶὂιις.

1182 1829 1197 1847 a
1226 1827 1267 1857 In
1289 1819 1435 1870 nawa]
1465 1820 1520 1858 Ita
1542 1831 1629 1857 cum
1660 1819 1744 1857 MS.
1777 1820 1816 1857 &
1836 1820 1995 1856 Veneta.
2032 1820 2092 1859 sed
2123 1820 2181 1859 le-’

1129 1870 1292 1919 gendum
1316 1871 1354 1907 in
1374 1885 1458 1908 aves
1471 1900 1482 1916 ‚
1507 1871 1593 1909 vide
1614 1870 1789 1908 adnotata
1809 1869 1928 1908 nostra
1946 1869 1991 1909 ad
2012 1871 2178 1910 fabulam-

1130 1922 1244 1959 istam.
1273 1922 1497 1960 Muucrfin.

1183 1972 1200 1998 b
1226 1972 1450 2023 Delphines.]
1480 1971 1666 2022 Delphinos
1685 1973 1808 2010 Parm.

1182 2030 1199 2050 c
1225 2023 1492 2073 Damnatum]
1522 2023 1744 2061 Dilaceratus
1764 2024 1888 2061 Parin.

1186 2072 1204 2100 d
1227 2074 1411 2124 Acoeten]
1440 2074 1593 2111 Bacchus
1611 2074 1680 2123 sub
1712 2079 1862 2111 Acoetae
1894 2074 1981 2125 (qui
2011 2091 2100 2115 unus
2129 2089 2178 2115 ωε

1122 2124 1199 2172 suis
1220 2125 1398 2162 comitibus
1414 2125 1521 2172 erat,)
1548 2125 1698 2174 imagine
1726 2125 1860 2168 latens,
1889 2126 2041 2163 Penthea
2063 2142 2175 2176 regem

1130 2175 1290 2221 eludens,
1317 2176 1347 2212 ei
1376 2176 1524 2225 exigenti
1548 2204 1559 2221 ,
1585 2176 1720 2213 indicat
1751 2188 1874 2213 nomen
1900 2180 2068 2228 genusque
2099 2188 2173 2217 σε.

1131 2226 1287 2264 Raener.

1182 2284 1199 2303 e
1226 2277 1422 2327 mudena]
1453 2278 1588 2315 Ludens
1611 2277 1765 2315 Giselin..

1168 2326 1199 2365 &f
1221 2329 1359 2365 Iudicat
1390 2329 1479 2378 regi,
1502 2328 1624 2379 quia.]
1665 2328 1719 2365 Ita
1753 2329 1797 2365 C.
1830 2336 1866 2365 at
1895 2330 1934 2366 in
1966 2330 2013 2366 V.
2038 2330 2174 2368 indicat

1131 2378 1200 2427 regi
1221 2392 1343 2415 nomen
1359 2381 1528 2429 genusque
1549 2379 1637 2416 artis
1659 2378 1745 2426 suae
1766 2406 1777 2422 ‚
1806 2392 1876 2428 qua
1909 2380 2027 2416 vitam
2059 2395 2172 2429 exege-

1132 2439 1201 2464 rat.
1227 2429 1386 2477 putarim
1409 2430 1526 2466 verius
1549 2457 1560 2473 ,
1596 2428 1660 2465 etsi
1689 2427 1832 2477 longius
1863 2431 2010 2468 recedat
2030 2430 2050 2467 a
2074 2432 2174 2481 vulg.

1130 2477 1235 2515 libris.
1264 2480 1395 2516 G1SE1..
1419 2480 1518 2527 Qid
1538 2478 1765 2528 interrogaffet
1786 2478 1920 2518 indicat
1941 2481 2008 2530 regi
2029 2494 2173 2519 nomen-

1135 2541 1198 2576 que
1219 2540 1262 2567 &¹
1278 2542 1394 2576 genus.
1423 2529 1560 2566 (olon.

1185 2584 1203 2612 g
1231 2578 1429 2628 Exigeret.]
1458 2579 1628 2628 Exigebat
1648 2579 1803 2618 Giselin..

1184 2639 1203 2667 h
1235 2640 1445 2691 inciderat]
1476 2642 1531 2679 Ita
1552 2654 1638 2679 cum
1659 2643 1955 2683 Giselino-etiam
1988 2646 2172 2696 Micyllus.

1131 2689 1191 2728 sed
1213 2691 1295 2729 MS.
1314 2693 1354 2729 δε
1374 2692 1544 2737 Veneta,
1570 2694 1743 2731 incideret.
1781 2697 2004 2735 MuuchR.
2040 2699 2173 2735 Incide-

1130 2752 1183 2778 ret
1205 2742 1323 2779 Parm.
1351 2742 1471 2791 Lugd.
1493 2743 1618 2780 incidit
1637 2745 1793 2784 Raener.

1184 2803 1195 2829 1'
1217 2809 1356 2853 Propter
1384 2805 1592 2855 eximiam]
1633 2814 1723 2843 Prae
1743 2809 1854 2846 nimia
1879 2807 2139 2859 pulchritudine
2160 2838 2173 2856 ,

1124 2862 1185 2903 pro
1203 2855 1331 2902 praeda
1353 2855 1523 2905 impositus
1543 2858 1683 2906 navigio
1703 2858 1839 2896 Colon.

1182 2919 1200 2946 k
1228 2925 1381 2969 Captum
1402 2933 1446 2960 ω’
1467 2920 1698 2972 impositum]
1728 2923 1783 2960 Ita
1805 2922 1918 2960 rursus
1940 2924 1982 2961 C.
2005 2932 2040 2960 at
2059 2925 2097 2961 in
2118 2921 2169 2960 V.

1129 2978 1247 3019 captus
1267 2982 1312 3010 (φ
1332 2970 1514 3021 impositus.
1543 2974 1724 3010 GisEuN.

1181 3031 1189 3057 ¹
1216 3030 1393 3082 Impositus
1415 3033 1554 3082 navigio
1577 3062 1586 3078 ‚
1614 3036 1674 3084 qui
1697 3045 1737 3071 ut
1759 3034 1858 3083 eyn]
1900 3035 2006 3070 Haec
2040 3032 2088 3070 est
2117 3033 2170 3070 le·

1133 3081 1207 3119 &tio
1228 3083 1310 3120 MS.
1330 3084 1476 3122 Veneta
1501 3087 1538 3121 ὃς
1561 3085 1799 3122 Raeneriana.
1829 3083 2001 3132 Iinpofitus
2031 3083 2170 3132 navigio

1131 3132 1197 3179 est,
1225 3134 1285 3183 qui
1320 3144 1360 3170 ut
1382 3147 1452 3173 eye.
1482 3135 1625 3184 Micyll.
1654 3134 1890 3184 Impositusque
1921 3133 2059 3180 navigio
2082 3161 2093 3177 ,
2129 3144 2170 3170 ut

1133 3183 1229 3219 vidit
1249 3196 1319 3223 eye.
1348 3184 1465 3232 Quod
1488 3197 1574 3232 prae
1596 3186 1722 3222 ceteris
1747 3183 1886 3220 arridet.
1919 3183 2058 3219 MUNK.
2084 3195 2170 3221 cum

1135 3232 1282 3270 Veneta
1304 3235 1391 3270 facit
1413 3234 1598 3271 Parmens.
1618 3234 1737 3281 Lugd.
1760 3234 1918 3269 Raener.
1942 3238 2094 3281 Captum
2107 3243 2170 3283 pro

1127 3284 1259 3332 praeda
1281 3296 1325 3325 φ’
1345 3283 1538 3332 impositum
1561 3285 1698 3333 navigio
1719 3292 1760 3320 ut
1780 3281 1884 3322 vidit.
1918 3282 2044 3323 Heins.

1366 3333 1488 3381 Ee3
2079 3339 2178 3384 &In
