2483 3616
315 180 1548 248 METAMORPHOSEON
1621 184 1763 240 Lm.
1811 186 1988 248 XIV.

2101 205 2207 259 935

358 305 460 368 Et,
497 303 534 357 fi
557 301 699 369 spem
725 298 969 362 dederi3‚
1004 298 1346 366 mihicrede,
1383 298 1651 371 rogaberis
1672 300 1829 355 ultr0.

359 378 481 431 Neu
508 371 745 435 dubites,
783 370 1016 444 absitque
1043 385 1162 426 tuae
1187 372 1382 435 fiducia
1406 371 1637 426 formae:

357 447 442 500 En
466 462 598 516 eg0‚
636 461 760 498 cum
786 444 902 498 Dea
927 444 1048 507 sim,
1084 444 1242 497 nitidi
1266 461 1390 497 cum
1413 444 1516 497 filia
1543 444 1706 508 Solis,

348 517 601 571 Carmine
627 534 752 571 cum
779 529 1013 579 tantum,
1051 528 1258 570 tantum
1283 533 1405 569 cum
1433 517 1670 585 gramine
1694 516 1914 587 poffim3

243 606 305 662 35
354 588 427 642 Ut
454 602 543 642 tua
569 589 691 652 fim,
728 607 918 644 voveo,
956 588 1290 660 spernentem
1316 588 1535 658 sperne:
1576 587 1818 659 sequenti

347 661 544 716 Redde
570 660 712 715 vices
740 681 750 714 :
790 678 1008 733 unoque
1035 662 1168 714 duos
1191 658 1441 715 ulciscere
1468 656 1620 712 saeco.

349 733 506 787 Talia
531 734 787 796 tentanti,
821 733 972 787 Prius
990 773 1005 795 ,
1045 732 1248 805 inquit,
1283 733 1338 785 in
1361 747 1596 803 aequore
1622 730 1870 796 frondeS‚

343 804 604 866 GlaucuS,
648 805 703 857 &
730 807 782 858 in
806 805 1020 859 summis
1043 807 1320 859 nascentur
1345 802 1615 857 montibus
1641 804 1816 874 algae3

345 877 549 946 Sospite
574 895 735 949 quam
762 877 931 945 Scyll-21
957 877 1119 930 nostri
1145 889 1418 932 mutentur
1445 893 1670 929 amores,

235 968 305 1018 40
348 950 620 1020 Indignata
643 949 758 1001 Dea
782 948 856 1001 est
878 967 889 999 :
934 948 988 1001 δε
1013 948 1225 1002 laedere
1252 961 1514 1022 quatenus
1538 948 1708 1020 ipsum

345 1023 470 1077 Non
494 1034 701 1092 poterat
719 1058 733 1080 ,
771 1038 871 1073 nec
897 1021 1052 1073 vellet
1078 1038 1254 1075 amans
1273 1062 1288 1084 ‚
1324 1021 1561 1075 irascitur
1587 1020 1692 1082 illi,

344 1095 498 1165 Quae
521 1092 613 1146 fibi
639 1093 866 1161 praelata
892 1092 965 1144 est
992 1110 1003 1144 :
1047 1090 1379 1165 Venerisque
1406 1091 1603 1147 offensa
1626 1092 1857 1164 repulsa,

339 1165 589 1221 Protinus
615 1164 894 1217 horrendis
919 1163 1130 1216 infamia
1158 1165 1344 1238 pabula
1370 1164 1536 1218 succis

339 1237 590 1291 Conterit
615 1254 626 1289 ε
669 1236 723 1288 δε
752 1235 886 1288 tritis
915 1235 1184 1289 Hecateia
1209 1236 1441 1290 carmina
1467 1237 1679 1290 miscet:

234 1329 300 1379 45
339 1309 669 1380 Caerulaque
696 1308 936 1361 induitur
961 1308 1216 1361 velamina
1241 1327 1251 1360 τ
1292 1325 1496 1380 perque
1522 1308 1755 1363 ferarum

339 1385 556 1452 Agmen
580 1379 887 1433 adulantum
914 1379 1091 1434 medi-a
1114 1383 1361 1451 procedit
1388 1380 1451 1433 ab
1477 1381 1619 1437 aula:

53 1600 183 1643 poteras
207 1593 280 1642 legi
310 1594 348 1630 in
376 1590 631 1630 vetustioribus
652 1590 760 1628 libris.
787 1589 888 1638 quod
911 1590 948 1627 in
967 1589 1094 1627 nostris

57 1655 134 1680 non
164 1652 361 1692 comparet.
388 1652 538 1691 certeque
562 1651 652 1690 potes
673 1642 761 1678 alter
781 1641 931 1677 Moreti.
959 1641 1096 1687 Dignus

60 1706 132 1741 eras
151 1705 234 1731 certe
250 1704 383 1742 poteras
402 1692 559 1741 ultroque
580 1702 672 1730 unus
690 1689 793 1728 Bafil.
815 1689 998 1739 scripserat
1020 1691 1096 1727 Na-

58 1743 97 1780 so
109 1771 120 1788 ,
147 1745 185 1781 ni
208 1745 312 1782 fallor
326 1772 336 1788 ,

106 1794 242 1842 Dignus
261 1808 335 1831 eras
348 1822 357 1837 ‚
382 1801 579 1842 poterasque
596 1792 686 1829 ultro
705 1789 809 1840 (mihi
827 1790 934 1837 crede)
958 1790 1070 1839 rogari
1083 1806 1094 1827 .-

109 1848 154 1880 Et
174 1843 302 1894 lispem
322 1844 451 1881 dederis
473 1843 576 1892 (mihi
598 1842 706 1888 crede)
731 1841 896 1890 rogaberis
915 1841 1018 1879 ultro.

58 1894 203 1938 Herus.
230 1895 448 1944 Legendurn
476 1892 569 1937 effe,
605 1894 728 1941 dignus
759 1905 832 1928 eras
855 1908 865 1928 .·
894 1891 986 1928 ultro
1002 1901 1096 1940 pote-

61 1957 141 1997 ⁷4⁵¹
166 1954 220 1992 per
246 1956 343 1995 teque
359 1944 490 1993 rogari,
521 1944 716 1981 docuimus
732 1943 811 1992 jam
834 1942 880 1980 ad
903 1942 1052 1991 Epistol.
1072 1956 1096 1980 1.

66 2003 101 2041 3.
127 1993 175 2029 ita
194 2007 236 2030 rr.
256 2007 298 2031 ex
319 1996 423 2032 Pont.
440 2007 491 2032 xr.
517 2006 573 2043 13.

117 2047 235 2089 Sponte
250 2044 384 2093 quidem
398 2054 454 2093 per
462 2046 562 2095 seque
579 2057 654 2082 mea
674 2042 717 2091 est
736 2042 924 2079 laudabilis
944 2056 1042 2081 uxor.
1068 2055 1070 2057 '

68 2092 107 2130 &
130 2103 173 2128 11.
198 2104 242 2129 ex
264 2093 366 2130 Pont.
389 2106 451 2130 111.
471 2106 527 2143 35.

79 2142 82 2145 ’
113 2141 245 2186 Judice
261 2153 292 2179 te
311 2144 456 2180 mercede
474 2154 564 2180 caret
578 2172 589 2188 ,
611 2154 669 2194 per
682 2146 785 2194 seque
805 2144 950 2194 petenda
970 2144 1014 2191 est

165 2192 330 2229 Externis
349 2193 464 2230 virtus
482 2195 683 2231 incomitata
705 2195 810 2232 bonis.

66 2242 184 2280 Cicer.
207 2242 252 2280 de
273 2244 449 2281 Amicitia
471 2256 546 2293 cap.
565 2256 609 2281 11.
638 2246 811 2282 Amicitia
825 2255 883 2294 per
897 2250 986 2293 few¹
1001 2254 1095 2295 prop-

65 2303 116 2339 ter
139 2293 178 2341 fh
207 2293 365 2342 expetita.
393 2294 431 2330 δε
457 2294 505 2331 ita
527 2295 659 2332 centies
691 2296 823 2333 Cicero
847 2298 884 2333 ὅ(
902 2297 961 2333 alii
982 2296 1098 2333 locuti

65 2343 157 2387 sunt.
187 2344 288 2392 quod
308 2352 430 2382 autem
453 2344 649 2382 Glareanus
668 2345 797 2383 durum
822 2355 946 2393 putet,
975 2360 1040 2395 que
1060 2348 1098 2383 in

63 2395 211 2432 tertium
231 2394 356 2432 locum
376 2395 578 2438 transferri,
604 2396 693 2432 nihil
711 2396 781 2432 est:
802 2408 885 2432 curn
897 2397 979 2440 hic,
1008 2396 1033 2433 fi
1046 2397 1101 2434 di-

64 2444 220 2492 stinguas
250 2445 328 2492 post
349 2454 506 2493 poteras,
543 2445 579 2481 in
606 2444 803 2482 secundum
831 2445 948 2482 modo
974 2446 1099 2483 locum

63 2503 233 2538 transeat,
251 2496 337 2532 utin
348 2496 523 2542 exemplis
535 2494 694 2531 adduc'ris
705 2503 802 2542 patet
817 2522 827 2538 ‚
854 2493 1008 2532 solemni
1021 2508 1102 2532 mo-

64 2556 103 2583 re
125 2557 135 2582 :
163 2544 222 2582 sed
245 2545 269 2582 fi
286 2546 364 2594 jam
385 2546 514 2583 demus
535 2546 572 2582 in
585 2546 732 2582 tertium
745 2546 1103 2589 transferri,ncch0c

65 2595 237 2643 exemplo
257 2605 374 2633 caret:
403 2595 450 2632 fic
471 2595 571 2633 enim
590 2595 694 2642 saepe
720 2595 863 2632 Noster.
876 2607 929 2632 iv.
947 2596 1053 2632 Trist.
1076 2609 1103 2634 1.

67 2655 125 2692 74.
179 2646 354 2682 Canitiem
371 2645 488 2693 galeae
505 2645 715 2694 subjicioque
738 2658 864 2684 meam.
899 2657 935 2683 v.
953 2658 1023 2684 vu.
1042 2647 1100 2684 66.

116 2700 154 2732 A
171 2695 399 2745 contemplatu
411 2695 663 2745 submoveoque
681 2695 780 2733 mali.

68 2757 107 2784 v.
126 2758 161 2783 x.
185 2758 245 2791 40.
534 2759 537 2762 ·

4 2827 6 2845 N
117 2793 270 2843 Forfitan
288 2795 451 2845 objiciunt
469 2795 690 2845 exfiliumque
710 2794 810 2834 mihi.

6 2888 7 2891 Ἴ
68 2857 122 2884 xv.
138 2843 228 2883 F'ast.
247 2856 330 2893 310.

122 2896 184 2932 Ad
201 2895 323 2943 rigidos
340 2905 558 2946 promptaque
575 2896 693 2946 lingua
702 2897 811 2945 senes.

72 2958 120 2986 Π.
139 2958 185 2983 ex
205 2946 313 2982 Pont.
335 2958 366 2982 1.
386 2947 421 2983 6.

121 3002 290 3038 Eortunae
301 2995 416 3041 *verba
435 2996 576 3045 dedique
594 3010 700 3036 meae.

72 3044 199 3092 Tibul.
221 3059 249 3083 1.
265 3058 317 3083 xx.
340 3060 371 3092 ς.

10 3100 11 3115 *
71 3094 79 3097 ’
123 3096 274 3144 Rusticus
296 3110 311 3132 e
331 3096 467 3145 lucoque
486 3095 595 3133 vehit.
621 3096 752 3135 BunM.

127 3158 185 3197 32.
211 3146 381 3195 Adsitque
407 3157 487 3182 tuae
509 3146 642 3193 fiducia
663 3146 836 3195 formae]
872 3148 928 3186 Ita
951 3158 1104 3188 veteres.

10 3198 14 3239 j
69 3198 153 3238 ‚Alii
181 3209 257 3234 non
284 3197 361 3234 satis
393 3195 490 3233 reete
513 3223 523 3238 ‚
559 3198 716 3243 opinor,
753 3197 897 3243 legunt,
932 3199 1106 3249 Adfitque

73 3260 181 3294 aneae.
207 3247 372 3284 Cxow«.
403 3253 477 3283 Neu
497 3245 628 3281 dubites
650 3247 841 3288 meliores;
879 3247 986 3284 reete.
1008 3249 1114 3297 abfit-

2080 1455 2193 1527 Op-

1150 1591 1288 1640 septem
1311 1590 1394 1634 alii;
1429 1590 1622 1636 nonnulli,
1650 1589 1801 1639 affitque.
1837 1589 1962 1640 Lege,
1992 1595 2071 1628 Nea
2093 1592 2196 1630 dubi-

1150 1652 1221 1686 tes,
1251 1640 1394 1690 abfitve.
1421 1641 1565 1678 Hsms.

1205 1704 1262 1741 33.
1294 1692 1413 1728 Nitidi
1445 1704 1522 1726 cum
1550 1690 1629 1737 filia
1661 1691 1780 1739 solis.]
1821 1690 1863 1728 In
1896 1691 2046 1729 Caelest.
2074 1691 2196 1730 Nitidi

1149 1756 1281 1792 quoque
1293 1741 1374 1788 filia
1396 1740 1489 1777 Solis.
1519 1741 1619 1778 Nihil
1637 1750 1763 1778 tamen
1785 1749 1915 1787 muto,
1943 1750 2091 1791 propter
2112 1753 2196 1780 ver-

1150 1793 1193 1830 ba
1211 1794 1403 1841 superiora.
1434 1792 1603 1828 CrorAN.

1205 1855 1261 1892 34.
1290 1842 1456 1880 Carmine
1486 1841 1564 1877 clim
1597 1851 1763 1886 tantum,
1791 1851 1933 1880 tantum
1963 1855 2094 1891 quoque
2111 1856 2196 1891 gra·

1151 1893 1244 1932 mine
1270 1892 1420 1943 possim]
1461 1892 1606 1930 Omnes
1637 1893 1713 1929 libri
1738 1893 1877 1941 scripti,
1906 1892 2094 1941 {Quantum
2113 1907 2196 1943 quo-

1152 1957 1217 1994 que
1243 1943 1401 1992 gramine
1425 1940 1549 1991 poffim.
1597 1943 1712 1980 IDEM.
1751 1943 1871 1980 Scribe
1892 1971 1901 1987 ,
1940 1953 2083 1980 tantum
2116 1957 2196 1980 cum

1147 1996 1309 2043 gramine
1323 1992 1447 2044 poffim.
1460 2006 1545 2031 nam
1558 1993 1767 2043 Sprotianus
1780 2022 1790 2037 ,
1819 2004 1992 2043 quantum
2002 2006 2091 2031 eum.
2113 2008 2198 2043 quon

1153 2059 1217 2094 que
1238 2046 1421 2083 omittitur
1451 2044 1562 2082 etiam
1592 2046 1629 2082 in
1651 2045 1759 2082 tertio
1778 2044 1955 2082 Mediceo
1974 2046 2011 2081 δε
2030 2045 2198 2093 quinque

1154 2096 1242 2133 aliis.
1273 2097 1418 2133 Hiems.

1208 2148 1269 2193 36.
1294 2154 1430 2196 Unaque
1460 2145 1549 2182 duas
1575 2144 1726 2192 ulciscere
1742 2143 1876 2192 sabla]
1904 2144 2035 2181 Putem
2053 2172 2061 2187 ,
2085 2146 2199 2192 pasta

1151 2197 1299 2245 paetum
1331 2196 1492 2245 nuptiale
1521 2196 1698 2243 intelligit.
1736 2195 1832 2232 Vide
1862 2194 1979 2230 Notas
2008 2194 2100 2231 libro
2122 2207 2194 2233 v11⁰

1149 2247 1204 2290 J'ls.
1226 2257 1308 2295 7'01.
1348 2248 1463 2285 IDEM.
1491 2252 1587 2282 Duos
1615 2246 1782 2282 Vatican.
1805 2246 1843 2282 &
1864 2245 2027 2292 quinque
2047 2244 2117 2281 alii.
2137 2257 2195 2282 re-

1153 2297 1210 2335 &e
1223 2327 1233 2342 ‚
1263 2310 1324 2335 me
1335 2299 1372 2335 ὃ(
1383 2307 1431 2336 te.
1450 2297 1655 2346 praevalere
1667 2307 1754 2332 vero
1765 2295 1872 2332 debet
1883 2294 2117 2331 masculinum
2130 2307 2196 2344 ge-

1153 2359 1232 2386 nus.
1250 2349 1323 2386 vid.
1341 2348 1385 2385 ad
1401 2348 1525 2385 lib.1v.
1558 2359 1637 2393 177.
1663 2345 1794 2383 Bunm.

1207 2410 1265 2447 37.
1295 2398 1395 2435 Talia
1413 2397 1607 2446 tentanti]
1634 2396 1804 2445 captanti
1821 2394 2196 2443 Bafileenfis.elegan-

1156 2456 1220 2485 ter.
1240 2449 1362 2486 similis
1381 2450 1532 2485 varietas
1552 2447 1736 2484 observata
1758 2446 1806 2483 est
1822 2445 1881 2483 lib.
1896 2458 1923 2483 1.
1945 2446 2026 2484 Art.
2048 2456 2132 2494 273.
2152 2446 2192 2483 δε

1159 2499 1254 2547 apud
1277 2499 1405 2546 Virgil.
1428 2511 1481 2535 xr.
1507 2497 1662 2534 Aeneid.
1686 2508 1767 2545 350.

1528 2553 1624 2584 Dum
1645 2549 1743 2583 Tro‘z'a
1763 2554 1877 2583 tentat

1209 2598 1330 2644 Castra
1343 2600 1451 2646 fugae
1461 2597 1586 2645 fidens.

1155 2647 1217 2685 ubi
1239 2659 1353 2697 captat
1372 2649 1521 2697 quidam
1545 2647 1699 2684 codices.
1725 2646 1842 2685 IDEM.

1205 2710 1265 2743 40·
1295 2699 1480 2745 Indignata
1509 2704 1585 2734 Dea
1610 2697 1690 2746 est.]
1733 2697 1785 2735 lta
1805 2709 1850 2734 ex
1872 2696 2033 2735 Danielis
2056 2696 2195 2735 codici-

1157 2748 1221 2786 bus
1239 2749 1333 2795 apud
1358 2749 1443 2786 Stat.
1467 2762 1500 2785 v.
1520 2748 1642 2785 Theb.
1666 2760 1723 2795 59.

1208 2799 1395 2846 Indignata
1415 2804 1488 2834 Dea
1507 2797 1550 2844 est
1562 2825 1573 2842 ‚
1600 2808 1718 2834 movet
1737 2808 1780 2837 &⁸
1799 2796 1948 2845 caelestia
1967 2797 2143 2847 quondam

1208 2850 1324 2885 Corda
1344 2849 1447 2886 dolor.
1479 2850 1621 2885 Herus.

1206 2910 1265 2947 43.
1294 2899 1429 2935 Pabula
1452 2898 1601 2948 succis.]
1651 2898 1691 2935 In
1723 2897 1832 2935 tribus
1863 2898 1948 2935 Vat.
1976 2899 2012 2935 &
2043 2896 2196 2933 Caelest.'

1160 2950 1335 2985 Gramina
1352 2949 1472 2997 succis.
1500 2949 1665 2985 CloFAN.
1694 2948 1866 2984 Gramina
1895 2949 2069 2995 plerique.
2093 2958 2193 2982 non-

1158 3000 1246 3037 nulli
1268 3009 1392 3037 tamen
1406 3028 1415 3043 ,
1440 2998 1581 3048 pabula.
1599 2998 1700 3048 quod
1720 3010 1796 3035 non
1815 2996 1926 3033 ausim
1939 3004 2102 3039 mutare,
2129 2994 2194 3031 etfi

1159 3050 1316 3088 minime
1342 3052 1497 3098 ignoro,
1524 3049 1688 3097 gramina
1716 3049 1753 3084 &
1775 3047 1931 3082 carmina
1953 3045 2074 3093 paffim
2097 3043 2195 3091 apud

1160 3104 1288 3147 poetas
1319 3101 1518 3148 conjungi,
1546 3100 1691 3148 quoties
1715 3097 1759 3134 de
1778 3097 1883 3134 rebus
1900 3095 2046 3143 magicis
2066 3096 2194 3142 agitur.

1162 3151 1293 3187 Noster
1311 3160 1435 3188 tamen
1455 3151 1563 3186 Rem.
1585 3149 1674 3184 Am.
1691 3159 1774 3194 249.

1212 3201 1364 3243 Viderit,
1392 3198 1600 3235 Haemoniae
1609 3196 1643 3245 fi
1662 3198 1736 3244 quis
1757 3195 1852 3231 mala
1868 3195 1995 3243 pabula
2012 3204 2144 3239 terrae,

1271 3255 1316 3286 Et
1337 3249 1488 3295 magicas
1510 3258 1599 3284 artes
1609 3246 1691 3296 poffe
1704 3248 1833 3294 juvare
1848 3254 1963 3293 putat.

14 3299 15 3314 ³
74 3310 147 3347 ‚que
173 3297 283 3336 etiam
311 3298 461 3337 Thuan.
487 3297 594 3346 prim.
616 3296 748 3335 Erfurt.
773 3297 881 3345 prim.
908 3297 1050 3350 Moret.
1078 3299 1117 3337 ὃς
1167 3299 1299 3350 pabula
1319 3298 1428 3348 campi
1453 3300 1490 3337 in
1511 3297 1611 3337 Ibide
1634 3308 1716 3346 137.
1741 3307 1891 3344 quoque
1911 3295 2014 3334 dixit.
2040 3307 2106 3346 pro
2122 3306 2205 3350 ἔξω·

2111 3356 2209 3384 173Ζῖ96
