2483 3616
8 91 11 225 Ῐ
293 93 1927 199 METAMORPHOSEONL1B.VH.
2074 157 2173 214 529

323 245 468 299 Flere
491 237 644 297 facit,
683 234 952 309 facietque
983 234 1107 297 diu,
1147 235 1184 290 fi
1209 236 1390 292 vivere
1415 236 1570 292 nobis

321 315 449 370 Fata
472 311 567 366 diu
592 308 859 364 dederint.
899 308 1004 364 hoc
1031 325 1117 364 me
1143 326 1267 365 cum
1294 308 1524 383 conjuge
1551 312 1670 366 carli

321 384 581 442 Perdidit.
620 383 726 438 hoc
752 384 955 439 utinam
979 382 1255 438 caruissem
1279 400 1501 440 munere
1525 385 1754 456 semper!

323 458 536 515 Procris
560 470 671 513 erat
714 461 735 529 (
748 456 784 512 fi
809 457 951 513 forte
977 457 1141 529 magis
1166 457 1410 530 pervenit
1434 458 1501 512 ad
1529 474 1682 512 aures

181 535 280 602 695
319 532 568 606 Orithyia
593 534 745 601 tuas)
785 545 962 604 raptae
987 531 1138 586 soror
1161 529 1458 604 Orithyiae.

321 605 375 660 Si
402 605 594 661 faciem
620 623 903 679 moresque
932 605 1059 662 velis
1087 604 1335 661 conferre
1360 602 1594 660 duarum

316 679 550 751 Dignior
574 680 678 752 ipsa
697 680 825 752 rapi.
864 691 1014 752 pater
1039 678 1174 733 hanc
1188 678 1318 733 mihi
1338 677 1514 749 junxit
1538 677 1875 734 Erechtheus
1898 698 1910 732 :

317 754 479 807 Hanc
504 753 634 807 mihi
657 753 832 824 junxit
857 755 1047 807 Amor.
1088 752 1217 807 felix
1243 750 1486 814 dicebar,
1527 768 1804 826 eramque:
1879 779 1892 783 e

317 826 480 896 (Non
505 827 576 880 ita
603 826 700 881 Dis
725 826 893 882 visum
920 824 1034 892 est)
1073 844 1133 879 ac
1157 843 1301 880 nunc
1330 843 1549 899 quoque
1574 825 1789 881 forfitan
1815 824 1990 882 effem.

174 914 275 965 700
313 899 471 955 Alter
495 898 748 972 agebatur
772 898 889 971 post
912 898 1051 953 sacra
1074 897 1265 968 jugalia
1288 898 1509 961 menfis;

312 971 456 1028 Cum
481 991 598 1037 me,
636 971 930 1044 cornigeris
956 969 1272 1024 tendentem
1299 972 1431 1026 retia
1460 972 1655 1035 cerviS‚

319 1044 545 1102 Vertice
570 1045 640 1100 de
663 1047 872 1101 summo
895 1044 1101 1115 semper
1129 1042 1371 1098 florentis
1396 1043 1652 1117 Hymetti

315 1118 492 1174 Lutea
517 1136 673 1174 mane
698 1118 847 1173 videt
872 1116 1024 1190 pulsis
1052 1118 1264 1170 Aurora
1287 1116 1520 1171 tenebris
1543 1135 1554 1170 :

317 1190 657 1266 Invitumque
683 1193 833 1265 rapit.
874 1192 1028 1246 liceat
1054 1189 1185 1244 mihi
1213 1206 1340 1245 vera
1364 1190 1566 1245 referre
2041 1262 2082 1317 P

2086 1280 2177 1317 ace

2 1411 6 1415 ’
83 1394 165 1444 694.
193 1392 228 1431 Si
239 1392 336 1441 forte
357 1393 467 1444 magis
480 1392 640 1445 pervenit
658 1393 707 1431 ad
726 1406 846 1439 aures,
886 1393 1073 1442 Orithyia,
1180 1403 1266 1439 700.
1291 1392 1399 1430 Alter
1415 1391 1581 1442 agebatur
1600 1390 1666 1441 post
1673 1391 1779 1441 sacra
1795 1388 1932 1441 jugalia
1953 1388 2109 1440 menfis.]
2124 1395 2181 1427 A·

0 1464 10 1481 «ι
31 1445 151 1494 κιαι]
193 1444 244 1483 Ita
264 1444 358 1483 infra
381 1446 443 1483 lib.
459 1458 511 1484 1x.
535 1445 569 1484 8.
599 1445 748 1482 Nomine
770 1443 873 1495 siqua
904 1456 963 1482 tuo
994 1456 1075 1482 tan·
1129 1443 1306 1493 gebatur:
1344 1444 1381 1481 id
1414 1445 1461 1481 est
1488 1443 1782 1492 ingrediebatur,
1812 1441 2018 1490 incipiebat.
2074 1442 2180 1479 Haec

0 1503 9 1522 ὃ
32 1496 111 1533 dem
132 1495 293 1545 pervenit
319 1496 367 1532 ad
387 1510 486 1534 aures
510 1522 521 1540 ,
563 1496 736 1534 Deianira
759 1523 768 1541 ‚
797 1508 887 1534 tuas.
926 1497 973 1533 Et
996 1507 1077 1544 137.
1135 1495 1182 1533 est
1203 1495 1348 1544 propria
1368 1495 1445 1544 ejus
1468 1495 1568 1533 verbi
1588 1495 1653 1533 vis.
1709 1493 1868 1532 Ovidius
1884 1492 2037 1540 Epistola
2057 1504 2156 1530 xvu.

0 1558 9 1583 ,ι’
32 1553 124 1584 Cum
133 1548 238 1593 fama
257 1545 386 1597 loquax
400 1547 560 1597 pervenit
579 1547 627 1584 ad
645 1560 744 1585 aures
758 1575 768 1592 ,
789 1546 974 1591 Deianira,
987 1557 1079 1585 tuas.
1187 1547 1336 1595 Septima
1356 1560 1423 1583 nox
1446 1546 1585 1594 agitur,
1608 1546 1764 1595 spatium
1777 1544 1869 1582 mihi
1892 1543 2022 1591 longius
2044 1556 2148 1579 anno.

0 1607 4 1615 ⁸
38 1597 206 1634 CIOFAN.
1139 1598 1269 1635 Livius
1290 1597 1346 1635 lib.
1368 1609 1477 1634 XLII.
1517 1597 1650 1633 Tertius
1669 1608 1712 1636 (φ
1731 1594 1910 1645 vicesimus
1931 1607 2045 1630 annus
2063 1592 2183 1640 ageba.

0 1649 9 1684 ,i
82 1650 168 1696 695.
197 1653 348 1696 Magnae
370 1647 467 1694 soror
493 1648 598 1685 Orith
622 1648 710 1697 iae]
741 1649 780 1686 ln
807 1649 994 1686 Vaticanis
1009 1676 1019 1692 ,
1044 1648 1083 1685 &
1138 1659 1221 1693 tur,
1249 1662 1290 1684 ex
1310 1661 1374 1697 quo
1391 1647 1522 1696 petenti
1542 1646 1694 1696 Philippo
1716 1646 1802 1683 data
1817 1655 1888 1695 pax
1909 1655 1994 1681 erat.
2038 1643 2185 1681 Teren-

0 1726 3 1730 -
41 1697 237 1736 Dominic.
258 1704 390 1747 Raptae
402 1699 497 1748 soror
518 1699 597 1736 Orit
626 1701 710 1747 y‘iae.
743 1699 846 1749 quod
865 1711 941 1737 non
965 1699 1083 1748 displi-
1139 1700 1210 1737 tius
1231 1701 1269 1736 in
1292 1699 1462 1747 Hecyra:
1496 1702 1583 1734 Tum
1603 1698 1780 1749 postquam
1799 1697 1847 1734 ad
1868 1707 1901 1734 te
1913 1695 2037 1739 venit,
2065 1693 2187 1744 mensts

0 1759 10 1796 ’ς
40 1756 109 1787 cet.
138 1749 237 1787 Vide
266 1756 436 1787 extremo
457 1750 517 1788 lib.
542 1761 597 1789 vi.
626 1751 844 1788 (honnus.
883 1756 1013 1799 Raptae
1029 1751 1084 1798 fh·
1140 1749 1195 1787 hic
1211 1749 1328 1798 agitur
1341 1749 1520 1797 septimus.
1575 1749 1795 1786 ConANus.

0 1817 3 1822 ·
39 1813 95 1837 ror
116 1799 329 1839 vetustiores
359 1800 538 1850 plerique.
589 1801 798 1851 Propertius
816 1800 876 1839 lib.
903 1813 959 1839 11.
981 1801 1084 1849 Eleg.
1194 1813 1278 1847 700.
1306 1800 1381 1847 Post
1391 1799 1536 1850 sacra.]
1566 1802 1660 1836 Ae‘t'a
1683 1800 1811 1837 Urbin.
1831 1797 1991 1846 Neapol.
2012 1795 2081 1833 sec.
2100 1796 2187 1834 Me-

39 1862 145 1890 xxvr.
1141 1852 1213 1890 dic.
1243 1851 1386 1894 Scribe,
1421 1851 1488 1901 post
1501 1852 1605 1900 paffa
1629 1850 1777 1900 jugalia.
1804 1849 1980 1899 sponsalia
2008 1847 2188 1896 intelligit.

89 1901 274 1940 Crudelem
296 1912 340 1943 &⁴
360 1908 492 1941 Borean
513 1912 615 1954 rapta
638 1903 812 1953 Orythy'ia
833 1901 987 1953 negavit.
1141 1914 1237 1953 quae
1250 1904 1392 1953 paetum
1413 1903 1518 1951 saepe
1537 1911 1729 1940 vocantur.
1759 1901 1935 1950 Apuleius
1954 1898 2013 1936 lib.
2027 1910 2078 1935 1v.
2096 1900 2189 1935 Met.

0 1960 2 1997 ξ
39 1952 78 1991 &
97 1953 157 1991 lib.
181 1965 262 1992 111.
280 1954 384 2002 Eleg.
405 1966 460 1992 vr.
1143 1955 1235 1991 Votis
1276 1952 1490 2003 nuptialibus
1511 1982 1521 1998 ‚
1555 1955 1652 2002 pafflo
1673 1951 1790 2002 jugali
1820 1952 2031 1999 destinatus,
2061 1948 2191 1985 tabulis

0 2017 4 2055 t
92 2004 220 2050 Infelix
238 2009 339 2040 Borea
359 2014 477 2053 raptae
494 2019 624 2044 memor
646 2004 848 2055 Orythy'z'ae.
1143 2005 1252 2043 etiam
1273 2005 1424 2042 maritus
1450 2013 1680 2054 nuncupatus.
1722 2003 1854 2041 Noster
1877 2003 1937 2040 lib.
1951 2012 2029 2038 xiv.
2043 2001 2100 2049 36.

0 2069 5 2082 Δ
39 2054 173 2093 Noster
192 2054 329 2092 Amor.
349 2054 410 2092 lib.
435 2068 465 2093 1.
488 2057 660 2106 Eleg0v1.
1262 2092 1265 2095 ,
1323 2068 1456 2105 unoque
1477 2055 1568 2092 duas
1594 2055 1747 2102 ulciscere
1760 2055 1870 2103 paHo.

0 2107 1 2114 ¹
41 2153 65 2192 S
96 2105 131 2140 Si
145 2104 233 2191 [gis
244 2118 287 2191 bes
309 2113 426 2192 raptge
446 2111 553 2144 Borea
573 2121 703 2146 memor
721 2106 921 2157 Orythy'iae.
1145 2107 1204 2145 Sic
1222 2109 1260 2145 δί
1282 2107 1331 2145 ibi
1352 2107 1497 2145 videtur
1521 2105 1763 2144 scribendum.
1816 2102 1948 2142 Statius
1958 2100 2081 2139 Theb.
2097 2113 2188 2139 vm.

2 2187 4 2190 ,
68 2162 131 2192 tat.
222 2166 241 2191 e
271 2183 277 2190 .
299 2166 371 2192 xix.
415 2166 473 2205 30.
1144 2160 1190 2196 62
1222 2188 1230 2196 .

281 2213 399 2253 raptae
415 2206 476 2254 qui
494 2207 641 2257 conscius
660 2209 849 2260 orythy'z’ae
1194 2171 1300 2246 S1³)um
1319 2222 1396 2247 mea
1415 2207 1519 2258 neseio
1538 2221 1603 2258 quo
1620 2206 1835 2257 spondentur
1844 2204 1985 2253 foedera
1999 2203 2112 2252 paeto.

95 2254 239 2292 Celavit
258 2255 389 2292 Geticos
408 2256 489 2305 ripis
509 2257 609 2308 Ilissos
631 2273 773 2298 amores.
1142 2259 1248 2300 Idem
1267 2260 1328 2298 lib.
1350 2274 1413 2299 111.
1440 2271 1519 2307 171.

44 2305 87 2345 In
111 2308 233 2355 primo
258 2306 470 2352 Gronovii‚
494 2308 532 2345 &
554 2309 771 2360 Bernegger.
790 2323 856 2360 pro
878 2310 1015 2350 diversa
1035 2311 1089 2352 le·
1632 2323 1691 2346 neo
1710 2320 1742 2346 te
1767 2305 1936 2345 connubia
1957 2305 2040 2342 ⁶00l0

47 2358 173 2395 stione
187 2384 197 2401 2
215 2362 368 2414 Spartae.
394 2356 498 2406 quod
515 2360 622 2406 prim.
642 2361 782 2399 Medic.
804 2363 840 2399 &
860 2370 943 2400 tert.
961 2363 1093 2411 &Spi-
1196 2364 1329 2407 Paft'a,
1358 2374 1417 2398 nec
1443 2361 1508 2398 hae
1534 2361 1721 2411 quicquam
1748 2359 1921 2408 lacrymae
1943 2384 1953 2403 ,
1972 2354 2169 2405 furibunde
2179 2382 2193 2407 ,ι

46 2407 179 2451 tensis,
208 2409 247 2445 δε
277 2408 435 2445 Noricus
459 2435 471 2454 ,
497 2409 557 2446 alii
588 2410 664 2448 duo
694 2423 847 2460 quoque
877 2413 1090 2460 agnoscunt.
1319 2422 1514 2448 morantur.

47 2458 150 2509 quod
172 2470 249 2496 non
270 2459 460 2508 intelligo,
487 2459 554 2497 nifi
564 2461 697 2510 spretae
716 2473 891 2510 reponas,
920 2461 939 2498 a
962 2474 1023 2500 me
1035 2463 1091 2501 vi·
1145 2461 1200 2499 Ita
1221 2462 1511 2500 emendandum.
1537 2473 1624 2498 nam
1639 2460 1675 2498 in
1691 2458 1912 2497 membranis
1923 2458 2061 2503 multis,
2075 2457 2194 2496 Foeta.

50 2510 196 2551 delicet.
224 2520 310 2546 nam
331 2510 369 2547 in
392 2521 469 2547 uno
489 2519 565 2548 erat
585 2517 694 2561 Sptae.
713 2513 750 2550 in
782 2513 903 2560 priore
926 2512 1091 2550 Erfurta-
1145 2513 1183 2550 in
1200 2512 1296 2550 libris
1308 2512 1475 2560 vulgatis,
1494 2511 1597 2559 Festa.
1624 2512 1662 2548 in
1687 2510 1892 2549 Achilleide
1916 2523 1963 2548 11.
1981 2520 2065 2558 354.

50 2571 102 2598 no
125 2588 134 2605 ,
155 2568 300 2610 parvae.
336 2559 396 2598 sed
425 2560 468 2597 τὸ
498 2570 616 2611 raptae
643 2562 831 2612 sequentia
858 2562 1091 2602 confirmant.
1198 2591 1298 2599 -...-
1326 2563 1412 2613 quid
1433 2564 1525 2600 enim
1549 2561 1685 2599 illicitis
1702 2560 1856 2611 genialia
1875 2561 1993 2609 rumpi

52 2622 143 2650 mox
156 2639 166 2654 ,
194 2610 341 2659 Dignior
360 2610 430 2660 ipfiz
448 2611 523 2661 rapi
541 2624 586 2650 ex
608 2613 832 2651 melioribus.
852 2614 1066 2652 Hfimsrbs.
1199 2615 1308 2652 Palla
1328 2614 1441 2653 dolis?

102 2663 187 2711 696.
210 2651 335 2712 νεώ]
367 2662 474 2700 Velim
497 2674 588 2702 unus
617 2663 857 2702 Leidenfis&
877 2677 971 2703 unus
982 2665 1093 2704 Thu·
1155 2666 1368 2715 Quomodo
1387 2664 1628 2703 scribendum.
1657 2663 1699 2702 In
1719 2663 1842 2702 multis
1866 2670 2032 2701 veterum
2050 2690 2059 2707 ‚
2097 2662 2197 2711 (Qud

52 2713 124 2752 ani.
222 2723 225 2726 “
1155 2717 1247 2753 enim
1272 2716 1425 2765 genialia
1444 2716 1586 2764 foedera
1614 2715 1726 2764 rumpi
1752 2716 1860 2752 Poeta
1884 2713 1982 2753 dolis.
2032 2714 2200 2761 Vulgari,

108 2766 191 2812 697.
217 2763 355 2809 Junxit
377 2763 600 2815 Erechteus.]
631 2765 692 2803 De
713 2773 813 2814 patre
833 2765 1015 2805 Procridis
1038 2779 1098 2806 ac·
1155 2777 1264 2817 capta.
1304 2767 1353 2805 fic
1367 2768 1464 2816 apud
1483 2767 1610 2804 Silium
1635 2766 1696 2804 lib.
1718 2778 1785 2803 xvi
1800 2778 1830 2803 1.
1854 2775 1913 2813 79.
1937 2765 2062 2803 insulse
2085 2765 2197 2812 vulgo

57 2823 181 2852 curate
215 2815 308 2862 agit,
336 2816 374 2853 &
397 2815 434 2852 in
463 2815 594 2854 Ovidii
632 2817 727 2854 hanc
756 2816 917 2855 fabulam
946 2819 1099 2868 inquirit
1156 2819 1434 2864 circumfertur,
1455 2820 1556 2864 facia
1580 2817 1708 2867 hospita
1722 2818 1859 2868 servet,
1888 2829 1955 2866 pro
1975 2818 2089 2865 pacta.
2119 2827 2198 2850 con-

59 2863 241 2902 Meurlius
259 2864 304 2901 de
327 2866 443 2913 Regn.
465 2865 545 2904 Att.
560 2867 622 2905 lib.
641 2881 688 2906 11.
705 2878 783 2916 cap.
799 2878 854 2916 ¹3·
1154 2869 1261 2907 nubia
1285 2869 1368 2906 coelo
1382 2871 1486 2919 pacta
1501 2898 1510 2911 ‚
1534 2871 1879 2920 paelosfflymenaeos
1903 2867 2076 2916 Virgilius
2093 2862 2199 2901 dixis-

108 2914 193 2963 698.
221 2920 322 2950 Hanc
337 2915 424 2952 mihi
435 2916 562 2965 junxit
581 2918 716 2968 amor.]
745 2922 860 2955 Amor
879 2919 915 2957 in
928 2919 1098 2958 Urbinati
1153 2920 1216 2959 set.
1244 2922 1330 2958 hinc
1352 2922 1388 2959 ὅ(
1404 2921 1535 2971 pallae*
1551 2933 1616 2968 pro
1637 2919 1772 2968 sponsis
1801 2918 1964 2967 Vellejus
1984 2913 2193 2967 Paterculus

9 2976 12 3006 l
62 2974 137 3004 erat
167 2964 364 3014 repositum
389 2993 400 3011 ,
450 2969 565 3006 veteri
599 2969 762 3008 letitione
789 2971 932 3018 penitus
967 2971 1098 3010 deleta.
1152 2972 1215 3010 lib.
1238 2984 1272 3012 1.
1295 2980 1424 3021 capsi.
1452 2971 1498 3009 de
1522 2970 1674 3016 Oreste,
1701 2971 1762 3021 qui
1780 2970 1820 3019 ft
1848 2969 1873 3006 ὰ
1904 2966 2034 3017 Pyrrho
2046 2961 2200 3002 Achtllts

1613 3323 1768 3371 Xxng
2164 3320 2211 3367 ad

6 3028 13 3058 l
64 3015 176 3056 Forte
190 3044 200 3061 ‚
227 3022 329 3052 Hanc
352 3015 441 3053 mihi
453 3017 577 3065 junxit
599 3027 746 3069 Hymen.
775 3021 920 3060 Huius.
1148 3021 1227 3071 filio
1244 3022 1380 3061 virtute
1397 3022 1602 3061 vindicavit
1616 3051 1626 3068 ‚
1653 3022 1744 3072 quod
1768 3022 1889 3070 pab‘iae
1914 3019 1983 3067 ejus
2003 3011 2201 3052 Hermiones

9 3064 13 3079 ¹
110 3067 196 3123 6995
222 3071 269 3103 Et
287 3079 379 3104 nunc
398 3079 526 3118 quoque
538 3068 687 3119 forfitan
704 3071 837 3122 essem]
866 3077 922 3109 At
940 3072 1103 3123 plerique
1158 3074 1296 3124 nuptias
1314 3084 1551 3124 occupaverat.
1580 3074 1711 3112 Statius
1732 3071 1983 3123 Theb.V1{1-
2006 3077 2086 3121 554,-

7 3101 13 3135 ¹
63 3117 286 3154 vetustiores.
314 3117 401 3155 haut
421 3117 580 3156 Florent.
605 3121 638 3158 S.
659 3123 800 3167 Marci,
830 3123 1030 3162 Thuan.&
1044 3124 1103 3163 alii
1211 3127 1338 3162 Paetus
1361 3132 1575 3175 Agenoream
1589 3124 1712 3174 primis
1730 3127 1824 3170 Atys
1845 3119 1920 3157 ibat
1931 3130 1968 3154 m
1986 3127 2095 3154 armts

10 3139 13 3210 Ι
63 3166 154 3204 duo.
180 3178 221 3202 ac
238 3174 319 3205 tres.
339 3178 378 3204 ut
398 3168 683 3208 sec.Mediceus.
713 3172 840 3209 Forte:
1211 3176 1374 3223 Ismenen.

7 3213 13 3314 Ι
304 3217 390 3266 quin
410 3232 502 3258 nunc
521 3232 651 3271 quoque
659 3219 810 3273 forsitan
830 3222 934 3273 effi’m3
1158 3225 1292 3263 Noster
1315 3225 1376 3262 lib.
1391 3238 1478 3262 xxv.
1501 3237 1584 3274 45¹·
1605 3219 1876 3273 poetaquesurit
1892 3228 1950 3269 pro
1961 3217 2095 3268 conjuge
2115 3219 2205 3256 Tura*

12 3315 13 3320 ¹
67 3265 279 3306 HE1NSIUS.
1159 3275 1342 3324 nuapaela
1355 3275 1450 3325 virgo
1460 3276 1611 3314 Valerio
1624 3274 1767 3309 Flacco.
1791 3271 1936 3313 Heius.
1964 3269 2053 3309 Vid.
2068 3270 2205 3310 Heius.

12 3349 13 3366 l
