2483 3616
241 203 346 262 954
718 170 1277 238 P.0V1D11

1349 174 1882 235 NASONIS

535 296 647 353 Ora
669 310 862 351 cruore
889 292 984 347 suo
1008 308 1020 344 z
1057 288 1387 361 'fugientibus
1411 288 1596 353 instat,
1635 292 1692 345 δε
1716 309 1910 364 agmen

538 369 796 426 Concitat
821 363 1157 437 Antiphates,
1198 365 1428 424 co'e‘unt,
1466 359 1522 413 &
1549 360 1665 416 saxa
1689 366 1971 439 trabesque

398 464 505 518 240
542 442 878 498 Continuant
905 464 917 493 ε
959 448 1320 509 merguntque
1347 433 1520 496 vimS,
1559 450 1918 509 merguntque
1943 440 2144 496 carinas

544 515 662 570 Una
687 526 897 573 tamen,
933 527 1070 584 quae
1098 526 1225 572 n08,
1261 507 1541 579 ipsumque
1567 505 1797 560 vehebat
1825 509 2053 579 Ulixen,

542 584 765 657 Effugit.
806 583 986 639 amissa
1011 583 1280 637 sociorum
1309 592 1459 653 parte
1478 623 1489 641 ‚
1531 576 1777 633 dolentes
1797 623 1808 643 ‚

539 660 825 730 Multaque
853 655 1129 729 conquesti
1156 653 1310 708 terris
1338 651 1631 707 adlabimur
1657 651 1754 706 illis
1771 691 1786 715 ,

542 733 689 806 Quas
717 732 906 803 procul
934 731 1058 784 hinc
1085 728 1275 782 cernis.
1311 725 1502 798 procul
1527 724 1653 778 hine
1681 725 1779 779 tibi
1808 728 2016 798 (cerne)
2045 731 2275 788 videnda
2292 734 2367 788 est

394 827 496 881 245
534 806 729 870 Insula,
770 804 874 861 visa
897 803 1044 859 mihi.
1083 817 1279 874 tuque,
1318 795 1647 870 ojustiffime
1667 797 1912 864 Troum,

299 1020 386 1074 238.
413 1026 485 1058 Ora
516 1031 629 1057 cruore
648 1016 749 1068 suo]
789 1017 831 1056 In
864 1027 944 1057 uno
977 1027 1067 1054 meo
1091 1042 1102 1062 ,
1139 1013 1304 1054 Membra

254 1087 369 1114 eruore
384 1074 456 1122 suo.
485 1072 656 1108 CioFAN.

307 1137 391 1174 239.
417 1128 465 1160 Et
482 1121 577 1171 saxa
605 1120 787 1171 trabesque
807 1117 1049 1169 conjiciunt.]
1091 1117 1134 1155 In
1155 1116 1307 1156 Caelest.

256 1178 448 1224 Trabesque
501 1172 713 1210 concutiunt.
777 1172 893 1208 IDEM,
949 1170 1172 1208 Continuant
1219 1168 1309 1206 alter

255 1227 465 1274 Hamburg.
507 1225 545 1262 δε
582 1235 647 1272 pro
681 1223 820 1261 diversa
845 1221 1008 1260 lenione
1036 1223 1144 1269 prim.
1172 1219 1309 1257 Erfurt.

256 1277 361 1327 quod
389 1275 553 1323 impense
583 1275 724 1324 placet,
751 1274 826 1310 hoc
846 1273 916 1317 est,
946 1272 1020 1309 fine
1041 1269 1309 1309 intermiffione

256 1329 403 1377 iaetant.
431 1326 477 1364 fic
510 1327 710 1363 continuare
739 1325 841 1374 dapes
872 1322 969 1373 apud
992 1323 1194 1361 Horatium
1213 1321 1307 1360 libro

256 1392 302 1418 Π.
323 1380 394 1417 Sat.
418 1389 473 1415 vi.

488 1437 686 1475 succinerus
709 1435 852 1488 cursitat
872 1436 982 1487 hospes
995 1463 1006 1482 ‚

308 1490 570 1538 Continuatque
589 1489 700 1539 dapes.

260 1541 393 1580 Statius
415 1541 538 1578 Theb.
560 1551 612 1578 IX.
640 1552 725 1589 291.

311 1605 586 1653 Thisbaeumque
610 1610 728 1653 Lyoan
746 1601 1083 1651 Anthedoniumque
1104 1605 1269 1651 Lycetum

312 1656 509 1694 Continuat
520 1656 627 1701 ferro.

262 1707 301 1745 δε
324 1707 447 1745 Theb.
470 1718 540 1744 xi1.
563 1718 646 1754 745.
674 1705 720 1744 de
742 1705 916 1750 Theseo,

313 1757 464 1795 Aloidas
477 1759 612 1805 fratres
634 1756 738 1794 trinis
758 1767 825 1794 tres
843 1757 978 1794 eminus
998 1754 1102 1803 hastis

317 1815 527 1845 Continuat.

265 1859 352 1898 hinc
371 1859 542 1896 continuis
561 1857 634 1896 telis
652 1858 750 1908 apud
761 1857 922 1896 eundem
936 1857 1112 1903 Ismenus,
1125 1855 1251 1895 Theb.
1263 1866 1316 1894 xx.

293 1922 312 1947 2
343 1940 351 1948 .

266 1923 291 1957 4
317 1923 466 2010 SJ'ldjstbire
486 1973 573 2011 quas
593 1958 705 2008 fluvio
726 1960 862 2004 caedes,
890 1973 978 2010 quae
987 1961 1120 2007 funera
1137 1967 1271 2009 portem

318 2012 505 2050 Continuis
527 2011 603 2048 telis
618 2039 627 2053 ‚
655 2010 793 2061 altoque
811 2011 989 2061 adopertus
1008 2023 1146 2048 acervo.

267 2062 366 2113 apud
389 2063 584 2099 Lucanum
608 2061 670 2099 lib.
690 2073 743 2099 1v.
775 2061 856 2109 158.

500 2112 602 2149 tellus
625 2111 706 2148 hinc
725 2112 840 2149 ardua
863 2112 961 2160 celsos

322 2163 520 2205 Continuat
543 2162 651 2200 colles.

272 2215 486 2259 continuari,
508 2214 568 2252 vel
588 2212 802 2259 continuare,
822 2226 889 2262 pro
909 2213 1070 2251 comitari
1089 2215 1200 2253 etiarn
1212 2213 1323 2252 sumi-

271 2276 329 2306 tur
344 2295 354 2312 ,
376 2267 422 2304 de
442 2277 519 2315 quo
541 2266 745 2313 Schoppius
764 2265 924 2314 Suspect.
949 2265 1054 2303 Lest.
1065 2265 1158 2303 libro
1173 2279 1227 2303 iv.
1242 2277 1322 2314 cap.

277 2319 335 2358 16.
377 2318 416 2355 ὃς
446 2317 544 2354 notis
573 2316 618 2353 ad
649 2317 851 2366 Apulejum
881 2328 961 2366 pag.
983 2317 1043 2353 62.
1071 2317 1174 2366 quod
1197 2316 1321 2354 eidem

273 2369 440 2419 Apulejo
458 2366 688 2406 reddendum
711 2368 803 2405 libro
820 2380 893 2405 vii.
916 2370 1105 2404 Detratssus
1116 2368 1164 2404 ad
1176 2377 1322 2412 terram,

274 2432 318 2460 ey·
345 2419 467 2469 pugnis
491 2417 650 2467 pulsatus
663 2446 674 2463 ,
702 2430 745 2457 ω’
765 2418 912 2456 calcibus
932 2419 1089 2466 contusus
1102 2446 1112 2462 ,
1139 2417 1220 2466 infit
1236 2418 1326 2467 deje-

274 2484 379 2514 rans,
408 2470 548 2507 nullum
576 2470 608 2515 fis
635 2469 755 2518 vidisse
783 2470 982 2513 dunorem,
1013 2470 1074 2518 sed
1096 2468 1199 2517 plane
1218 2469 1327 2506 conti-

276 2532 428 2559 nuatum
444 2549 454 2565 ,
480 2519 633 2565 solutum
662 2531 705 2559 (φ
725 2520 928 2568 fhlitarium
944 2549 954 2566 ,
981 2520 1020 2557 ob
1042 2520 1215 2557 indicinae
1232 2529 1328 2569 proe-

278 2572 390 2609 mium
411 2572 581 2620 occupasse.
610 2572 660 2608 ita
680 2571 810 2616 scribo,
833 2572 968 2609 cumin
980 2573 1132 2621 optimis
1144 2572 1330 2609 membra-

277 2623 333 2659 nis
364 2621 405 2658 fit
437 2622 666 2659 caminatum.
695 2622 807 2670 vulgo
840 2622 1109 2666 concinnatum3
1150 2623 1331 2659 continua-

279 2682 357 2708 tum
382 2673 556 2709 continue
575 2672 750 2710 secutum.
783 2674 998 2710 Concutiunt
1020 2674 1173 2711 Thuan.
1196 2673 1332 2711 deinde

281 2726 401 2759 coeunt
420 2722 458 2758 in
470 2723 563 2769 saxa
585 2722 618 2760 S.
639 2723 782 2769 Marci,
809 2726 915 2772 prim.
937 2725 1231 2762 Moret.&unus
1243 2725 1327 2762 Me-

281 2773 351 2812 dic.
383 2773 525 2810 Heius.

333 2835 417 2870 241.
447 2830 521 2859 Una
545 2822 702 2872 tamem]
734 2830 842 2860 Prora
869 2834 989 2862 tamen
1009 2837 1102 2864 unus
1122 2825 1264 2864 Medic.
1283 2837 1329 2864 ex

280 2875 336 2919 >3⁷st
363 2876 444 2920 164

335 2938 417 2971 241.
453 2925 627 2973 Ipsumque
649 2923 794 2960 vehebat
819 2924 1003 2972 Ulyffem.]
1035 2925 1075 2961 In
1090 2925 1226 2963 eodem
1237 2925 1330 2963 libro

284 2976 427 3015 Ferebat
456 2975 602 3012 Ulixem.
630 2976 799 3013 CiorAN.
837 2975 1031 3024 fidumque
1059 2976 1164 3022 prim.
1193 2977 1332 3013 Moret.

284 3030 322 3066 ἃ
358 3029 465 3076 prim.
492 3026 639 3063 Eonon.
671 3026 801 3074 Ulyssen
829 3028 940 3062 etiam
971 3025 1157 3063 meliores.
1186 3026 1333 3062 Herus.

285 3078 429 3117 Ferebas
444 3106 452 3122 ‚
481 3077 583 3126 quod
605 3077 784 3114 Ciofanus
803 3088 848 3114 ex
870 3076 962 3113 libro
973 3075 1144 3125 producit
1159 3104 1169 3120 ‚
1196 3088 1273 3113 non
1287 3076 1336 3113 est

284 3129 571 3169 admittendum.
601 3128 649 3165 est
682 3129 783 3165 enim
815 3127 974 3166 imitatio
1005 3127 1207 3175 Virgiliana
1224 3126 1285 3165 lib.
1308 3139 1335 3164 1.

293 3194 332 3220 11
367 3211 374 3217 .

338 3193 452 3267 13(me
468 3259 476 3274 ‚
505 3243 593 3281 quae
606 3230 719 3278 Lycios
735 3228 918 3279 fidumque
939 3227 1086 3265 vehebat
1108 3235 1285 3267 Orontem.

286 3282 384 3319 unde
407 3283 526 3367 1{tiam
555 3281 644 3320 illud
668 3280 851 3330 fidumque
880 3278 1061 3329 arripuisse
1081 3278 1244 3320 librarios
1265 3292 1332 3330 pu-

286 3341 375 3369 tem.
439 3344 537 3369 unm.

2263 879 2403 934 Nate

1411 1023 1496 1059 242.
1523 1010 1638 1062 Fugit.
1665 1021 1709 1053 ev*
1735 1012 1857 1063 amissa
1876 1011 1977 1062 ἕνα]
2006 1011 2201 1060 Emenda‚
2229 1027 2274 1053 ex
2293 1015 2412 1066 script.

1363 1065 1537 1102 omnibus
1551 1092 1561 1108 ‚
1590 1063 1731 1113 Effugit.
1752 1065 1884 1114 amissa.
1914 1065 1986 1103 Sed
2006 1066 2045 1103 in
2059 1077 2135 1104 uno
2154 1078 2243 1105 meo
2255 1067 2411 1117 legitur,

1364 1114 1506 1164 Effugit.
1534 1115 1661 1162 emiffa.
1690 1116 1860 1154 CioFAN.

1414 1177 1498 1215 243.
1523 1165 1780 1216 Adlabimur.]
1813 1166 1998 1205 illabimur
2028 1167 2098 1216 istis
2125 1169 2248 1207 Vatic.
2276 1169 2315 1207 δί
2335 1169 2413 1219 sep-

1363 1223 1441 1255 tem
1475 1217 1546 1255 alii.
1574 1217 1734 1255 malebat
1756 1218 1869 1257 etiam
1892 1218 2088 1266 Heinsius,
2116 1219 2300 1271 multaque
2315 1229 2416 1270 prae·-

1366 1267 1482 1318 questi.
1511 1278 1552 1306 ut
1571 1268 1632 1306 lib.
1653 1280 1706 1306 iv.
1728 1281 1812 1317 251.

1419 1331 1503 1366 244.
1528 1318 1652 1355 Procul
1681 1318 1763 1356 hinc
1797 1320 1887 1357 mihi
1909 1322 2001 1358 crede
2019 1320 2216 1370 videnda.]
2247 1321 2323 1359 Tibi
2343 1322 2418 1360 cede

1364 1379 1483 1420 quart.
1505 1370 1646 1408 Medic.
1668 1372 1817 1416 tertius,
1845 1371 1910 1409 tibi
1930 1372 2025 1409 credo
2047 1373 2154 1422 prim.
2176 1374 2350 1412 Gronov.
2377 1375 2416 1412 &

1365 1430 1437 1460 tres
1457 1421 1530 1460 alii.
1557 1420 1623 1457 tibi
1645 1431 1731 1458 certe
1749 1422 1895 1470 Junian.
1924 1423 2029 1473 Lege
2043 1451 2054 1469 ,

1547 1486 1670 1525 Procul
1687 1486 1768 1525 hinc
1789 1488 1854 1527 tibi
1878 1488 2004 1539 (cerne)
2027 1489 2184 1528 videnda
2203 1489 2247 1538 est

1420 1539 1563 1589 Insula,
1593 1538 1672 1587 visa
1694 1538 1794 1577 mihi.

1367 1600 1434 1639 tibi
1460 1601 1555 1639 crede
1581 1600 1774 1640 videndam
1795 1603 1954 1652 Neapol.
1974 1603 2131 1642 videnda
2154 1603 2197 1653 est
2219 1605 2324 1653 prim.
2345 1604 2426 1643 Va-

1369 1652 1522 1742 ἓξὲξ..
1542 1654 1654 1692 Paulat.
1673 1652 1845 1692 Cantabr.
1865 1662 1983 1704 quart.
2003 1655 2144 1695 Medic.
2166 1657 2204 1694 &
2222 1655 2330 1694 multi
2351 1655 2431 1694 alii.

1422 1767 1506 1803 245.
1533 1754 1762 1806 Justiffi'me.]
1799 1755 1988 1805 Fortiffi'me
2010 1757 2096 1796 Sixi.
2126 1766 2233 1806 tuque
2266 1755 2426 1806 illustris·

1364 1804 1452 1856 sime
1485 1806 1584 1844 Basil.
1619 1806 1792 1855 mitiffi'me
1821 1808 1910 1845 alius
1939 1807 2041 1846 Bafil.
2080 1808 2251 1846 Teucrum
2285 1808 2431 1846 Medic..

1372 1859 1499 1947 tgrtius
1519 1858 1557 1896 δε
1579 1870 1672 1897 unus
1685 1858 1985 1898 Heinfii.deinde
1998 1865 2119 1898 Maste
2131 1860 2304 1898 notandus
2319 1860 2434 1909 prim..

1414 1920 1549 1947 ronow

1427 1971 1509 2008 247.
1540 1966 1628 2010 Fuge
1656 1959 1760 1997 litora
1789 1958 1942 2010 Circes.]
1981 1961 2092 1999 Hanc
2112 1961 2293 1999 Maricam
2316 1962 2429 2010 nym-‘

1376 2010 1488 2059 pham
1521 2010 1591 2048 effe
1621 2020 1752 2049 monet
1775 2012 1988 2050 Lactantius
2009 2013 2101 2050 libro
2125 2013 2245 2060 primo
2265 2012 2311 2051 de
2331 2011 2428 2050 Falsa

1377 2062 1586 2110 Religione.
1615 2062 1814 2111 quomodo
1827 2074 1871 2100 ex
1884 2063 2051 2100 Romulo
2067 2064 2266 2112 Quirinus,
2294 2076 2338 2101 ex
2354 2063 2431 2101 Le-

1377 2111 1423 2149 da
1444 2112 1612 2150 Nemesis
1626 2141 1636 2157 ,
1665 2124 1709 2150 ex
1731 2113 1850 2150 Inone
1871 2114 2089 2152 Leucothea
2110 2115 2148 2151 &
2170 2122 2288 2152 mater
2298 2114 2428 2151 Matu-

1377 2170 1436 2207 ta,
1465 2175 1510 2201 ex
1523 2164 1715 2201 Melicerta
1729 2164 1943 2209 Palaemon,
1967 2165 2243 2207 sellportunus,
2272 2176 2318 2202 ex
2333 2165 2432 2213 Hip-

1377 2215 1510 2264 polyto
1534 2215 1682 2253 Virbius
1702 2215 1769 2252 fint
1789 2216 1890 2254 faeti.
1920 2216 2080 2254 Maricae
2101 2215 2429 2265 Nymphaernemi-

1380 2267 1436 2303 nit
1476 2266 1652 2315 Virgilius
1688 2266 1872 2304 AEneidos
1907 2279 1965 2304 vn
1980 2295 1990 2311 ,
2029 2279 2065 2304 v.
2093 2278 2152 2313 47.
2188 2278 2283 2315 quae
2314 2265 2434 2304 Fauni.

1381 2329 1476 2405 ἔχω
1497 2317 1616 2355 fuerit.
1643 2316 1703 2355 sed
1727 2317 1819 2356 nihil
1839 2317 1912 2356 illic
1933 2317 2078 2357 Servius
2099 2318 2145 2356 de
2165 2318 2272 2357 Circe
2293 2316 2430 2365 nostrae

1426 2380 1529 2406 Eius.

1431 2418 1516 2466 248.
1547 2424 1617 2455 Nos
1637 2418 1808 2469 quoque]
1840 2425 1912 2456 Nos
1934 2420 2032 2458 modo
2051 2421 2169 2458 Gron.
2189 2420 2297 2468 prim.

1432 2482 1517 2519 249.
1548 2470 1815 2521 Immansueti.]
1855 2471 2032 2508 Crudelis.
2065 2470 2153 2508 illud
2179 2470 2271 2509 vero
2290 2470 2430 2519 epithe-

1382 2529 1452 2559 ton
1494 2532 1623 2569 parum
1658 2522 1794 2559 feritati
1833 2522 2008 2570 Cyclopis
2042 2522 2243 2560 convenire
2275 2521 2438 2559 videtur.
2482 2522 2483 2570 ζ

1385 2573 1557 2610 Remus.
1585 2571 1644 2609 Sic
1673 2572 1771 2621 apud
1803 2573 1886 2610 Gel.
1906 2573 1966 2610 lib.
1989 2585 2024 2610 2.
2046 2585 2078 2610 c.
2098 2574 2132 2610 6.
2159 2571 2432 2621 reprehenditur
2480 2584 2483 2622 ,Ῑ

1385 2624 1490 2672 Virg.
1520 2622 1623 2672 quod
1653 2621 1796 2661 dixiffet
1825 2623 2044 2661 illaudatum
2072 2622 2300 2666 Busiridem,
2333 2619 2434 2670 quasi
2482 2634 2483 2637 ¹

1387 2674 1425 2713 id
1443 2674 1636 2722 epitheton
1658 2675 1803 2712 tenuius
1823 2686 1864 2711 ac
1884 2674 2002 2712 levius
2024 2675 2121 2712 foret
2147 2684 2257 2722 quam
2282 2684 2348 2720 pro
2360 2672 2434 2711 Bu·
2480 2677 2483 2719 ξ

1383 2725 1495 2763 firidis
1515 2724 1752 2768 crudelitate;
1781 2724 1840 2762 sed
1861 2733 1900 2762 ut
1920 2725 2008 2763 illud
2030 2724 2167 2762 ibidem
2188 2734 2208 2759 a
2228 2723 2351 2760 Gellio
2370 2723 2433 2761 de·
2480 2721 2483 2737 ¹

1383 2776 1568 2819 fenditur,
1594 2775 1644 2812 ita
1674 2775 1856 2813 hocloco
1877 2775 2059 2812 Ovidium
2086 2785 2239 2822 quoque
2269 2773 2368 2811 reete
2394 2774 2435 2812 &

1383 2827 1540 2864 aliorum
1562 2826 1739 2874 exemplo
1755 2853 1765 2869 ‚
1793 2825 2065 2873 immansuetum
2080 2824 2304 2873 Cyclopem,
2328 2823 2433 2862 dixis·
2480 2821 2482 2868 ξ

1385 2876 1420 2914 se
1448 2888 1515 2924 pro
1535 2876 1639 2914 valde
1669 2887 1712 2913 ac
1740 2875 1879 2924 prorsus
1913 2875 2047 2912 crudeli
2071 2875 2350 2913 existimandum
2375 2874 2439 2913 est..
2478 2885 2482 2915 ι

1387 2927 1566 2964 Μιςγῑι.
1595 2927 1755 2963 Notatur
1777 2925 1957 2969 Ovidius,
1987 2924 2089 2974 quod
2109 2925 2334 2974 immansueti
2355 2924 2434 2961 ἐπί·
2478 2958 2480 2971 1

1391 2977 1421 3013 de
1430 2990 1484 3012 τον
1503 2977 1724 3025 Polyphemi
1745 2975 1921 3024 Cyclopis
1933 2977 2068 3014 feritati
2081 2989 2207 3025 parum
2222 2976 2440 3020 conveniat,¹
2478 2978 2481 3003 ³

1390 3039 1468 3064 non
1488 3035 1526 3064 ut
1549 3028 1592 3064 ab
1615 3027 1870 3074 interpretibus
1886 3054 1895 3070 ‚
1924 3026 1983 3064 sed
2005 3026 2192 3065 aCriticis.
2218 3026 2359 3064 Verum
2371 3037 2435 3064 ve·
2477 3070 2480 3075 1

1391 3078 1546 3114 hemens
1567 3089 1609 3114 ea
1629 3077 1677 3115 est
1696 3088 1772 3114 vox
1787 3105 1797 3122 ,
1826 3077 1850 3114 fi
1873 3078 2044 3116 introrsus
2064 3078 2232 3128 aspicias,
2262 3077 2355 3116 &de
2367 3078 2435 3115 Po·
2477 3077 2480 3090 ’

1391 3128 1572 3176 lyphemo
1604 3128 1674 3166 dici
1704 3129 1752 3166 ita
1783 3140 1966 3176 congrua,
1995 3128 2096 3166 velut
2117 3128 2161 3166 ab
2181 3128 2326 3166 Ovidio
2347 3139 2436 3166 con-

1393 3179 1515 3226 digna.
1553 3180 1632 3216 Nos
1652 3180 1775 3228 itaque
1798 3180 2127 3218 eminentissimum
2149 3182 2301 3228 po'e'tam
2317 3207 2327 3223 ‚
2354 3178 2438 3227 qui*

1393 3241 1466 3278 que
1496 3228 1530 3266 se
1559 3230 1648 3267 ultra
1676 3230 1980 3268 emendationem
2005 3231 2153 3269 istorum
2176 3230 2387 3279 protulerit,
2412 3225 2436 3264 εὶ

1394 3281 1575 3317 calumnii
1599 3280 1856 3325 defendimus,
1887 3282 1923 3319 in
1937 3280 2205 3319 huncmodum
2217 3278 2433 3329 responden·

1388 3340 1453 3370 tes.
1473 3332 1700 3381 Mansuetum
1721 3331 1821 3382 quasi
1833 3344 1944 3370 manu
1965 3333 2132 3381 assuetum
2146 3358 2158 3378 ,
2186 3330 2287 3382 quod
2299 3328 2432 3369 omnia,
2475 3380 2477 3385 Ι

2345 3385 2432 3428 quae
