2483 3616
760 208 822 266 P.
899 208 1316 268 OVIDII
1388 204 1923 264 NASONIS

553 301 642 359 Ille
670 301 763 359 diu
785 304 1039 378 pavidu3‚
1075 304 1275 376 pariter
1299 319 1426 359 cum
1448 315 1631 359 mente
1655 304 1898 360 colorem

418 394 517 431 100
552 376 903 441 Perdiderat3
945 377 1238 450 gelidoque
1262 394 1452 433 comae
1477 389 1686 432 terrore
1711 377 1973 448 rigebant.

545 450 695 506 Ecce
719 451 820 506 viri
848 450 1079 516 fautrix,
1119 451 1328 524 superas
1353 450 1559 523 delapsa
1585 467 1682 522 per
1704 467 1882 514 aura3‚

543 523 710 579 Pallas
732 523 901 580 adest:
943 536 1231 598 motaeque
1252 524 1406 597 jubet
1427 524 1726 595 supponere
1752 536 1927 579 terrae

546 595 814 670 Vipereos
839 598 1256 672 denteS‚populi
1279 598 1611 653 incrementa
1636 595 1820 652 futuri.

545 669 732 726 Paret:
776 671 862 735 δε,
903 684 963 727 ut
988 671 1163 745 presso
1187 671 1392 727 sulcum
1414 669 1671 742 patefecit
1697 684 1904 736 aratr0‚

415 760 513 814 105
553 744 760 816 Spargit
785 745 935 800 humi
955 744 1116 815 jussos
1131 784 1147 808 ‚
1185 743 1429 799 mortalia
1453 743 1679 808 semina,
1719 743 1927 801 dentes·

540 815 671 870 Inde
699 816 840 884 (fide
865 817 1068 887 majus)
1094 815 1280 889 glebae
1302 833 1538 890 coepere
1564 817 1805 881 moveri3

543 888 832 960 Primaque
859 888 929 943 de
954 890 1107 944 sulcis
1130 890 1269 945 acies
1291 890 1535 963 adparuit
1562 889 1756 945 hastae.

543 960 819 1032 Tegmina
856 979 988 1018 mox
1011 963 1249 1037 capitum
1270 963 1416 1037 pisso
1440 963 1682 1018 nutantia
1705 979 1875 1016 cono:

548 1032 693 1088 Mox
719 1033 929 1091 humeri
952 1036 1274 1111 peRusque‚
1313 1049 1642 1110 onerataque
1668 1035 1883 1091 brachia
1906 1033 2023 1089 telis

412 1125 510 1162 110
546 1104 826 1162 Existunt:
865 1110 1166 1184 crescitque
1191 1111 1340 1184 seges
1365 1112 1605 1184 clypeata
1628 1110 1886 1164 virorum.

547 1180 663 1246 Sic,
700 1181 793 1236 ubi
817 1183 1078 1237 tolluntur
1103 1183 1244 1238 festis
1269 1185 1450 1239 aulaea
1475 1184 1722 1247 theatriS‚

544 1253 774 1328 Surgere
798 1255 940 1328 signa
963 1255 1167 1321 solent;
1207 1259 1552 1331 primumque
1578 1255 1862 1312 ostendere
1885 1254 2124 1318 vultum,

257 211 352 280 178

2290 1327 2417 1382 Cea-

1408 1405 1545 1442 'Ae‘e'tae
1564 1404 1718 1442 tradidit
1739 1405 1824 1442 dono
1838 1433 1849 1449 ‚
1866 1402 2042 1460 simulque
2060 1398 2122 1451 ipfi
2139 1400 2359 1443 interfee‘lori.

315 1413 377 1452 99.
414 1402 476 1440 Ille
508 1402 569 1440 diu
590 1404 747 1455 pavidus
771 1404 906 1455 pariter
945 1417 1023 1443 cum
1055 1418 1136 1443 voce
1163 1405 1303 1444 colorem

1411 1457 1476 1493 Sed
1496 1455 1552 1503 iste
1572 1456 1731 1493 Boeoticis
1750 1469 1858 1493 arans
1878 1463 2006 1504 campis

261 1453 507 1504 Perdiderat]
541 1456 581 1492 ln
602 1455 684 1494 trib.
706 1463 778 1493 vet.
811 1456 849 1493 &
879 1454 952 1494 alio
984 1456 1040 1494 Ιο.
1063 1456 1170 1501 Dei,
1209 1463 1304 1494 Cum

258 1515 371 1543 :mente
402 1505 554 1544 colorem.
594 1507 711 1556 Quod
744 1506 835 1545 milii
859 1518 938 1545 non
970 1507 1112 1556 prorsus
1133 1506 1304 1557 displicet.

244 1557 471 1594 (hortanus.
511 1563 603 1595 Cum
625 1568 738 1595 mente
758 1557 930 1607 potiores.
959 1558 1159 1596 minimum
1180 1559 1303 1597 refert.

256 1606 462 1648 Hiimsius.
492 1609 591 1647 Vide
614 1609 660 1647 ad
681 1622 728 1647 11.
751 1610 833 1647 Art.
860 1622 945 1659 450.
965 1610 1045 1648 inde
1066 1610 1129 1648 diu
1144 1609 1304 1661 pavidus

253 1658 461 1708 Cantabrig.

311 1721 391 1747 101.
430 1715 511 1747 Ecce
542 1711 615 1748 viri
636 1710 822 1762 fautrix.]
862 1712 1116 1761 Repentinum
1148 1712 1299 1751 Palladis

255 1758 458 1798 adventum
481 1761 538 1799 illa
559 1763 732 1810 particula
751 1776 817 1799 ecce
836 1761 1021 1812 fignificat.
1059 1763 1119 1801 Ac
1139 1764 1298 1803 Ovidius

251 1810 407 1859 quidem
429 1811 578 1850 Palladis
607 1812 704 1861 juffii
734 1813 861 1851 dentes
891 1814 1062 1863 serpentis
1093 1813 1115 1852 a
1147 1814 1296 1854 Cadmo

176 1865 179 1867 ’
255 1861 305 1897 ait
324 1860 442 1899 ‘fuisse
471 1862 668 1901 seminatos
691 1877 700 1901 :
742 1864 986 1913 Lysimachus
1010 1877 1101 1903 vero
1125 1894 1136 1911 ,
1173 1867 1298 1905 Marte

246 1911 402 1961 jubente
417 1941 426 1957 ‚
451 1922 571 1951 narrat
590 1914 785 1952 seminatos
817 1914 934 1956 fuisse.
980 1916 1211 1966 Pherecydes
1233 1929 1298 1956 au·

251 1969 329 2000 tem
361 1963 479 2001 scribit
511 1965 673 2002 Martem
707 1977 748 2002 ac
780 1966 964 2004 Palladem
1006 1967 1176 2016 serpentis
1207 1968 1299 2008 illius

253 2012 383 2051 dentes
406 2014 443 2051 in
467 2014 553 2052 duas
576 2024 692 2065 partes
714 2018 882 2066 aequales
915 2017 1067 2056 divififfe
1091 2048 1102 2064 ‚
1129 2019 1301 2058 alteram-

251 2074 325 2113 que
351 2064 498 2102 Cadmo
511 2094 522 2111 ,
535 2066 685 2104 alteram
706 2067 851 2105 Aeetae
871 2068 1053 2106 tradidisse
1066 2098 1076 2114 ‚
1090 2070 1298 2109 Cadmum-

249 2125 325 2164 que
345 2115 423 2152 illos
443 2116 632 2154 seminasse
646 2146 656 2162 ‚
669 2130 713 2155 ex
736 2119 865 2167 quibus
883 2120 1056 2158 homines
1076 2121 1207 2158 armati
1226 2121 1296 2160 sint

249 2165 339 2202 nati.
367 2165 530 2204 Rzoxus.
558 2174 688 2205 Fautor
710 2169 791 2206 MS.
824 2169 1048 2209 Bersinanni.
1079 2180 1120 2209 ut
1149 2172 1200 2209 ita
1229 2187 1295 2210 au-

250 2217 321 2251 tior
336 2217 489 2267 ,sponsor
509 2219 549 2256 &
570 2218 697 2257 similia
720 2219 767 2258 de
789 2220 935 2259 feminis
958 2221 1140 2260 dicuntur.
1155 2222 1295 2272 fhbitas

249 2272 320 2305 tres
338 2267 430 2306 libri.

308 2330 391 2357 101.
423 2325 564 2369 Superas
585 2320 719 2370 delapsa
732 2330 792 2371 per
813 2322 960 2373 auras.]
998 2329 1124 2361 Tenues
1146 2337 1252 2364 unus.

310 2380 392 2407 102.
421 2377 605 2422 Motaeque
616 2372 715 2421 jubet
728 2373 910 2422 supponere
930 2385 1042 2412 terrae
1055 2376 1201 2424 Vipereos
1212 2376 1295 2413 den-

250 2419 341 2469 ter]
380 2421 470 2458 Hoc
485 2450 494 2466 ,
523 2423 680 2470 opinor,
704 2422 851 2472 sumpsit
872 2436 917 2461 ex
940 2425 1114 2474 Euripide
1124 2427 1163 2463 in
1175 2427 1295 2464 Phoe-

250 2469 369 2523 pissis,
396 2471 458 2508 ubi
481 2473 519 2509 ὃς
541 2473 586 2510 de
610 2473 757 2511 Cadmo
772 2502 782 2518 ‚
810 2475 847 2511 δε
878 2475 924 2512 de
954 2476 1119 2525 serpente
1142 2505 1153 2522 ‚
1179 2489 1294 2526 quein

249 2518 310 2554 ille
323 2520 536 2574 interfecit,
562 2524 694 2563 scribit.
733 2525 874 2574 Tangit
896 2527 935 2563 &
955 2527 1051 2564 hanc
1073 2539 1152 2564 rem
1177 2528 1296 2577 Apol-

252 2567 372 2607 lomus
395 2572 560 2611 Rhodius
580 2574 639 2611 lib.
664 2587 728 2613 111.
751 2577 894 2624 Argon.
918 2577 980 2614 ubi
1002 2579 1147 2615 fontem
1162 2606 1173 2622 ‚
1199 2579 1296 2627 apud

252 2629 366 2668 quein
389 2622 530 2671 serpens
562 2626 862 2664 commorabatur
884 2656 896 2673 ,
933 2629 1150 2666 Aretiadam
1172 2636 1294 2668 vocat.
1313 2664 1316 2666 .

248 2670 366 2719 Cujus
387 2672 477 2710 haec
498 2673 577 2712 sunt
594 2689 602 2712 :

354 2741 456 2750 ·-—
482 2725 572 2770 11552
594 2725 634 2762 δὲ
654 2726 740 2772 σφῖν
755 2728 859 2764 ’ioum

301 2773 442 2818 era'av
461 2772 593 2817 Αἰήτης
611 2780 804 2821 χκλεπιῦς
819 2779 855 2821 ἐς
877 2779 1000 2816 ἄεθλον
1020 2780 1165 2827 ὀδόντας
1183 2815 1186 2817 Α

301 2822 447 2861 Αἷινὶσιο
465 2823 660 2869 δράκοντος.
682 2827 869 2874 ξὐὦγυγὶῃ
894 2829 946 2865 {vi
959 2831 1057 2876 Θήβῃ

299 2876 448 2919 Κάδμος
465 2871 519 2913 ἴτ’
539 2876 699 2921 Εὐρώπην
717 2878 898 2925 διζήμενος
917 2879 1127 2928 εἰσαφίκανε

301 2926 467 2974 Πέφνεν,
486 2922 691 2973 Α’ρῆτιάέᾈ..
715 2930 785 2966 &c.
811 2930 849 2967 id
871 2930 940 2968 est:

559 2980 669 3015 Dedit
689 2980 781 3016 enim
803 2979 876 3029 ipfis
897 2982 1114 3019 venientibus

299 3033 376 3065 Rex
396 3031 528 3065 Ae'e'tas
542 3029 738 3079 periculofhs
760 3031 807 3066 ad
828 3042 999 3069 certamen
1020 3034 1136 3069 dentes

301 3079 446 3116 :Boeotici
467 3081 636 3116 Draconis
650 3109 660 3125 ,
689 3095 788 3131 quem
811 3083 976 3130 Ogygiam
999 3084 1047 3118 ad
1069 3082 1201 3120 Theben

301 3130 460 3166 Cadmus
473 3158 484 3175 ‚
510 3132 648 3181 quando
670 3136 823 3180 Europen
843 3133 1019 3181 inquirens
1037 3134 1137 3170 venit
1150 3162 1160 3178 ‚

301 3183 477 3226 Conse’cit,
506 3182 698 3218 Aretiadae
710 3183 808 3228 fonti
830 3184 994 3229 custodem
1015 3183 1234 3232 exfistentem.

302 3230 365 3265 -Ubi
388 3244 430 3270 &²
450 3231 652 3277 habitavit,
678 3233 845 3269 conducio
866 3234 986 3279 bovis,
1007 3248 1114 3284 quam
1126 3236 1155 3272 ei
1166 3235 1288 3285 Apollo

302 3280 438 3317 Tribuit
458 3296 499 3318 ex
521 3283 687 3320 vaticinio
710 3285 827 3320 ducem
849 3285 938 3321 viae.

300 3328 378 3382 illos
400 3342 514 3371 aufem
536 3339 612 3373 Dea
634 3335 789 3375 Tritonia
811 3335 968 3376 maxillis
987 3336 1160 3389 eximens?

1412 1508 1572 1545 Cadmus
1582 1512 1621 1543 A
1618 1506 2016 1556 genorides‚terrigenam
2026 1503 2218 1541 concitavit
2222 1503 2404 1553 populump‘
2413 1533 2423 1544 ,

1414 1559 1548 1595 .Martis
1570 1558 1729 1596 metentis
1747 1559 1807 1609 qui
1820 1557 1887 1606 sub
1909 1556 2008 1604 hasta
2028 1554 2270 1611 occumberem.
2331 1606 2338 1612 ι

1357 1608 1413 1648 At
1433 1609 1624 1658 Euripides
1652 1609 1741 1647 loco
1774 1608 1887 1646 citato
1909 1608 2050 1644 Dircen.
2097 1606 2172 1643 Ubi
2191 1605 2399 1655 sapientiffi«
2419 1625 2423 1630 -

1357 1673 1440 1699 mus
1462 1661 1603 1705 Poeta,
1628 1671 1743 1709 quein
1765 1658 1987 1709 Apollonius
2007 1659 2047 1695 δε
2065 1656 2227 1713 ‚Ovidius
2242 1657 2417 1712 sequun--

1356 1719 1429 1757 tur,
1443 1711 1554 1750 docet
1566 1711 1755 1749 Cadmum
1775 1709 1928 1748 Palladis
1948 1707 2101 1747 consilio
2121 1707 2292 1764 serpentis
2309 1707 2401 1765 den-

1354 1771 1432 1809 tes,
1460 1775 1506 1801 ex
1527 1763 1657 1813 quibus
1689 1762 1820 1801 armati
1851 1760 2025 1799 homines
2054 1766 2131 1797 nati
2160 1759 2264 1804 sunt,
2290 1758 2400 1815 semi«

1352 1814 1463 1853 nasse.
1491 1815 1707 1852 Cmrauus.
1733 1813 1920 1862 Neapolit.
1938 1811 2031 1850 miti.
2051 1809 2112 1847 sed
2123 1821 2175 1859 pr.
2191 1810 2401 1856 Mediceus„
2421 1841 2424 1844 .

1351 1866 1529 1917 matrique
1552 1865 1653 1916 jubet
1674 1866 1857 1916 supponere
1888 1874 2010 1901 terrae.
2036 1860 2198 1917 venuste.
2225 1860 2274 1899 sic
2292 1860 2417 1917 supra-

1350 1917 1412 1956 lib.
1435 1931 1463 1955 1.
1487 1917 1680 1967 Pythonem
1698 1917 1903 1965 serpen-tem
1926 1922 2020 1952 terra
2038 1920 2206 1961 genitum
2229 1911 2396 1969 fingitl&
2449 1952 2452 1953 ⁷

1354 1968 1458 2008 Silius
1478 1969 1538 2007 lib.
1561 1981 1615 2006 VI.
1637 1968 1858 2005 Africanum
1889 1965 1990 2003 illum
2023 1963 2229 2012 serpentem
2259 1974 2398 2012 terrige-

1355 2033 1441 2057 nam
1453 2028 1577 2058 vocat.
1590 2020 1629 2057 ὃς
1641 2018 1689 2056 sic
1701 2029 1814 2056 mater
1825 2028 1919 2054 terra
1932 2028 1978 2053 11.
1989 2014 2079 2052 Fast.
2094 2026 2111 2060 7
2123 2026 2178 2070 ‚¹9·
2191 2014 2230 2051 &
2242 2025 2399 2064 11¹·799·

1406 2078 1528 2109 Matre
1541 2071 1643 2120 satus
1667 2081 1761 2107 terra
1784 2068 1976 2116 monstrum
2000 2064 2160 2103 mirabile
2192 2075 2317 2102 taurus

1404 2128 1511 2160 Parte
1522 2122 1582 2170 sui
1592 2121 1728 2171 fierpens
1742 2119 1918 2170 posteriore
1931 2118 2020 2166 fuit.
2046 2117 2255 2153 HEINsius.
2282 2166 2288 2172 ἠ
2321 2166 2328 2172 ·
2369 2166 2377 2173 ⁸

1352 2172 1423 2211 Sed
1435 2184 1548 2211 motae
1567 2172 1709 2210 rectum
1722 2171 1783 2209 est.
1810 2169 1927 2207 Matri
1937 2167 2046 2206 nimis
2055 2174 2224 2215 argutum
2238 2166 2330 2203 mihi
2341 2179 2397 2205 vi-

1351 2223 1467 2262 detur.
1495 2223 1581 2262 vide
1603 2223 1650 2261 ad
1667 2235 1729 2261 xv.
1750 2223 1846 2260 Met.
1875 2233 1957 2271 554.
1974 2230 2042 2267 pro
2055 2218 2238 2272 supponere
2258 2217 2396 2255 Canta«

1350 2274 1532 2324 brigiensis
1566 2303 1578 2320 ,
1626 2275 1793 2325 deponere.
1838 2280 1879 2309 ut
1930 2267 2174 2324 saepesemina
2210 2266 2394 2323 depositum
2418 2286 2419 2289 =

1349 2326 1482 2363 telluris
1504 2333 1697 2364 vocantur.
1738 2325 1776 2361 ὃς
1798 2324 1848 2360 ita
1869 2321 2014 2370 plantae
2045 2327 2158 2355 etiam
2180 2330 2198 2356 a
2223 2318 2292 2355 Rei
2315 2319 2394 2356 Ru-

1349 2376 1457 2414 sticae
1476 2376 1705 2425 scriptoribus
1727 2373 1852 2423 passim
1867 2371 1984 2421 deponi
1996 2370 2182 2414 dicuntur,
2207 2369 2288 2424 &st
2309 2370 2395 2406 No-

1348 2427 1419 2465 stro
1442 2426 1601 2464 Remed.
1630 2426 1767 2463 Amor.
1803 2434 1884 2473 193.
1904 2421 2111 2472 fiebmittere
2141 2428 2217 2457 erat
2244 2431 2284 2457 m
2315 2431 2392 2457 uno

1350 2477 1504 2515 Heinffi.
1532 2477 1664 2514 Bmzm.
2173 2520 2179 2526 .
2345 2520 2352 2525 Ι

1404 2541 1486 2578 103.
1515 2528 1662 2578 Vipereos
1683 2524 1842 2576 dentes.j
1872 2522 2119 2573 Serpentinos.
2145 2520 2203 2557 Sic
2223 2519 2262 2557 δε
2283 2519 2395 2569 Episte

1348 2590 1404 2617 V1.
1479 2608 1487 2616 .

1404 2591 1550 2680 1⁷}p3ereos
1561 2630 1678 2666 dentes
1698 2629 1735 2666 in
1748 2627 1897 2664 humum
1913 2634 1976 2673 pro
1988 2623 2120 2680 semine
2131 2622 2256 2670 jaelos.
2280 2622 2396 2662 ΕΙοι-Ἂ,Ι
2415 2653 2420 2657 .

1405 2693 1488 2731 103.
1512 2680 1632 2730 Populi
1651 2681 1862 2717 incrementa
1874 2674 2036 2723 futuru]
2066 2674 2177 2711 Mart.
2200 2683 2254 2710 vx.
2276 2684 2311 2710 2.

1709 2726 1908 2777 Populisque
1920 2726 2059 2771 fieturzs

1401 2780 1575 2817 succurris
1598 2807 1610 2824 ,
1633 2778 1726 2827 nasci
1750 2791 1830 2828 quos
1855 2774 1928 2825 fine
1942 2775 2075 2822 fraude
2099 2772 2208 2824 jubes.
2236 2773 2418 2814 Douzig.

1402 2833 1485 2877 104'.
1511 2838 1638 2875 Paret,
1666 2842 1710 2869 ω’
1730 2826 1917 2877 impreſjo]
1958 2825 2080 2863 Scribe
2103 2853 2114 2869 ,
2152 2836 2195 2863 &³
2225 2835 2266 2861 ut
2279 2826 2395 2875 preffii..
2417 2856 2420 2859 .

1345 2881 1449 2930 quod
1483 2881 1723 2930 castigatiores
1756 2877 1967 2928 agnoscunt.
1993 2876 2104 2913 habes
2134 2882 2261 2913 tamen
2294 2876 2391 2924 apud

1347 2932 1476 2969 Silium
1508 2932 1600 2969 libro
1632 2943 1696 2967 111.
1723 2928 1870 2979 impreffii
1902 2927 2061 2964 tellurem
2092 2936 2225 2962 vertere
2253 2937 2387 2964 aratro.
2461 2965 2465 2969 ,

1345 2983 1544 3032 quomodo
1556 2982 1615 3019 ille
1628 2981 1710 3019 alibi
1720 2991 1886 3031 quoque.
1899 2979 2040 3017 Hiems.
2052 2977 2186 3015 Horat.
2199 2989 2225 3013 1.
2240 2976 2315 3015 Od.
2331 2989 2344 3016 1
2353 2976 2389 3016 6.

1451 3033 1730 3083 Imprimeretque
1749 3031 1857 3069 muris
1919 3080 1924 3085 1

1396 3083 1520 3130 Hostile
1541 3096 1706 3120 aratrum
1726 3082 1892 3119 exercitus
1912 3078 2066 3127 tnfhlens.
2244 3126 2269 3138 q

1401 3146 1482 3182 105.
1510 3135 1645 3184 Spargit
1665 3133 1765 3170 humi
1790 3131 1892 3182 juffiis
1921 3128 2076 3177 dentes.]
2124 3128 2275 3184 Proprie
2305 3128 2384 3168 usus

1343 3184 1392 3222 est
1405 3186 1590 3234 spargendi
1613 3185 1741 3222 verbo.
1778 3183 1889 3227 Humi
1920 3181 1957 3218 in
1988 3189 2109 3217 terras.
2159 3178 2257 3217 Vide
2289 3191 2410 3230 quae>

1345 3236 1476 3274 notavi
1498 3236 1534 3273 in
1558 3235 1717 3283 Epistola
1742 3231 1978 3283 Hypsipylae.
2026 3231 2240 3286 Ciorauus.
2257 3237 2382 3285 ‘Humo
2399 3245 2408 3256 ·—

1343 3286 1487 3327 videtur
1509 3286 1635 3323 anaor
1657 3292 1960 3335 argumentorum
1982 3281 2116 3330 iegisse.
2145 3280 2206 3317 ubi
2227 3280 2324 3318 vide.

1399 3347 1479 3383 107.
1507 3336 1737 3389 Primaque]
1775 3342 1965 3385 Parvaque
1985 3343 2116 3383 margo
2137 3329 2365 3428 Bersiqaginj}
2380 3359 2385 3386 3
