2483 3616
201 145 316 205 8:162

673 149 735 206 P.'
811 146 959 207 OV
995 143 1017 199 I
1055 141 1112 198 D
1148 140 1249 197 1·1·
1305 140 1360 200 N
1395 143 1455 200 A·
1490 144 1525 202 S
1563 144 1617 202 O
1655 145 1710 203 N
1746 145 1860 203 18⁴

505 265 692 339 Terga
714 280 923 321 novena
948 260 1141 314 boum:
1184 256 1402 311 decimo
1426 270 1607 315 tamen
1637 262 1768 317 orbe
1795 274 2107 318 moratum..

505 338 730 395 Excutit
756 338 860 390 hoc
886 334 1073 387 heros:
1115 327 1400 400 rursusque
1423 336 1708 388 trementia
1732 335 1862 392 forti

503 412 642 466 Tela
669 425 828 463 manu
857 404 1035 459 torsit:
1073 401 1247 458 rursus
1273 400 1381 455 fine
1406 404 1626 457 vulnere
1651 423 1878 478 corpus,

367 502 467 541 100
506 485 894 553 Sincerumque
921 477 1052 542 fuit,
1086 493 1187 530 nec
1214 474 1370 528 tertia
1397 475 1567 546 cuspis
1592 491 1864 546 apertum,

509 556 582 611 Et
607 554 660 607 se
686 555 1032 625 praebentem
1059 548 1218 604 valuit
1245 546 1576 619 destringere
1601 550 1872 619 Cygnum,

507 626 678 683 Haud
701 626 850 682 secus
878 624 1096 686 exarsit,
1132 637 1296 694 quam
1324 619 1493 676 Circo
1519 633 1699 677 taurus
1723 636 1969 692 aperte„

271 855 329 891 97.
358 843 447 880 Orbe
467 852 656 881 moratum.
670 841 686 891 ]
700 845 792 877 Aere
803 836 984 877 Cantabr.
999 838 1038 876 ὅτ
1051 847 1143 876 unus
1155 846 1274 873 meus.

219 894 295 931 Terbe
325 894 442 943 refistit
470 893 575 932 Voss.
605 894 643 929 δε
672 890 842 928 Menard.
872 890 1034 928 imitatio
1066 887 1274 930 Homerica

220 945 323 983 lliad.
345 947 395 984 H.
420 959 502 994 245.
531 948 567 982 δε
594 943 697 993 seqq.
723 943 813 981 Stat.
835 954 890 979 xx.
910 940 1035 978 Theb.
1063 951 1144 986 104.

274 1003 453 1048 Interquet
466 995 626 1045 jaculum
639 1023 649 1039 ,
671 993 757 1030 duro
777 994 868 1043 quod
886 992 924 1028 in
941 1004 1017 1028 aere
1039 1001 1217 1028 moratum
1233 1017 1244 1035 ‚

273 1048 589 1097 Transmifficmque
612 1055 733 1083 tamen
754 1044 857 1095 clypei
869 1043 968 1090 stetit
988 1042 1064 1081 orbe
1074 1043 1236 1093 secundo.

219 1097 367 1137 Heius.
396 1098 492 1136 Vide
515 1099 571 1135 Cl.
594 1098 729 1135 GraeV.
753 1095 860 1133 Leu.
880 1094 1034 1132 Hesiod.
1055 1107 1132 1144 cap.
1153 1105 1236 1131 xxx,

272 1150 333 1197 98.
361 1150 499 1199 Excipit
518 1148 578 1185 hoc
599 1147 730 1197 heros.]
762 1146 908 1183 Excutit
929 1146 1094 1196 plerique
1120 1145 1268 1192 castiga-

219 1201 343 1238 nores.
374 1206 539 1238 Decutere
558 1200 649 1237 dixit
669 1199 844 1248 Virgilius
866 1212 903 1235 x.
925 1197 1010 1244 718.
1028 1200 1065 1235 in
1088 1208 1126 1234 re
1148 1195 1270 1233 simili.

219 1252 468 1300 Mariangelus
486 1253 522 1289 in
553 1250 725 1289 Diatribis
756 1250 867 1287 etiam
900 1256 1054 1293 monet,
1082 1246 1216 1284 excutit
1232 1247 1270 1283 in

218 1302 433 1350 pervetustis
453 1303 633 1350 librislegi
648 1330 658 1347 ‚
686 1310 798 1350 atque
820 1299 908 1338 illud
934 1300 1045 1337 etiam
1064 1297 1270 1336 Planudem

2229 701 2373 757 Cuin
2392 730 2395 742 =

1329 833 1519 872 phoenicea
1535 846 1636 879 cera⁹
1660 834 1924 885 reponendum
1957 834 2007 873 est
2038 836 2212 876 poenicea.
2240 839 2279 877 ὃς
2300 845 2382 877 Poe-

1329 886 1464 923 niceum
1486 885 1707 935 chlamydem
1731 889 1826 925 Met.
1844 900 1886 925 x1
1897 900 1930 925 V.
1952 886 2049 936 apud
2063 888 2279 928 Lucretium
2299 890 2389 930 lui..

1329 943 1491 986 Purpura
1512 939 1759 987 poeniceusque
1780 939 1878 976 color.
1907 940 1943 976 &
1961 938 2067 976 lib.v.
2095 939 2239 977 Arbuta
2259 942 2400 978 Poeni-—
2429 962 2436 967 ·

1328 1001 1379 1026 ceo
1401 989 1516 1026 colore.
1543 989 1663 1027 Varro
1682 990 1727 1028 de
1748 990 1850 1027 L.L.
1867 990 1929 1027 lib.
1948 1002 2001 1027 IV.
2029 996 2190 1038 Purpura
2209 991 2234 1028 ὰ
2248 1001 2395 1041 ρηνριιι

1328 1053 1386 1078 rae
1405 1040 1611 1078 maritimae
1633 1040 1745 1078 colore.
1778 1041 1960 1078 Poenicum
1973 1069 1982 1085 ‚
2014 1041 2103 1092 quod
2127 1041 2151 1078 ὰ
2171 1043 2292 1080 Poenis
2305 1043 2380 1092 pri-

1329 1105 1384 1129 mo
1404 1092 1535 1129 dicitur
1553 1093 1718 1130 allatum.
1746 1092 1794 1130 fic
1827 1092 1988 1130 Poenicus
2015 1092 2100 1141 ignis
2128 1105 2194 1142 pro
2228 1095 2381 1132 Punicus
2395 1122 2407 1128 ‚,

1326 1144 1424 1192 apud
1446 1143 1573 1181 Silium
1608 1143 1776 1182 Italicum
1800 1143 1860 1181 lib.
1884 1157 1913 1182 1.
1951 1144 2008 1187 ᾡς.
2031 1156 2117 1192 590.
2154 1157 2199 1182 ex
2230 1147 2400 1193 optimo⁴
2431 1158 2435 1162 ·

1327 1194 1472 1232 codice.
1497 1195 1657 1243 Virgilio
1669 1195 1833 1244 semper,
1863 1194 2043 1233 Puniceus.
2072 1194 2140 1240 sic,
2169 1197 2381 1233 Puniceico-

1329 1245 1454 1282 thurni
1473 1245 1612 1295 Ecloga
1632 1258 1702 1284 vxi.
1715 1247 1902 1295 Eclogav.
1932 1247 2083 1284 Punicea
2105 1247 2223 1295 roftta.
2239 1248 2381 1296 Georg.

1329 1309 1395 1334 111.
1419 1299 1457 1334 ὃς
1481 1298 1578 1334 Aen.
1602 1309 1673 1334 xii.
1701 1298 1871 1334 puniceae
1886 1308 2033 1345 pennae.
2069 1297 2169 1334 Aen.
2194 1311 2228 1335 v.
2253 1299 2402 1336 Teniae1

219 1352 439 1402 agnoscere,
461 1354 525 1403 qui
547 1353 732 1390 ἀνέσπασε
752 1352 913 1389 verterit.
942 1350 1045 1399 supra
1064 1350 1272 1398 lib.x.713.
1324 1347 1503 1396 puniceae.
1526 1348 1550 1385 l.
1568 1359 1638 1385 xii.
1668 1348 1834 1386 Puniceas
1858 1354 2002 1385 Aurora
2025 1358 2130 1386 rotas.
2158 1349 2293 1387 Horat.
2315 1355 2384 1386 Co-

271 1405 437 1441 Protinus
456 1402 593 1452 excuffit
611 1404 726 1453 pando
750 1401 928 1440 venabula
946 1401 1058 1448 rostro.
1084 1401 1234 1438 Hmus.

217 1455 266 1494 Et
285 1456 335 1493 ita
363 1455 579 1500 Farnabius,
609 1455 849 1493 Bersinannus
870 1454 907 1490 &
929 1453 1001 1490 alii.
1053 1452 1198 1489 Solinus
1227 1450 1273 1488 de

219 1507 350 1545 Cervis
372 1519 449 1556 cap.
472 1519 528 1555 19.
564 1507 800 1543 Diuamnum
829 1502 891 1553 ipsi
905 1502 1158 1553 prodiderunt,
1185 1501 1274 1539 dum

220 1572 263 1596 ex
286 1571 320 1594 eo
337 1558 424 1608 pasti
442 1557 627 1596 excutiunt
647 1566 782 1607 accepta
803 1556 886 1592 tela.
922 1555 1054 1592 BuRM.

278 1620 360 1647 100.
389 1609 632 1658 sincerumque
639 1607 759 1657 suin]
793 1606 983 1644 Nudatum
1005 1603 1275 1654 exponitBers-

222 1671 395 1699 mannus.
415 1660 533 1698 male:
558 1659 607 1697 est
623 1658 868 1697 nonuncium
883 1686 894 1703 ‚
922 1655 1116 1695 foedatum
1133 1656 1276 1706 sangui—

223 1724 286 1750 ne.
313 1712 388 1750 vid.
407 1712 463 1749 Cl.
490 1712 663 1749 Gronov.
682 1711 726 1748 ad
750 1710 847 1747 Gell.
874 1721 951 1756 ις.
982 1708 1099 1745 IDEM.

281 1774 363 1800 101.
390 1762 600 1811 Distringere
619 1760 819 1811 Cygnum]
855 1759 1070 1808 Destringere
1100 1758 1278 1796 vetustio-

224 1825 292 1852 reS.
322 1813 432 1861 paulo
465 1822 550 1851 ante
583 1813 722 1857 etiam,
762 1811 978 1859 indestriclus
1004 1809 1278 1859 reponendum.

227 1865 444 1903 Hmusms.

283 1928 365 1962 104.
394 1913 597 1952 phoeniceas
609 1912 753 1963 vestes.]
783 1911 1141 1962 Purpureas‚quibus
1162 1912 1281 1950 maxi-

227 1979 293 2005 me
318 1966 470 2015 agrestes
488 1967 581 2003 tauri
613 1967 652 2004 in
680 1967 815 2003 harena
843 1964 1084 2002 irritabantur.
1114 1964 1281 2002 Remus.

227 2018 315 2055 Hos
340 2017 505 2054 nostrum
529 2017 658 2065 vulgus
678 2015 828 2054 Bubalos
845 2015 959 2053 hodie
982 2023 1106 2053 vocat.
1122 2015 1160 2053 hi
1180 2017 1282 2053 enim

229 2069 397 2107 colorem
420 2068 619 2116 puniceum
634 2094 644 2111 ,
672 2077 735 2106 aut
756 2066 906 2105 rutilum
928 2078 1006 2103 non
1028 2067 1285 2109 ferunt,eum-

227 2131 303 2169 que
324 2119 502 2168 gestantes
530 2119 730 2168 impetunt.
757 2118 887 2156 irritari
915 2125 1042 2155 autem
1060 2116 1224 2154 solebant
1242 2118 1298 2155 &*

228 2171 310 2219 pilis
327 2169 414 2208 inde
434 2169 551 2208 facus.
605 2170 707 2208 Hinc
728 2168 907 2208 Martialis
926 2168 987 2207 lib.
1009 2167 1173 2217 Speuac.
1200 2180 1256 2217 19.

281 2235 358 2286 Qi
384 2235 481 2273 modo
498 2244 556 2285 per
577 2244 690 2271 totam
709 2232 867 2286 flammis
881 2232 1090 2282 stimulatus
1109 2244 1256 2270 arenam
1269 2260 1282 2279 ,

334 2286 524 2334 sustulerat
539 2295 658 2337 raptas
677 2295 801 2324 taurus
818 2285 867 2323 in.
880 2284 975 2334 astra
988 2283 1093 2334 pilas.

231 2337 280 2377 Et
298 2338 437 2376 rursum
461 2349 522 2376 22.

283 2395 449 2440 Namque
459 2402 608 2439 gravem
623 2388 759 2437 gemino
780 2400 883 2426 cornu
894 2385 946 2437 fic
965 2386 1096 2424 extulit
1110 2387 1232 2436 urfhm
1244 2388 1257 2433 ,“

336 2441 465 2486 Jauat
485 2451 525 2477 ut
545 2439 717 2490 impositas
738 2450 863 2476 taurus
881 2439 920 2475 in
942 2439 1035 2485 astra
1051 2438 1154 2487 pilas.

233 2491 415 2530 chnr.
469 2491 636 2528 puniceas
656 2491 840 2530 nonnulli.
869 2490 974 2539 Lege
993 2497 1069 2527 tam
1091 2490 1153 2527 hic
1172 2500 1287 2538 quam

237 2542 314 2579 aliis
333 2543 446 2587 locis,
475 2543 663 2580 poeniceas.
690 2554 777 2580 nam
797 2540 959 2579 Poenicus
980 2552 1048 2588 pro
1068 2541 1236 2585 Punicus,
1249 2541 1289 2578 &

238 2592 413 2629 Poenicius
434 2605 498 2641 pro
513 2593 677 2630 Punicius
687 2593 858 2631 dicebant
870 2620 881 2638 ‚
893 2591 1094 2642 quomodo
1112 2592 1150 2630 in
1167 2600 1291 2630 veter-

239 2642 332 2680 rima
361 2644 533 2681 columna
564 2645 712 2682 rostrata
737 2644 875 2689 Duilii,
904 2655 1000 2691 quae
1027 2644 1065 2681 in
1097 2643 1288 2692 Capitolio

239 2693 449 2731 etiamnum
473 2694 608 2737 exstat,
637 2694 852 2731 CLASEIS
878 2694 1145 2732 POENICAS
1163 2694 1288 2740 habes,

240 2756 320 2783 non
351 2743 512 2781 Punicas.
551 2746 589 2781 ὃς
620 2745 717 2792 apud
748 2745 912 2781 Gellium
932 2745 994 2782 lib.
1013 2757 1126 2783 xvir.
1154 2757 1233 2793 cap.
1253 2758 1289 2794 9.

241 2794 450 2844 Legebamus
469 2794 506 2830 id
529 2807 659 2842 quoque
679 2795 716 2831 in
737 2804 851 2830 vetere
871 2793 1009 2840 historia
1030 2808 1146 2832 rerum
1167 2797 1290 2832 Poeni-

242 2859 364 2883 carum
379 2874 388 2888 ,
416 2853 527 2894 atque
549 2846 597 2881 ita
618 2845 678 2881 1116
699 2844 824 2892 pamm
840 2843 932 2880 locis
958 2845 1134 2892 plurimis.
1187 2846 1290 2883 Nae-

242 2898 295 2935 vii
318 2900 456 2946 poema
477 2896 518 2932 de
539 2894 622 2931 bello
644 2895 781 2932 Poenico
802 2895 839 2931 in
871 2894 1022 2941 optimis
1052 2896 1170 2932 Nonii
1188 2896 1291 2933 Mar-

243 2949 324 2987 celli
347 2946 613 2996 exemplaribus
645 2945 769 2994 paffim
801 2943 1012 2981 inscribitur.
1035 2946 1208 2993 poenicius
1234 2953 1288 2982 ta-

244 3012 333 3037 men
356 2999 417 3036 seu
437 2997 595 3048 punicius
613 2995 634 3034 a
654 2997 799 3034 Graeco
823 2994 992 3041 φαινίκιος
1016 2995 1148 3032 restius
1172 2995 1289 3032 dedu-

245 3063 314 3090 cas.
354 3051 450 3098 apud
481 3048 650 3086 Solinum
687 3059 763 3096 cap.
795 3058 881 3083 xxx.
910 3057 995 3083 cuin
1026 3048 1062 3082 in
1100 3046 1287 3083 nonnulli:

243 3101 430 3139 codicibus
450 3100 613 3149 legatur,
641 3096 859 3135 Carthedam
882 3096 999 3140 dixit,
1028 3096 1119 3147 quod
1141 3096 1286 3133 Phoeni-

246 3153 291 3189 cio
325 3166 415 3189 more
435 3150 597 3199 exprimit
630 3149 811 3187 civitatem
843 3160 985 3185 novam.
1013 3156 1104 3195 puto
1132 3147 1289 3185 scriben-

246 3202 360 3245 dum;
390 3202 541 3239 Poenicio
561 3215 624 3239 ere.
652 3202 688 3239 in
718 3201 895 3249 vulgatis,
929 3197 1137 3235 Phoenicum
1159 3211 1222 3236 ore.
1250 3199 1288 3237 in

246 3252 448 3289 phoeniceus
465 3252 619 3291 secunda
640 3251 864 3300 producitur.
892 3258 932 3287 ut
954 3251 992 3287 in
1022 3248 1214 3288 Phoenices.
1241 3249 1290 3288 fic

246 3302 455 3345 Amonlib.
478 3316 541 3343 111.
577 3304 680 3353 meg.
708 3315 780 3344 vn.
808 3301 869 3342 ubi
897 3301 997 3351 plura
1027 3300 1073 3341 ad
1103 3312 1194 3340 rem.
1219 3313 1287 3351 pro

1329 1398 1380 1435 lor
1398 1399 1569 1436 Puniceae
1588 1398 1669 1447 flore
1692 1399 1786 1449 prior
1809 1399 1912 1447 rosae.
1945 1400 2090 1437 Hfiins.
2143 1400 2242 1438 Vide
2268 1400 2384 1438 Lam-

1329 1449 1402 1488 bin.
1420 1450 1466 1488 ad
1489 1451 1639 1488 Lucret.
1661 1463 1708 1489 11.
1727 1451 1813 1500 829.
1835 1452 1872 1488 δε
1893 1450 1986 1500 supr.
2008 1451 2054 1488 ad
2075 1450 2135 1488 lib.
2158 1463 2212 1489 iv.
2239 1463 2315 1499 127.
2336 1452 2383 1491 de
2407 1468 2411 1471 ’

1328 1502 1562 1540 irritamento
1592 1510 1782 1541 taurorum
1815 1501 1916 1550 plura
1937 1514 1982 1539 ex
2019 1502 2096 1540 aliis
2133 1503 2311 1552 congessit
2338 1504 2386 1542 P.

1331 1554 1482 1591 Lotich.
1514 1564 1656 1591 comm.
1683 1553 1728 1591 ad
1753 1554 1903 1591 Petron.
1929 1553 1992 1591 lib.
2014 1565 2061 1591 11.
2091 1565 2168 1602 cap.
2196 1565 2251 1603 13.
2278 1562 2385 1593 tanto
2409 1576 2414 1580 ·

1330 1604 1499 1652 stupore,
1526 1613 1567 1642 ut
1590 1604 1698 1653 Regii
1718 1612 1849 1643 notam
1869 1602 1896 1642 a.
1917 1604 2137 1655 Micylliana
2163 1604 2384 1655 distinguere
2407 1620 2414 1626 ·

1330 1667 1409 1694 non
1428 1656 1601 1705 potuerit.
1628 1656 1763 1695 Eum.

1388 1709 1633 1747 106..Manus
1651 1708 1694 1756 est
1716 1719 1805 1747 mea.
1825 1706 1842 1757 ]
1899 1712 2036 1746 Manus
2061 1706 2154 1744 haec*
2175 1720 2253 1746 mea
2288 1719 2385 1748 unus
2403 1726 2409 1741 ε

1332 1759 1465 1797 Heins.

1389 1821 1472 1856 10¹7.
1499 1817 1542 1848 In
1560 1810 1669 1861 unm]
1702 1816 1744 1848 In
1764 1822 1877 1848 unum
1897 1809 2066 1848 Leidens.
2087 1816 2170 1848 tert.
2187 1810 2226 1848 &
2245 1809 2388 1849 Medic.
2415 1841 2418 1843 .

1388 1862 1470 1900 108.
1498 1861 1660 1912 Lyrnesia
1677 1862 1814 1912 primus
1838 1862 1979 1899 Moenia
1998 1860 2141 1911 dejeci.]
2162 1860 2294 1911 Disjeci
2305 1861 2388 1901 libri
2410 1890 2417 1895 -

1335 1921 1478 1952 veteres
1497 1916 1675 1963 quinque.
1702 1922 1743 1950 ut
1764 1912 1925 1962 Epistola
1947 1913 2066 1962 prima
2083 1923 2146 1959 47.

1517 1977 1637 2026 nostris
1660 1978 1800 2026 disjeua
1821 1976 1957 2014 lacertis
1982 1977 2082 2015 Ilion.

1338 2045 1478 2085 Seneca
1498 2044 1698 2083 Thebaide
1724 2055 1807 2094 343.
1829 2052 1870 2081 ut
1887 2044 1977 2093 legit
1999 2044 2165 2093 optimus
2186 2042 2332 2093 codex:
2359 2058 2362 2077 ·.

1390 2108 1553 2158 Disjicite
1565 2106 1684 2158 paffim
1705 2107 1842 2146 moenia
1855 2135 1866 2153 ‚
1893 2107 1934 2145 in
1948 2106 2100 2157 planum
2123 2107 2217 2147 date.

1337 2173 1512 2222 Virgilius
1529 2172 1592 2211 lib.
1616 2185 1709 2211 v111.
1732 2184 1819 2221 290.

1388 2245 1435 2277 Ut
1454 2239 1538 2277 bello
1556 2238 1704 2288 egregias
1722 2236 1815 2275 idem
1833 2238 2006 2287 disjecerit
2023 2238 2123 2277 urbes
2137 2267 2150 2286 ,

1392 2293 1600 2342 Trojamque
1619 2289 1901 2340 Oechaliamque.

1337 2359 1387 2399 Et
1405 2371 1497 2398 mox
1518 2370 1603 2406 355.
1953 2377 1955 2381 ·

1391 2417 1486 2448 Haec
1505 2409 1572 2446 duo
1583 2418 1761 2459 praeterea
1780 2408 1930 2458 disjectis
1948 2408 2067 2459 oppida
2089 2407 2213 2447 muris.

1341 2471 1392 2511 Et
1408 2471 1503 2510 libro
1526 2483 1598 2509 ΧΠ.
1620 2481 1707 2520 333.
1776 2482 1783 2489 ·

1393 2521 1582 2561 Fulminat
1601 2527 1744 2559 Aeneas
1759 2521 1868 2559 armis
1879 2548 1890 2567 ,
1909 2521 2140 2572 summasque
2156 2519 2317 2559 minatur

1397 2574 1636 2622 Disjeclurum
1657 2586 1761 2611 arces.

1344 2626 1400 2665 I-ta
1421 2626 1542 2664 codex
1563 2624 1752 2663 Leidenfis
1772 2623 2033 2662 Bibliothecae.
2060 2622 2157 2673 apud
2174 2622 2328 2662 Statium
2341 2627 2409 2674 ta-jf

1346 2689 1436 2716 men
1453 2676 1580 2715 Theb.
1600 2688 1654 2714 V1.
1674 2677 1760 2723 657.

1560 2727 1621 2777 qui
1643 2727 1766 2776 Tyrias
1786 2726 1954 2777 dejec‘lum
1972 2723 2107 2761 vaditis
2128 2736 2232 2762 arces.

1341 2793 1475 2845 primus
1506 2793 1619 2830 etiam
1646 2793 1685 2831 in
1715 2792 1932 2831 Florentino
1962 2788 1998 2826 S.
2016 2789 2146 2826 Marci.
2176 2771 2390 2828 Hfiiusnis.

1344 2846 1475 2883 Passim
1495 2845 1587 2881 haec
1606 2844 1682 2882 duo
1705 2843 1815 2881 verba
1837 2839 2130 2878 confunduntur.
2157 2840 2216 2878 sed
2254 2841 2389 2887 dejicere
2414 2859 2416 2867 =

1347 2895 1397 2932 est
1416 2896 1563 2944 proprie
1585 2906 1629 2931 ex
1651 2895 1726 2930 alto
1748 2893 1894 2940 jacere,
1924 2902 2036 2940 quare
2070 2892 2107 2928 in
2137 2891 2224 2928 1060
2247 2890 2388 2938 Virgilii

1341 2957 1415 2984 >111-
1445 2956 1530 2993 333.
1556 2945 1593 2980 &
1613 2944 1717 2980 Statii
1743 2942 1883 2990 dejicere
1911 2954 2003 2978 arces
2029 2942 2169 2980 malim.
2196 2949 2237 2979 ut
2276 2943 2386 2978 etiam

1346 3009 1377 3034 ῐ.
1391 2995 1530 3042 Georg.
1548 2993 1633 3043 283.
1661 2993 1794 3041 checit
1805 2992 1960 3039 fulmine
1980 3003 2120 3030 montes.
2149 2993 2282 3040 &333.
2297 2990 2389 3027 Alta
2417 3007 2423 3017 2

1344 3045 1523 3083 Ceraunia
1543 3044 1609 3083 telo
1629 3045 1770 3094 DeJicit.
1790 3045 1828 3081 δί
1842 3044 2039 3082 Nosterxx.
2062 3045 2152 3081 Met.
2167 3042 2246 3088 196.
2260 3042 2391 3090 praese-

1337 3098 1399 3146 pia
1419 3097 1558 3144 dejicere
1570 3111 1580 3139 ;
1604 3096 1652 3132 est
1665 3097 1764 3133 enim
1786 3095 1831 3133 ad
1843 3104 1976 3133 terram
1991 3095 2085 3133 dare.
2112 3100 2152 3130 ut
2173 3093 2222 3130 ita
2241 3092 2277 3129 in
2292 3092 2391 3131 bello
2421 3113 2427 3120 =

1342 3150 1380 3186 &
1401 3155 1538 3184 venatu
1566 3146 1724 3195 dejicere,
1753 3158 1819 3195 pro
1842 3147 2066 3196 prosternere
2085 3150 2236 3181 utuntur
2246 3143 2427 3191 paflim;·.

1344 3198 1405 3237 fed
1424 3199 1485 3235 hic
1500 3197 1658 3246 disjicere
1676 3198 1809 3236 reclius
1829 3198 1878 3236 est
1891 3227 1902 3244 ‚
1929 3210 1997 3247 pro
2016 3203 2179 3234 evertere
2193 3222 2204 3238 ‚
2234 3194 2392 3232 destrue·
2409 3215 2411 3217 ·

1344 3262 1407 3294 re,
1436 3250 1535 3287 utin
1565 3249 1719 3287 diversas
1749 3258 1865 3299 partes
1905 3247 2004 3298 quasi
2027 3245 2148 3295 jadrae
2169 3245 2392 3294 frangantur.
2421 3273 2428 3277 -

1342 3310 1385 3342 ut
1398 3301 1578 3351 infi·.366.
1604 3300 1779 3352 DisJ'elflus
1791 3300 1886 3353 fhedq
1898 3298 2044 3338 vulnere
2058 3326 2070 3346 ‚
2096 3297 2216 3348 cujUsj
2225 3296 2391 3385 ugulqtm,
2425 3326 2430 3330 .

2268 3358 2315 3396 PC
2354 3357 2430 3394 ΕΞ*-
