2483 3616
768 180 1327 243 >P.0·V1D11

1393 178 1937 236 NASONIS

607 279 867 353 Dumque
892 279 1111 351 puellari
1137 274 1311 333 studio
1336 271 1676 344 calathosque
1701 269 1978 344 finumque

608 352 799 426 Implet
816 399 827 415 ,
857 352 912 406 δε
936 351 1177 424 aequales
1202 357 1370 402 certat
1398 344 1643 416 superare
1666 344 1934 415 legendo;

463 444 528 497 39
537 444 565 493 5
604 426 751 481 Pene
777 423 926 480 simul
950 424 1055 478 vila
1077 423 1181 495 est3
1210 417 1535 490 dilectaque,
1563 427 1818 489 raptaque
1841 415 1988 470 Diti:

610 499 795 573 Usque
819 498 957 552 adeo
982 506 1296 568 properatur
1323 507 1489 544 amor.
1564 488 1684 542 Dea
1708 489 1893 543 terri-ta
1920 485 2127 542 moesto

616 572 687 628 Et
714 584 964 633 matrem,
991 567 1046 622 &
1073 567 1328 627 comiteS‚
1353 561 1445 616 sed
1469 572 1697 615 matrem
1721 560 1949 633 saepius,
1971 577 2065 615 ore

603 646 828 700 Clamat.
855 643 940 706 δε,
964 654 1022 695 ut
1047 641 1248 695 summa
1271 633 1474 691 vestem
1499 632 1717 687 laniarat
1742 631 1806 686 ab
1830 634 1951 695 ora,

613 716 841 771 Collef'ti
868 715 1028 768 flores
1052 712 1244 767 tunicis
1270 707 1520 763 cecidere
1545 703 1785 760 remiffis.

455 809 570 861 ⁷400
606 790 893 862 Tantaque
918 786 1217 858 simplicitas
1243 778 1534 856 puerilibus
1558 777 1730 833 adfuit
1756 777 1936 833 annis:

306 993 412 1044 fleres
432 1003 501 1044 pro
532 989 847 1031 diversicoloribus
869 989 1015 1042 poffunt
1033 989 1128 1028 sumi
1148 998 1228 1028 non
1249 986 1364 1026 male:-

316 1047 460 1084 Huius.

370 1108 454 1145 391.
481 1101 685 1146 Perpetuum
708 1109 771 1132 ver
793 1092 876 1144 est.]
906 1094 1022 1132 Hunc
1041 1092 1193 1137 locum,
1220 1102 1282 1129 me
1306 1090 1364 1128 in-

314 1147 482 1191 dicante,
511 1145 937 1190 contulit,amoeniffimi
958 1144 1095 1194 ingenii
1114 1145 1194 1188 vir,
1220 1141 1363 1181 Paullus

316 1198 529 1243 Manutius,
558 1208 644 1235 cum
666 1197 729 1234 illo
754 1196 945 1234 Ciceronis
965 1196 1025 1233 lib.
1047 1207 1106 1233 1v.
1129 1193 1298 1232 Aetionis
1312 1204 1358 1230 11.

314 1247 353 1286 in
373 1249 555 1286 Verrem:
582 1253 629 1284 Et
649 1246 812 1296 leeltffimi
843 1245 939 1295 flores
970 1246 1065 1283 omni
1094 1255 1238 1295 tempore
1258 1244 1359 1281 anni.

314 1298 389 1336 Ubi
406 1327 416 1344 ‚
456 1307 495 1336 ut
515 1311 578 1348 par
598 1298 647 1335 est
661 1326 672 1342 ‚
713 1298 896 1336 Ovidium
919 1297 968 1335 ob
989 1297 1126 1346 ingenii
1147 1306 1305 1334 acumen
1320 1295 1359 1333 &

313 1348 503 1387 doetrinae
547 1349 801 1398 praestantiam
848 1348 998 1386 summis
1047 1347 1151 1385 effert
1180 1345 1358 1384 laudibus.

313 1400 443 1438 Claud.
465 1400 525 1438 lib.
542 1413 597 1438 11.
626 1401 687 1438 De
699 1399 1087 1449 RaptuProserpinae:
1117 1403 1220 1434 Enna
1235 1406 1360 1447 parens

302 1449 448 1502 florum.
474 1462 551 1501 quo
571 1451 658 1488 loco
675 1480 685 1497 ,
712 1450 738 1488 si
761 1452 812 1489 fas
834 1450 882 1487 est
902 1450 1046 1496 dicere,
1073 1460 1191 1487 errare
1212 1448 1359 1486 videtur

310 1501 535 1540 doffiffimus
555 1501 778 1539 Parrhasius:
807 1502 870 1551 qui
891 1500 963 1537 illic
979 1513 1057 1539 non
1079 1499 1258 1550 oppidum
1273 1500 1357 1546 ‚sed

311 1552 388 1593 loci
407 1553 557 1602 genium
579 1553 731 1601 intelligi
753 1554 813 1590 ait.
842 1552 955 1590 Cror.

312 1654 335 1692 S
364 1616 448 1653 393.
476 1604 705 1654 sinumque]
745 1604 910 1654 sinusque
932 1602 1097 1641 Vossian.
1122 1600 1289 1640 Leidens.
1313 1602 1354 1640 δε

362 1663 456 1694 rotu.

339 1667 448 1755 Ρ39ς.
475 1713 653 1757 Raptaque
675 1704 793 1755 Diti]
821 1705 882 1743 De
895 1706 1018 1754 Raptu
1027 1703 1263 1752 Proserpinae
1284 1702 1351 1740 Li-

309 1757 390 1796 vius
408 1758 500 1794 libro
521 1770 624 1794 xxxv.
644 1769 720 1806 cap.
744 1768 803 1805 39..
833 1761 953 1806 Atque
972 1770 1010 1793 ea
1042 1755 1174 1798 clades,
1195 1765 1236 1791 ut
1256 1753 1351 1791 urbis

310 1808 351 1846 in
362 1808 474 1845 media
486 1809 601 1845 sicilia
606 1807 710 1857 fitne,
723 1807 898 1856 claraeque
921 1807 978 1843 vel
999 1806 1036 1843 ob
1048 1805 1212 1855 insignem
1227 1818 1351 1842 monu-

312 1869 427 1896 mento
449 1858 606 1896 naturali
627 1859 735 1894 locum
750 1886 760 1902 ‚
799 1858 855 1893 vel
887 1857 923 1893 ob
946 1857 1091 1906 sacrata
1111 1857 1228 1893 omnia
1248 1855 1351 1903 vesti-

306 1910 375 1960 giis
391 1918 510 1959 raptae
521 1909 697 1959 quondam
710 1908 937 1957 Proserpinae,
944 1917 1042 1957 prope
1061 1922 1127 1944 uno
1148 1907 1201 1944 die
1210 1920 1346 1944 omnem

314 1960 469 1997 Siciliam
484 1958 650 2009 pervasit.
699 1959 843 2007 Quibus
864 1970 908 1995 ex
932 1959 1048 1995 verbis
1069 1957 1263 1995 manifesto
1285 1968 1349 2006 ap-

304 2019 411 2059 paret
431 2010 654 2047 veriffimum
667 2008 758 2053 effe,
774 2009 875 2059 quod
895 2009 944 2047 ait
964 2009 1130 2059 is‚quem
1151 2008 1268 2046 modo
1280 2020 1350 2045 no·

309 2061 474 2106 minavi,
503 2061 634 2098 Cicero
666 2060 752 2097 loco
767 2062 847 2109 Jam
878 2060 1015 2105 citato,
1050 2065 1193 2097 Ennam
1221 2059 1279 2108 effe
1299 2058 1351 2095 si-

310 2111 409 2149 ciliae
427 2110 641 2148 umbilicum.
672 2112 786 2149 Crof.

363 2163 446 2212 396.
474 2162 581 2212 Usque
600 2162 681 2199 adeo
703 2161 745 2210 est
759 2171 957 2212 properatus
975 2160 1114 2211 amon]
1152 2160 1266 2198 Multi
1279 2159 1352 2198 >de-

307 2212 387 2250 lent
428 2212 582 2251 verbum
623 2213 896 2251 substantivum.
931 2213 1014 2249 adeo
1050 2221 1254 2263 properatur
1279 2219 1352 2248 tres

305 2263 449 2313 scripti,
476 2263 580 2314 quod
590 2262 731 2313 sequor.
785 2264 924 2302 Hnms.
1010 2263 1013 2267 ⁴

361 2315 444 2363 396.
482 2315 617 2351 Territa
641 2314 795 2365 moest0.]
834 2315 926 2352 Duo
950 2313 1146 2353 Leidenses
1178 2314 1348 2359 codices,

310 2366 436 2403 territa
459 2365 604 2413 monstro
620 2393 629 2408 ‚
650 2376 718 2414 pro
740 2365 1022 2404 varialectione.

363 2427 446 2471 397.
473 2421 520 2452 Et
541 2426 691 2453 matrem
712 2427 756 2456 ω’
786 2416 961 2466 comites.]
1017 2418 1095 2455 Has
1116 2415 1349 2466 Proserpinae

307 2475 464 2504 comites
497 2474 688 2504 enumerat
728 2467 919 2505 Homerus
948 2468 987 2506 in
1007 2468 1155 2518 hymno
1180 2468 1344 2506 Cereris:

310 2517 455 2554 Oceani
471 2516 799 2567 filias,Leucippen
812 2547 822 2563 ,
850 2519 1001 2557 Phaeno
1015 2547 1025 2564 ,
1056 2518 1207 2556 Ianthen
1221 2546 1232 2564 ‚
1259 2519 1347 2556 Me-

307 2565 449 2605 lobotin
463 2596 473 2613 ,
493 2568 653 2618 Tychen
669 2596 679 2612 ‚
705 2570 743 2607 &
766 2570 960 2618 Ocyroen.
1019 2569 1177 2608 Notavit
1199 2570 1273 2607 hoc
1292 2569 1346 2615 is,

307 2628 421 2667 quem
444 2618 562 2656 modo
582 2619 799 2665 nominavi,
819 2620 1032 2660 Parrhasius.
1060 2621 1177 2658 Cior.

361 2682 444 2732 398.
474 2684 533 2721 Ab
554 2683 654 2732 ora]
695 2684 860 2732 Raphae'l
892 2686 1045 2734 exponit
1067 2697 1086 2722 a
1110 2685 1254 2723 summa
1274 2695 1339 2722 ora

305 2732 344 2772 id
366 2733 415 2771 est
436 2733 604 2782 supremo
625 2734 742 2771 limbo
757 2762 767 2779 ,
794 2735 897 2783 quod
930 2736 1103 2784 equidem
1132 2748 1213 2773 non
1234 2734 1341 2773 intel-

306 2784 382 2833 ligo
396 2811 405 2827 ,
435 2783 499 2821 nisi
521 2796 583 2832 per
602 2784 758 2820 limbum
780 2784 953 2834 intelligat
976 2787 1161 2834 cingulum
1177 2814 1187 2831 ,
1209 2785 1269 2822 cui
1289 2785 1347 2823 in-

307 2833 626 2876 nesterelimbum
645 2834 785 2882 puellae
795 2834 910 2872 solent
922 2863 932 2880 ,
959 2844 999 2873 ut
1017 2837 1115 2873 facto
1127 2836 1204 2874 sinu
1222 2836 1346 2884 impo—

306 2893 397 2923 nant
418 2885 535 2923 flores.
563 2885 819 2922 GLAREANUS.
877 2886 918 2923 ln
941 2886 1082 2923 duobus
1101 2887 1223 2923 Vatic.
1250 2887 1347 2924 Cae-

302 2935 460 2980 lestinis,
498 2936 536 2973 ὃς
560 2934 674 2979 meis,
703 2935 841 2983 summo
874 2936 996 2983 vestem
1029 2936 1188 2972 laniarat
1214 2936 1258 2972 ab
1280 2951 1345 2974 ore.

303 2987 432 3036 Atque
442 2988 478 3025 in
501 2986 615 3031 meis,
639 2985 822 3030 laniabat,
849 2998 925 3023 non
956 2986 1138 3030 laniarat,
1163 2986 1284 3034 legere
1302 2986 1345 3022 li-

305 3045 376 3075 cet.
404 3038 447 3075 In
471 3036 641 3079 Briantii‚
672 3049 718 3076 <J
738 3047 779 3073 ut
812 3036 933 3083 vest-em
955 3038 1094 3084 summo
1124 3036 1283 3073 laniavit
1301 3036 1345 3073 ab

302 3102 368 3126 are.
398 3085 511 3125 Cxof.
564 3087 624 3124 Ab
653 3101 705 3124 ore
724 3097 801 3124 non
822 3088 962 3136 placet,
990 3087 1204 3136 quiaversus
1216 3088 1343 3136 proxi-

304 3150 367 3176 me
389 3137 608 3188 praecedens
628 3137 759 3175 eadem
781 3149 877 3175 voce
891 3137 1079 3175 clauditur.
1108 3139 1342 3176 FARNABiuS.

301 3188 402 3231 Vide
424 3190 470 3228 de
493 3201 558 3227 ora
578 3197 731 3238 utraque
751 3188 855 3226 vestis
877 3188 977 3236 supra
1002 3188 1165 3234 ταῶς).

356 3251 439 3289 399.
469 3240 606 3278 Tunicis
638 3237 824 3290 remiffis.]
877 3239 1005 3290 Digitis
1035 3239 1181 3289 Junian.
1215 3238 1340 3279 solutis

302 3287 453 3334 Borion.
475 3290 581 3342 νεώ-[ῖς
603 3289 773 3343 [ιεὶἀετηίζ

2305 851 2458 911 Haec

1469 995 1556 1031 400.
1584 987 1768 1033 Tantaque
1794 977 2042 1031 simplicitas]
2071 979 2171 1019 citat
2194 978 2456 1024 hunc‘versum

1416 1033 1584 1073 Priscian.
1605 1033 1666 1071 lib.
1684 1044 1741 1072 vt.
1760 1043 1842 1082 pag.
1858 1030 1945 1080 696.
1975 1037 2016 1068 ut
2048 1031 2180 1080 probet
2203 1033 2315 1069 etiam
2342 1041 2457 1082 pueros

1418 1093 1560 1123 veteres
1582 1081 1729 1129 dixisse,
1756 1095 1824 1133 pro
1842 1082 1985 1133 puellis:
2015 1081 2061 1120 de
2081 1081 2311 1133 simplicitate
2332 1084 2454 1132 puerili

1418 1135 1807 1175 vid.Gronov.Diatr.
1829 1133 1916 1171 Stat.
1938 1144 2015 1183 cap.
2037 1145 2135 1172 xxn.

1469 1199 1553 1234 402.
1583 1186 1731 1224 Nomine
1762 1198 1929 1237 quemque
1958 1184 2156 1235 vocanda]
2195 1190 2360 1222 Vocatum
2395 1186 2452 1227 vel

1413 1249 1536 1275 vocato
1546 1237 1847 1275 multiveterum.
1874 1239 1954 1282 jam
1975 1235 2076 1284 supra
2089 1245 2226 1275 vocatos
2247 1234 2318 1273 effe
2330 1236 2452 1285 legen-

1416 1288 1653 1327 dum-monui
1674 1287 1820 1325 vs.212.
1840 1287 1878 1324 ὅ(
1891 1285 1939 1323 fic
1958 1286 1996 1324 in
2009 1297 2086 1324 uno
2098 1286 2289 1324 Voffiano.
2313 1287 2452 1327 Herm.

1465 1352 1552 1389 403.
1580 1338 1801 1375 Exhortatur
1816 1336 1962 1388 equos]
1991 1337 2159 1374 Nomina
2173 1348 2358 1387 equorum
2371 1337 2450 1376 Plu-

1413 1390 1512 1428 tonis
1534 1391 1626 1427 haec
1645 1387 1715 1427 effe
1735 1390 1900 1427 feruntur
1915 1416 1925 1431 ,
1955 1387 2156 1438 Orphnaeus
2171 1416 2181 1433 ,
2207 1388 2271 1437 qui
2285 1388 2450 1428 obscurus

1418 1440 1645 1490 interpretati
1666 1440 1783 1489 potest
1820 1440 1858 1477 ὅ(
1889 1439 1990 1488 niger
2015 1467 2025 1483 ,
2046 1439 2188 1476 Aethon
2202 1468 2212 1483 ,
2238 1438 2302 1488 qui
2322 1450 2448 1486 urens,

1413 1492 1468 1540 (is
1490 1499 1614 1529 autem
1635 1502 1727 1529 unus
1750 1490 1799 1529 est
1820 1490 1932 1528 etiam
1956 1501 2001 1527 ex
2012 1489 2102 1527 Solis
2123 1489 2251 1538 equis)
2266 1492 2449 1538 Nycffaeus,

1411 1543 1476 1592 qui
1497 1542 1698 1580 no&urnus
1717 1554 1737 1579 a
1759 1541 1871 1579 no<9oe
1894 1570 1905 1586 ‚
1932 1551 2027 1589 quae
2049 1539 2111 1587 νῦξ
2128 1541 2276 1581 Graece
2298 1540 2448 1586 dicitur,

1411 1593 1554 1641 Alastor
1575 1594 1638 1643 qui
1655 1592 1803 1630 infestus
1817 1621 1826 1635 ‚
1856 1593 1894 1629 ὃς
1916 1590 2147 1640 perniciosus.
2171 1592 2250 1628 sunt
2274 1592 2372 1628 enim
2394 1596 2448 1628 A-

1412 1644 1545 1691 lastores
1566 1644 1770 1682 daemones
1792 1642 2002 1680 hominibus
2023 1641 2215 1690 perniciosi
2231 1670 2241 1686 ,
2267 1642 2306 1679 ὅς
2323 1641 2449 1680 infesti.

1412 1695 1582 1733 Remus.
1612 1695 1664 1731 Hi
1683 1705 1704 1731 a
1727 1694 1931 1732 Claudiano
1951 1692 2011 1730 lib.
2027 1705 2058 1731 1.
2079 1694 2188 1742 Rapt.
2209 1692 2293 1742 283.
2324 1704 2447 1731 recen-

1404 1745 1526 1784 sentur
1546 1747 1600 1783 his
1621 1743 1801 1783 verfibust

1457 1808 1659 1858 Orphnaeus
1673 1837 1682 1853 ,
1706 1808 1839 1846 crudele
1859 1808 2014 1852 micam
2043 1807 2251 1858 Aethonque
2265 1807 2396 1857 sagitta

1457 1866 1585 1908 Ocyor;
1610 1871 1654 1899 ey
1675 1860 1783 1909 Stygii
1803 1859 1950 1896 crudelis
1967 1859 2078 1907 gloria
2101 1862 2277 1908 Nytlaeus

1452 1910 1645 1956 Armenti,
1673 1911 1833 1961 Ditisque
1855 1920 1937 1948 nota
1951 1908 2110 1958 signatus
2134 1909 2288 1956 Alastor.

1403 1974 1632 2013 chutus.
1658 1974 1850 2012 Claudian.
1871 1985 1917 2010 11.
1939 1973 2047 2021 Rapt.
2061 1972 2144 2021 306.
2170 1972 2450 2020 imitatushaec;

1405 2032 1497 2063 Haec
1512 2031 1614 2071 fatus
1636 2035 1780 2062 ovantes
1801 2023 2022 2060 Exhortatur
2044 2037 2160 2073 equos.

1459 2089 1542 2124 404.
1567 2075 1751 2126 Excutit.]
1782 2075 1919 2124 Excipit
1935 2074 2041 2111 MSS.
2062 2073 2284 2111 Bersmanni.

1456 2140 1541 2175 404.
1569 2127 1708 2164 Tinc‘las
1734 2127 1909 2175 ferrugine
1940 2124 2129 2174 habenas.]
2159 2123 2329 2162 Emenda
2352 2152 2362 2168 ,
2398 2136 2443 2165 ex

1405 2176 1480 2216 fide
1500 2186 1575 2216 vet.
1594 2176 1860 2226 exemplarium
1876 2204 1886 2221 ,
1914 2176 2054 2213 sinuas
2079 2175 2243 2224 rubigine.
2276 2177 2442 2215 Cmrau.

1406 2228 1573 2278 Rubigine
1591 2228 1744 2278 quidam
1769 2226 1937 2265 codices:
1973 2226 2080 2264 male.
2093 2226 2180 2263 hinc
2206 2227 2442 2275 ferrugineum

1407 2293 1527 2318 nemus
1548 2280 1755 2318 inferorum
1778 2277 1894 2317 Statio
1917 2276 2042 2315 Theb.
2067 2289 2124 2316 11.
2150 2277 2267 2314 initio.
2296 2278 2335 2315 δε
2361 2277 2442 2316 Vir-

1405 2330 1495 2380 gilio
1507 2331 1709 2380 ferruginea
1731 2328 1868 2379 cymba
1888 2328 2084 2366 Charontis
2102 2327 2194 2366 libro
2215 2339 2270 2365 vr.
2296 2338 2380 2378 303.
2403 2329 2440 2367 δε

1408 2381 1630 2420 Claudianus
1658 2381 1720 2419 lib.
1747 2393 1802 2419 11.
1835 2381 1945 2428 Rapt.
1971 2390 2054 2429 275.
2082 2378 2324 2427 Ferrugineum
2355 2379 2440 2416 ami-

1407 2435 1502 2469 ciam
1522 2432 1673 2471 Plutoni
1702 2431 1837 2469 tribuit.
1873 2432 2014 2468 Hfims.
2051 2430 2167 2467 Reece
2195 2428 2375 2468 Heinsius.
2393 2428 2439 2468 est

1405 2494 1495 2521 vero
1506 2483 1665 2521 imitatio
1678 2481 1880 2531 Virgiliana
1909 2494 1923 2519 1
1948 2481 2182 2530 Geor-g.467.
2434 2491 2436 2494 ·

1456 2540 1551 2571 Cum
1572 2543 1673 2584 caput
1694 2533 1833 2582 obscura
1850 2532 2005 2570 nitidum
2017 2531 2196 2580 ferrugine
2215 2529 2316 2569 texit.

1404 2585 1503 2622 Vide
1522 2593 1647 2622 autem
1671 2583 1716 2622 de
1725 2584 1904 2633 firrugine
1922 2581 2041 2619 Barth.
2064 2581 2110 2619 ad
2130 2581 2217 2619 Stat.
2242 2593 2298 2620 11.
2320 2580 2440 2623 Theb-¹
2478 2578 2480 2581 V

1393 2647 1450 2685 13.
1477 2635 1633 2684 Caligine
1650 2635 1712 2672 hic
1731 2646 1825 2671 unus
1847 2633 1948 2670 Bafil.
1976 2633 2104 2670 Buam.

1451 2698 1535 2733 405.
1563 2692 1628 2722 Per
1653 2697 1693 2721 ue
1711 2684 1806 2720 lacus
1826 2683 1938 2728 altos,
1963 2695 2007 2722 (7
2033 2682 2160 2720 olentia
2185 2682 2350 2732 sulphure
2361 2684 2432 2730 fer?

1397 2735 1499 2784 tur.]
1530 2735 1583 2771 lta
1605 2699 1685 2771 ligri
1707 2745 1839 2771 omnes
1859 2733 1988 2783 scripti.
2015 2732 2110 2782 apud
2123 2733 2355 2771 Diomedem
2376 2745 2435 2772 au·

1398 2794 1476 2823 tem
1510 2796 1590 2833 pag.
1614 2796 1698 2832 304.
1731 2784 1863 2833 legitur
1885 2811 1895 2828 ‚
1933 2791 2062 2834 Perque
2091 2783 2175 2820 'locos
2198 2784 2338 2832 sacrm,
2364 2785 2433 2822 &c.

1398 2847 1512 2885 quam
1533 2834 1736 2872 lectionem
1769 2842 1809 2872 ut
1838 2846 1915 2872 non
1948 2835 2090 2884 probo,
2118 2834 2165 2872 fic
2187 2846 2265 2872 non
2287 2835 2432 2872 damno'.
2473 2858 2475 2866 ·

1396 2886 1494 2924 'Illud
1515 2897 1605 2923 vero
1628 2885 1740 2922 etiam
1762 2893 1872 2934 atque
1895 2885 2006 2923 etiam
2028 2884 2231 2923 videndum
2254 2893 2344 2934 puto
2358 2913 2368 2930 ,
2388 2895 2431 2922 an

1398 2937 1499 2974 reete
1525 2936 1584 2973 vel
1598 2936 1700 2974 secus
1718 2935 1755 2972 in
1775 2936 1849 2973 hoc
1864 2935 1941 2985 ipso
1973 2936 2078 2974 versu
2107 2935 2314 2974 Diomedes
2343 2934 2433 2973 Ovi-

1399 2987 1502 3024 dium
1525 2986 1790 3035 reprehendat,
1817 2987 1880 3035 qui
1910 2987 1958 3024 ait
1991 2985 2123 3024 vitiose
2145 2985 2291 3031 dixiffe,
2313 2983 2432 3023 olentia
2470 3030 2471 3034 Ἰ

1391 3037 1558 3087 sulphure
1581 3037 1740 3073 ablativo
1771 3037 1864 3074 casu.
1892 3037 1970 3085 ejus
1997 3037 2108 3074 —verba
2127 3037 2206 3074 sunt
2229 3050 2238 3074 :
2267 3037 2344 3074 oleo
2368 3048 2430 3073 un-
2470 3050 2471 3082 ᾗ

1393 3098 1576 3136 guentum.
1623 3087 1738 3123 Cicero
1764 3087 1803 3123 in
1829 3088 2031 3124 Antonium
2055 3103 2065 3123 .·
2097 3088 2224 3124 Vinum
2255 3085 2428 3124 redolenti·
2470 3089 2471 3105 ³

1398 3137 1475 3182 bus,
1492 3150 1536 3177 &⁶
1550 3138 1692 3183 Marsus
1702 3136 1837 3174 hircum
1849 3138 1948 3174 olens,
1973 3139 2149 3175 Terentius
2164 3168 2173 3183 ,
2186 3137 2250 3175 olet
2262 3145 2429 3186 unguenta

1402 3188 1442 3224 de
1466 3202 1547 3225 meo.
1576 3187 1726 3223 Ovi-dius
1759 3201 1877 3225 autem
1900 3188 2044 3238 vitiose,
2078 3188 2142 3225 hac
2172 3203 2207 3225 re
2234 3189 2320 3225 oleo.-
2353 3193 2430 3223 Per·

1401 3253 1463 3290 que
1484 3239 1566 3276 locos
1578 3237 1717 3286 sacros,
1746 3250 1789 3278 (9·
1811 3238 1937 3276 olentia
1949 3240 2115 3289 sulphure
2125 3241 2255 3287 fertur.
2286 3243 2331 3275 Et
2343 3237 2427 3285 Virg.

1399 3290 1546 3341 quidam
1563 3299 1696 3340 putant
1717 3287 1768 3340 fic
1800 3289 1938 3340 dimffi’,
1972 3290 2187 3342 redolentque
2214 3289 2428 3342 thymofrq*

1621 3359 1627 3366 τ
1958 3366 1961 3367 ⁷
2287 3345 2428 3392 granna
