2483 3616
706 134 1262 198 P.oV1·D1·1

229 140 335 208 *354

1335 88 1865 195 NASONIS

528 236 679 292 Stant
703 238 928 293 Dana'i's:
967 233 1229 304 fortisque
1252 236 1461 289 animae
1484 254 1617 292 nece
1642 238 1889 310 cognitus
1913 234 2146 291 Hecior.

408 325 490 375 ,70
527 310 643 365 Nec
671 311 908 381 Phryges
933 307 1161 376 exigue,
1200 306 1333 377 quid
1361 308 1570 362 Acha'ia
1593 309 1814 364 dextera
1840 308 2043 384 poffet,

529 382 795 453 Sanguine
822 378 1109 432 senserunt.
1152 377 1207 430 δε
1230 377 1337 449 jam
1361 378 1545 448 Sigaea
1565 381 1828 438 rubebant

527 455 744 508 Litora:
779 451 887 522 jam
913 451 1051 514 leto3
1079 451 1261 522 ⁴proles
1285 449 1584 521 Neptunia,
1619 453 1839 524 Cygnus

525 526 682 578 Mille
710 522 852 578 viros
877 523 1120 578 dederat.
1152 521 1260 592 jam
1287 540 1448 576 curru
1471 521 1693 576 instabat
1718 527 1984 584 Achilles:

521 596 784 669 Troaque
808 597 1046 651 Peliacae
1070 593 1335 649 sternebat
1363 594 1592 666 cuspidis
1620 593 1729 649 issu

419 688 483 739 75
525 669 784 740 Agmina:
821 686 1025 742 perque
1051 668 1187 722 acies
1211 680 1300 722 aut
1325 666 1581 739 Cygnum
1607 680 1697 722 aut
1722 666 1970 723 Heeiora
1992 677 2282 743 quaerens&

518 742 891 813 Congreditur
912 743 1138 812 Cygno:
1177 740 1453 795 decimum
1477 740 1667 795 dilatus
1691 741 1745 795 in
1772 759 1972 798 annum

524 814 739 869 Hector
763 829 890 868 erat.
926 826 1047 869 ‚tum
1076 813 1363 885 collajugo
1387 814 1672 868 candentia
1701 813 1902 886 pressos

523 887 852 941 Exhortatus
877 903 1046 958 equos
1055 926 1074 955 ,
1111 904 1332 941 currum
1356 887 1555 942 direxit
1579 888 1634 940 in
1658 887 1894 943 hostem:

524 959 965 1032 Concutiensque
993 959 1096 1013 suis
1119 959 1377 1014 vibrantia
1407 961 1511 1013 tela
1536 960 1774 1024 lacertiS‚

417 1032 484 1088 80
523 1031 781 1104 Quisquis
807 1050 892 1093 es,
934 1033 969 1085 ὀ
992 1031 1227 1102 juveniS‚
1260 1033 1438 1088 solatia
1462 1033 1650 1087 mortis
1674 1033 1904 1098 bahem,

520 1105 703 1167 Dixit,
737 1104 800 1158 ab
829 1103 1143 1159 Haemonio
1170 1107 1320 1178 quod
1348 1107 1408 1161 fis
1427 1105 1694 1177 jugulatus
1720 1107 1946 1161 Achille.

519 1176 801 1241 ,Haerenus
824 1177 1105 1234 Aeacides,
1145 1196 1340 1239 vocem
1364 1182 1537 1252 gravis
1560 1179 1702 1233 hasta
1724 1179 1903 1235 secuta
1927 1179 2021 1233 est.

225 1405 291 1436 zze„
319 1390 403 1428 bello
415 1392 593 1442 commtffae.
612 1393 650 1431 ὃ(
672 1394 722 1432 ita
742 1394 960 1443 paffimalii.
988 1403 1082 1443 quae
1106 1392 1272 1432 cum-ob-

229 1444 288 1480 via
301 1442 341 1480 fit
355 1443 462 1492 hujus
482 1445 583 1482 verbi
595 1444 823 1493 significatio,
837 1445 960 1483 mirari
984 1445 1076 1482 subit
1095 1444 1273 1482 eumdem

226 1493 384 1534 Livium
414 1505 480 1542 pro
501 1494 605 1542 finito
635 1508 773 1543 ponere
803 1497 865 1534 lib.
891 1508 982 1533 vui.
1010 1507 1069 1543 25.
1098 1502 1168 1532 Hoc
1189 1495 1273 1532 bello

226 1554 302 1580 tam
319 1544 469 1594 prospere
488 1546 676 1594 commiffo,
705 1546 812 1583 altero
842 1560 973 1596 quoque
994 1545 1078 1582 bello
1090 1546 1172 1594 jam
1188 1545 1273 1593 finis

223 1595 357 1632 aderat.
386 1607 456 1632 nec
484 1596 705 1636 mendosum
736 1597 864 1636 locum
890 1596 1081 1646 quisquam
1113 1597 1274 1636 monuit.

222 1645 508 1685 ΒυΚΜΑΝΝυε.»

279 1699 338 1745 69.
367 1703 545 1748 Fortesque
565 1698 718 1737 animae.
741 1698 758 1749 ]
814 1699 922 1738 Ordo
942 1699 1032 1737 taliS.
1070 1698 1274 1749 Fortesque

224 1747 372 1785 animae
394 1759 463 1785 nec
480 1750 623 1798 'exiguo
644 1751 817 1799 sanguine
837 1751 1045 1795 senserunt,
1081 1750 1171 1799 quid
1195 1753 1275 1788 He-

225 1797 306 1836 ‹f’tor
326 1810 404 1836 non
418 1801 593 1847 'cognitus
605 1801 724 1849 poffit.
745 1812 814 1838 nec
827 1803 963 1849 exiguo
974 1800 1147 1849 sanguine
1158 1801 1274 1851 Phry-

220 1859 286 1936 lges
308 1849 512 1893 senserunt,
540 1852 627 1899 quid
639 1851 803 1888 Achaica
822 1851 971 1888 dextera
984 1850 1275 1899 poflet.C0N5T.

257 1912 397 1938 Annus.
431 1901 575 1938 Strenui
605 1902 790 1939 homines.
829 1902 883 1939 Ita
909 1901 1015 1950 saepe
1036 1902 1133 1951 apud
1153 1902 1274 1941 bonos

221 1950 402 1989 auftores.
432 1950 600 1990 CIOFAN.
646 1958 826 2003 Fortesque
842 1952 1007 1997 animae,
1033 1966 1140 2004 neque
1161 1954 1273 2003 cogni-

223 2010 282 2038 tus
304 2004 426 2038 Ηεὲἶαν
455 2002 539 2048 libri
572 2003 789 2040 constanter.
818 2015 889 2040 nec
921 2012 1047 2041 tamen
1065 2004 1181 2042 sensus
1202 2005 1273 2042 ho-

223 2064 306 2091 rum
319 2056 454 2100 poetae
476 2054 593 2090 menti
605 2053 810 2101 respondet.
838 2053 1041 2091 Censebam
1061 2056 1151 2092 olim
1164 2054 1274 2093 refin-

221 2103 386 2151 gendum
402 2131 412 2148 ‚
442 2117 548 2151 neque
565 2104 744 2153 insignitus
765 2106 898 2142 Hector.
917 2105 1118 2153 insignitus,
1139 2106 1273 2153 proin-

224 2155 414 2201 cognitus:
444 2154 638 2193 etfiminus
659 2153 888 2194 obviavoce.
916 2156 1113 2206 Sequentia
1131 2155 1272 2197 ideon—

221 2203 384 2243 firmant.
408 2205 456 2244 fic
476 2204 586 2254 paulo
607 2204 713 2243 a‘nte:

479 2269 586 2305 neque
604 2256 841 2305 inexpeffatus
859 2256 897 2296 in
917 2258 1028 2296 armis

276 2307 386 2355 Hostis
402 2308 507 2355 adest.

224 2357 335 2395 Certe
353 2359 392 2396 in
414 2370 502 2396 meo
523 2357 716 2396 chartaceo
730 2387 741 2404 ,
769 2360 832 2410 qui
853 2359 899 2397 ad
919 2359 1031 2398 fidem
1053 2359 1134 2398 libri
1158 2368 1267 2399 vetu-

224 2408 338 2446 stioris
366 2418 441 2447 erat
471 2409 686 2457 descriptus,
725 2423 832 2458 neque
861 2410 1052 2458 incognitus
1072 2411 1272 2459 legebatur.

223 2469 324 2495 nunc
351 2461 508 2498 omnino
537 2460 741 2507 amplector
774 2460 1027 2510 conjeecuram
1075 2461 1270 2500 Christiani

224 2508 390 2556 Hugenii
410 2511 631 2548 Zulicliemii
645 2512 738 2556 ‚viri
759 2511 805 2548 ad
835 2513 1147 2561 summa‘quaevis
1167 2513 1267 2558 nati,

226 2559 290 2606 qui
311 2561 485 2598 monebat
503 2573 642 2609 nuper,
668 2562 927 2610 reponendum
947 2562 1011 2600 sibi
1032 2563 1170 2600 videri:

396 2623 567 2673 fortisque
589 2623 730 2660 animae
750 2637 825 2661 nece
842 2625 993 2674 cognitus
1006 2627 1140 2664 Hee'lor.

220 2684 280 2722 Ut
310 2684 519 2723 Protesilaus
549 2687 845 2736 subintelligatur.
872 2689 918 2726 de
946 2702 1023 2739 quo
1045 2690 1157 2738 paulo
1178 2699 1265 2729 ante

225 2742 361 2783 egerat.
391 2735 451 2771 De
474 2738 574 2784 cujus
604 2738 837 2784 conjecturae
859 2741 1012 2778 veritate
1034 2742 1096 2778 vix
1121 2741 1265 2780 dubito.

223 2782 345 2823 Posset
365 2786 474 2822 etiam
494 2785 585 2832 legi,
609 2787 782 2834 fhrtisque
802 2801 911 2824 manu
929 2790 1009 2825 bene
1028 2791 1179 2838 cognitus
1198 2799 1266 2827 He-

216 2837 306 2880 Ror.
333 2844 373 2872 ut
395 2835 490 2883 apud
511 2836 639 2872 Sil-ium
666 2836 726 2872 lib.
742 2837 894 2873 xvi1.de
915 2839 1121 2882 Annibale,
1147 2843 1267 2877 Latio·

224 2900 290 2933 que
310 2886 417 2922 micat
433 2885 513 2921 bene
534 2886 682 2932 cognitus
701 2885 794 2932 ensis.
822 2887 968 2925 Hnms.
1023 2890 1162 2938 Recepi
1189 2902 1266 2928 cer-

223 2936 398 2974 tissimam
421 2937 705 2974 correctionem.
732 2937 781 2972 ita
800 2948 891 2973 mox
911 2937 960 2974 vs.
985 2937 1066 2975 180.

273 3001 359 3046 Qu
377 2997 442 3034 tibi
464 2997 619 3045 militia,
645 2998 740 3046 cujus
758 2998 944 3036 certamine
957 3007 1090 3048 pugnae

275 3050 451 3098 Cognitus.

221 3115 323 3152 ‘Vide
352 3114 398 3150 de
426 3114 496 3150 hac
522 3124 617 3150 voce
647 3113 800 3161 cognitus
827 3114 972 3152 Manut.
994 3114 1039 3152 ad
1061 3115 1181 3154 Cicer.
1203 3127 1265 3155 vr.

223 3166 334 3213 Epist.
354 3164 455 3201 Fam.
477 3176 509 3211 5.
537 3162 584 3201 Et
601 3165 650 3202 ita
668 3166 787 3201 Cicer.
809 3177 897 3202 xiii.
921 3166 988 3213 Ep.
1015 3167 1068 3202 16.
1098 3172 1188 3204 Tum
1201 3176 1262 3215 per

223 3229 278 3252 me
297 3214 488 3260 existimare
519 3214 603 3263 coepi
626 3228 668 3252 ex
705 3214 747 3251 iis
759 3215 922 3264 judiciis,
951 3229 1039 3266 quae
1062 3216 1103 3252 de
1119 3230 1152 3253 eo
1169 3220 1262 3264 fece-

214 3278 325 3313 «πη,
353 3265 500 3317 cognitcjs.
524 3266 562 3304 ὃς
588 3267 637 3305 ita
666 3277 755 3317 cape
783 3266 845 3306 ista
875 3267 1031 3316 Nepotis
1052 3268 1214 3322 Miltiad.
1229 3281 1262 3309 1.

2270 1253 2377 1312 Sed

1328 1392 1393 1430 Sed
1425 1391 1532 1430 etiam
1556 1393 1718 1443 confidere
1737 1392 1828 1431 cives
1843 1391 1968 1444 poffint
1982 1391 2181 1442 fiti,talem
2193 1393 2384 1441 futurum,;

1328 1444 1467 1493 qualem
1486 1446 1659 1493 cognitum
1674 1446 1896 1495 judicarunt.
1908 1443 2017 1489 idest,
2031 1444 2384 1494 postquam-cogn&

1332 1503 1469 1533 verunt
1490 1497 1529 1533 δε
1550 1498 1691 1545 experti
1708 1496 1801 1534 sunt.
1826 1495 1957 1533 Buim.

1381 1558 1441 1592 70.
1469 1546 1629 1584 Achaica
1649 1545 1829 1596 dexteras]
1859 1546 2001 1583 Acha'ia
2020 1558 2066 1584 ex
2086 1545 2312 1584 melioribus.
2329 1546 2382 1586 fic

1330 1599 1430 1633 Troia
1452 1597 1578 1645 paffim
1607 1610 1673 1647 pro
1695 1600 1837 1642 Troica,
1864 1596 1957 1634 libro
1978 1609 2012 1635 x.
2040 1596 2222 1634 Panchaia
2250 1597 2382 1644 tellus,

1331 1660 1416 1685 cum
1441 1649 1639 1685 Pancha'ica
1660 1649 1756 1686 male
1773 1649 1969 1697 legeretur.
1986 1648 2080 1686 libro
2100 1660 2146 1685 11.
2184 1648 2383 1688 Aeneidos

1332 1699 1475 1735 Achaia
1497 1699 1618 1747 castra.
1647 1701 1684 1737 &
1704 1700 1797 1737 libro
1816 1711 1852 1737 v.
1873 1711 2001 1738 manus
2024 1698 2171 1740 Achaia
2190 1698 2229 1735 in
2257 1699 2383 1738 multis

1331 1750 1489 1799 antiquis
1510 1751 1792 1799 exemplaribus.
1818 1748 1998 1788 Achaicus
2018 1757 2146 1788 tamen
2172 1748 2261 1798 ignis
2282 1750 2383 1800 apud

1331 1800 1546 1838 Horatium.
1574 1803 1721 1839 Hrms.

1383 1862 1442 1897 71.
1469 1856 1516 1888 Et
1526 1852 1606 1901 jam
1625 1853 1742 1902 Sigaea
1762 1851 1967 1903 rubebant.]
2000 1856 2044 1889 Et
2056 1851 2137 1901 jam
2160 1848 2300 1900 signata
2320 1855 2384 1890 ru-'
2413 1872 2417 1875 -

1331 1901 1456 1939 bebant
1477 1903 1633 1951 plurima
1655 1916 1700 1941 ex
1725 1903 1907 1942 veteribus
1922 1933 1933 1950 ‚
1961 1903 2067 1954 quod
2087 1904 2126 1940 δε
2145 1902 2382 1942 vivianus&

1330 1952 1570 1991 Bersmannus
1590 1955 1628 1992 in
1647 1954 1715 1991 suis
1737 1955 1972 1992 invenerunt.

1380 2015 1439 2051 72.
1467 2004 1581 2041 Proles
1611 2004 1789 2054 Neptunia
1812 2004 1993 2053 Cygnus]
2041 2004 2151 2041 Duos
2173 2002 2278 2042 fuiffe
2298 2004 2379 2054 Cy-'

1326 2066 1419 2104 gnos
1439 2056 1597 2104 reperio.
1624 2067 1741 2092 unum
1764 2055 1886 2092 Marte
1905 2056 2073 2103 genitum
2087 2082 2097 2099 ,
2126 2055 2191 2104 qui
2214 2055 2258 2091 ab
2276 2055 2377 2092 Her-

1329 2106 1409 2143 cule
1431 2106 1479 2143 est
1499 2106 1734 2151 intermistus,
1761 2114 1801 2143 ut
1819 2106 1856 2142 in
1874 2105 2011 2154 Aspide
2032 2113 2150 2143 narrat
2179 2103 2378 2144 Hesiodus.

1326 2156 1500 2194 Alterum
1523 2158 1724 2206 Neptuno,
1753 2168 1867 2206 quem
1890 2156 2078 2194 interemit
2099 2154 2286 2200 Achilles,
2312 2166 2381 2200 auf

1329 2207 1431 2245 <frore
1450 2207 1623 2245 Pindaro.
1651 2207 1671 2244 a
1691 2219 1768 2257 quo
1790 2215 1998 2245 mutuatum
2021 2207 2114 2243 haec
2126 2205 2284 2243 Po'e'tam
2304 2218 2379 2244 no·
2419 2225 2423 2228 ·

1325 2258 1437 2296 strum
1458 2260 1639 2297 existimo,
1667 2259 1812 2296 Consr.
1836 2259 2006 2296 Faunus.
2044 2255 2140 2294 Tres
2157 2264 2281 2293 autem
2296 2257 2376 2306 Cy.-

1324 2310 1389 2357 gni
1407 2318 1662 2347 memorantur
1679 2309 1776 2358 apud
1795 2313 1948 2357 poetas,
1976 2308 2114 2357 primus
2143 2307 2308 2354 Neptuni
2330 2307 2375 2346 fi-

1325 2360 1413 2404 lius,
1443 2372 1558 2409 quem
1577 2360 1716 2398 occidit
1735 2361 1896 2398 Achilles
1909 2389 1919 2405 ‚
1947 2360 1993 2397 de
2012 2371 2089 2407 quo
2111 2357 2175 2394 liic
2188 2357 2373 2404 Ovidius,

1329 2412 1367 2447 &
1385 2412 1421 2448 in
1448 2411 1617 2448 Phocicis
1636 2411 1743 2449 libai.
1756 2423 1834 2460 cap.
1849 2423 1902 2458 ¹4·
1922 2409 2122 2448 Pausanias.
2147 2407 2253 2444 Alter
2265 2409 2372 2447 Sthe-

1326 2461 1400 2498 neli
1431 2461 1549 2507 filius,
1578 2463 1759 2511 Ligurum
1785 2474 1873 2499 rex:
1903 2461 1948 2499 de
1978 2471 2055 2509 quo
2077 2458 2178 2496 idem
2207 2458 2371 2498 Ovidius

1324 2511 1427 2560 supra
1443 2513 1504 2551 lib.
1526 2525 1573 2551 11.
1594 2514 1632 2550 ὃς
1652 2513 1841 2550 Pausanias
1860 2513 1899 2549 in
1919 2512 2052 2548 Atticis
2070 2509 2170 2547 lib.1.
2184 2520 2243 2557 30.
2261 2521 2370 2548 men-

1323 2563 1468 2601 tionem
1493 2565 1579 2601 facit
1592 2591 1602 2608 ‚
1625 2565 1688 2612 qui
1708 2563 1807 2600 idem
1827 2564 1865 2599 &
1887 2560 2075 2599 Musicum
2088 2559 2249 2598 eundem
2259 2559 2368 2599 fuiffe

1323 2613 1435 2659 dicit,
1463 2623 1573 2663 atque
1591 2614 1676 2651 inde
1696 2613 1838 2650 fabulae
1863 2613 1988 2650 locum
2023 2611 2163 2649 datum.
2216 2611 2370 2651 Tertius

1323 2674 1448 2702 autem
1474 2666 1626 2714 Cygnus
1647 2665 1775 2702 Martis
1809 2664 1902 2701 filius
1929 2663 2021 2706 fuit,
2049 2673 2160 2710 quem
2184 2661 2368 2702 Hercules

1321 2714 1489 2764 singulari
1510 2716 1710 2753 certamine
1738 2715 1836 2763 apud
1862 2715 2026 2752 Peneum
2049 2723 2199 2749 amnem
2219 2712 2366 2761 supera-

1321 2767 1375 2803 vit
1404 2768 1441 2802 &
1462 2766 1608 2803 occidit.
1638 2765 1684 2803 de
1716 2778 1793 2814 quo
1831 2765 1929 2803 idem
1951 2761 2138 2800 Pausanias
2168 2763 2304 2801 eodem
2325 2765 2371 2809 lie,

1321 2815 1386 2852 bro
1405 2827 1482 2865 cap.
1504 2828 1564 2862 27.
1585 2818 1623 2854 ὃς
1643 2816 1827 2854 Hesiodus
1847 2817 1883 2852 in
1916 2813 2052 2861 Aspide
2071 2812 2161 2850 vers.
2182 2824 2240 2862 37.
2283 2815 2366 2857 Mt-

1321 2878 1478 2906 CYLLUS.
1531 2868 1647 2904 Proles
1669 2865 1829 2903 §tenele'i‘a
1850 2865 2022 2901 Gronov.
2042 2863 2145 2912 quod
2164 2865 2361 2911 repetitum

1321 2928 1366 2952 ex
1384 2917 1443 2953 lib.
1461 2929 1507 2955 11.
1527 2917 1799 2965 367.Ceterum
1823 2915 1998 2964 Cygnum
2020 2914 2064 2950 ab
2076 2914 2238 2951 Hercule
2260 2914 2362 2950 occi-

1316 2965 1397 3002 sum
1417 2966 1504 3004 dicit
1525 2968 1652 3003 Senec.
1671 2965 1879 3002 Herc.Fur.
1900 2965 1985 3014 485.
2012 2965 2073 3003 ubi
2085 2964 2170 3003 vide
2188 2964 2358 3010 Gronov.

1321 3026 1398 3064 quo
1420 3016 1506 3053 loco
1527 3015 1698 3053 Heinsius
1719 3016 1883 3064 legebat:

1496 3066 1636 3102 Vulneri
1652 3077 1694 3104 ω’
1703 3068 1799 3112 ferro
1821 3066 1944 3104 invius

1372 3121 1523 3152 Mortem
1551 3119 1682 3153 coafflus
1709 3118 1837 3166 integer
1854 3123 1995 3166 Cygnus
2013 3116 2102 3167 pati.

1320 3165 1368 3204 Et
1399 3167 1445 3205 ad
1476 3167 1651 3216 Cygnum
1675 3168 1855 3206 referebat
1883 3179 2036 3218 quoque
2064 3167 2124 3208 illa
2143 3178 2189 3208 ex
2206 3167 2358 3209 Medea:

1317 3219 1402 3267 635.

1367 3275 1474 3307 Patre
1493 3273 1652 3321 Neptuno
1667 3270 1825 3322 genitum
1845 3268 1995 3318 necavit.

2310 3317 2365 3369 ἐξ
