2483 3616
229 171 326 241 678

741 172 801 228 P.
877 167 1294 226 OVIDII
1368 165 1902 225 NASONIS

520 287 692 361 Quod
717 303 1008 343 commune
1030 283 1203 348 foret,
1240 300 1340 339 nec
1365 301 1694 358 quemquam
1717 283 1921 341 falleret
1944 283 2057 339 illo.

384 377 486 435 710
522 362 855 434 Impercepta
878 360 965 432 pia
987 357 1267 412 mendacia
1289 355 1479 413 fraude
1504 357 1754 413 latebant.

525 434 718 489 Cultus
742 448 854 488 erat
881 433 1057 506 pueri:
1103 431 1294 491 facies,
1334 449 1496 503 quam
1519 430 1622 485 five
1647 432 1880 502 puellae,

531 509 652 562 Sive
679 508 828 561 dares
852 523 1023 578 puero
1039 545 1054 569 ‚
1088 505 1241 559 fieret
1266 503 1530 557 formosus
1556 516 1802 574 uterque.

525 580 750 635 Tertius
775 581 978 634 interea
1006 579 1222 632 decimo
1249 573 1560 628 successerat
1585 591 1782 635 annus;

524 654 668 708 Cum
692 667 870 725 pater,
908 651 1048 722 Iphi,
1088 649 1185 702 tibi
1209 647 1404 700 flavam
1430 646 1729 718 despondet
1752 647 2009 703 Ianthen:

380 746 476 797 715
512 727 653 781 Inter
679 724 1011 781 Phaestiadas
1036 739 1170 793 quae
1196 717 1545 774 laudatiffima
1573 718 1779 774 formae

523 801 674 856 Dote
699 799 799 853 fuit
826 798 979 866 virgo
995 833 1010 858 ,
1052 791 1278 847 Dictaeo
1300 805 1422 847 nata
1447 790 1681 847 Teleste.

527 873 629 927 Par
657 885 824 932 aeta3‚
861 886 954 939 par
980 868 1153 921 forma
1178 865 1304 919 fuit:

1346 866 1651 938 primasque
1677 865 1934 938 magistris

526 947 810 1015 Accepere
835 953 1001 1004 arteS‚
1043 940 1306 994 elementa
1331 939 1546 1003 aetatis,
1585 938 1649 993 ab
1672 939 1863 994 isdem.

525 1016 679 1072 Hinc
706 1033 856 1070 amor
879 1013 1154 1068 ambarum
1178 1012 1357 1084 tetigit
1380 1013 1515 1067 rude
1541 1013 1754 1084 pectus:
1798 1013 1855 1068 &
1882 1028 2116 1086 aequum

383 1110 485 1159 720
524 1089 736 1147 Vulnus
758 1089 973 1160 utrique
999 1087 1136 1141 tulit.
1174 1085 1264 1140 sed
1289 1100 1400 1140 erat
1425 1085 1622 1140 fiducia
1649 1087 1836 1159 dispar.

524 1163 782 1235 Conjugii
805 1162 1095 1234 pactaeque
1120 1158 1387 1231 exspectat
1416 1174 1659 1231 tempora
1686 1160 1901 1224 taedae,

520 1237 812 1309 Quamque
842 1236 1019 1290 virum
1045 1245 1199 1306 putat
1227 1232 1358 1296 effe,
1397 1231 1547 1286 suum
1572 1232 1691 1287 fore
1719 1234 1893 1288 credit
1918 1233 2121 1288 I'anthe.

525 1310 666 1382 Iphis
691 1322 858 1372 amat,
896 1310 1001 1381 qua
1025 1306 1171 1379 poffe
1196 1306 1300 1360 frui
1325 1304 1595 1378 desperat,
1635 1306 1688 1359 ἃ
1716 1319 1876 1378 auget

526 1383 661 1437 Hoc
687 1383 858 1454 ipsum
881 1382 1149 1436 flammas:
1189 1379 1450 1460 ardetque
1475 1379 1528 1432 in
1552 1379 1759 1451 virgine
1786 1381 1954 1453 virgO.

382 1475 478 1531 725
521 1455 742 1537 Vixque
768 1469 954 1509 tenens
979 1454 1246 1516 lacrimaS,

1282 1452 1419 1525 Qu1s
1443 1469 1530 1506 me
1555 1466 1733 1507 manet
1760 1454 1933 1508 exitus
1952 1491 1968 1516 ‚
2005 1454 2211 1528 inquit,

531 1529 768 1600 Cogn1ta
793 1545 953 1601 quam
979 1526 1133 1589 nulli,
1173 1543 1331 1597 quam
1359 1525 1687 1597 prodigiosa,
1728 1544 2008 1600 novaeque

524 1602 671 1656 Cura
699 1614 846 1655 tenet
872 1599 1134 1655 Veneris?
1177 1600 1214 1652 fi
1240 1598 1313 1652 Di
1340 1599 1471 1652 mihi
1495 1616 1715 1671 parcere
1740 1600 1968 1664 vellent,

533 1675 806 1744 [Perdere
832 1672 1157 1728 debuerant:
1199 1671 1237 1726 fi
1259 1689 1369 1728 non
1396 1673 1451 1725 &
1477 1672 1706 1744 perdere
1731 1673 1926 1728 vellent
1944 1677 2000 1744 ς]

292 1900 378 1938 710.
408 1889 585 1939 Indecepta
612 1887 830 1937 mendacia]
877 1888 967 1926 Non
991 1895 1184 1938 percepta,
1211 1899 1291 1926 non

241 1943 390 1991 cognita
404 1970 415 1986 ‚
443 1953 520 1979 non
541 1939 737 1978 intellecta.
795 1945 997 1989 Impercepta
1014 1949 1139 1978 autem
1158 1967 1168 1983 ,
1193 1938 1292 1977 inde-

233 1993 446 2043 prehensave
467 1992 597 2029 rectius
617 1989 764 2027 forfitan
784 1991 965 2038 legeretur
980 2020 990 2035 ,
1016 1991 1090 2029 hoc
1118 1991 1166 2028 est
1181 2019 1191 2034 ,
1212 2002 1291 2028 non

240 2043 487 2092 deprehensa,
514 2054 590 2079 non
613 2040 873 2078 animadversa.
907 2043 1078 2080 REGms.
1113 2041 1291 2089 Indecepta

237 2094 389 2143 plurimi
431 2103 584 2131 veteres.
638 2092 840 2141 Indeprensa
874 2092 1074 2130 Calandrae
1106 2101 1291 2140 excerpta.

240 2144 310 2182 sec.
338 2144 447 2182 Palat.
472 2144 579 2192 prim.
607 2142 708 2180 Bafil.
728 2144 836 2191 prim.
856 2144 949 2192 Reg.
977 2144 1065 2181 alter
1086 2143 1292 2191 Hamburg.

241 2196 282 2233 δε
319 2196 485 2245 quinque
513 2194 586 2232 alii.
622 2193 822 2243 quomodo
847 2195 945 2244 apud
976 2195 1131 2241 Statium
1153 2193 1214 2232 lib.
1238 2206 1294 2232 VI.

615 2313 716 2324 —
743 2295 884 2345 vestigia
906 2296 1037 2334 cunflis

295 2348 500 2398 Indeprensa
515 2347 636 2398 procis.

245 2401 443 2447 Imperfeei‘a
489 2400 596 2448 prim.
629 2399 800 2435 Gronov.
838 2404 1029 2447 Intercepta
1060 2409 1153 2436 unus
1187 2409 1293 2436 meus

248 2460 334 2486 cum
357 2452 534 2498 excerptis
550 2450 678 2496 Jureti.
732 2449 837 2486 Nihil
867 2458 988 2486 muto.
1041 2450 1145 2487 Hine
1165 2449 1294 2497 imper-

247 2499 392 2546 ceptiora
412 2500 508 2547 apud
531 2501 694 2537 Gellium
713 2499 776 2537 lib.
797 2511 877 2536 X1v.
905 2512 1020 2547 capa.
1049 2504 1115 2535 An
1132 2499 1295 2536 videlicet

249 2561 378 2596 magna
392 2549 511 2596 sciunt
525 2578 534 2592 ‚
563 2552 698 2586 minora
719 2550 873 2598 nesciunt
889 2578 898 2594 ‚
923 2562 968 2589 (φ
990 2550 1127 2586 minora
1149 2550 1294 2598 majori-

249 2598 311 2634 bus
331 2599 581 2647 imperceptiera
593 2600 694 2648 sunt.
733 2601 786 2636 Sic
803 2601 1038 2646 interstinctus
1062 2613 1128 2649 pro
1144 2601 1296 2647 irrestin-

247 2651 324 2737 {ign
349 2661 537 2697 perperam
566 2650 697 2697 legitur
724 2652 822 2699 apud
846 2653 1080 2690 Marcianum
1104 2651 1295 2701 Capellam

300 2710 341 2736 ro
362 2711 414 2735 xx.

301 2755 440 2786 Names
450 2747 655 2797 flufft'igenas
675 2749 881 2798 chorumque
902 2753 1026 2790 Phorci

299 2800 470 2848 Flagrans
489 2812 570 2835 cura
589 2799 702 2835 trahit
717 2827 728 2843 ‚
755 2801 1002 2851 nivalibusque

305 2850 518 2898 Jrrestinfftas
537 2850 638 2897 aquis
662 2849 858 2898 triumphat
882 2853 997 2888 ardor.
1024 2853 1173 2892 HHNS.

303 2913 386 2948 712.
416 2901 533 2938 Fieret.
546 2899 561 2950 ]
576 2899 710 2936 fierent
726 2899 908 2938 Bersman.
922 2914 992 2939 nec
1005 2904 1121 2941 male:
1137 2905 1185 2941 fic
1202 2903 1300 2952 apud

254 2953 366 2991 Mart.
385 2965 421 2989 x.
435 2951 495 2988 81.

304 3008 351 3039 Et
377 3001 511 3038 nudam
530 3009 686 3050 cuperent
701 3001 838 3049 sumere
859 3011 1002 3051 uterque
1018 3002 1122 3051 prior.

250 3056 306 3093 Ita
325 3055 363 3092 in
386 3053 517 3091 codice
542 3052 723 3089 Vossiano
740 3052 870 3100 reperi.
898 3055 1012 3101 vulgo
1029 3080 1038 3097 ‚
1061 3062 1203 3102 cuperet.
1225 3054 1301 3092 vid.

251 3106 298 3144 ad
316 3118 363 3142 11.
378 3104 459 3141 Art.
482 3103 566 3152 383.
593 3102 725 3140 Euam.

304 3167 389 3204 713·
411 3153 649 3203 Succefferat.]
690 3159 911 3190 succreverat
932 3165 982 3202 pr.
998 3153 1147 3192 Palatin.
1169 3154 1300 3193 eadem

256 3207 410 3244 varietas
428 3205 511 3242 infr.
528 3204 590 3242 lib.
607 3216 661 3242 xx.
681 3203 742 3242 80.
770 3206 807 3241 δί
829 3205 974 3242 notavit
993 3207 1104 3242 etiam
1123 3207 1160 3243 in
1185 3207 1299 3244 Livio

250 3258 313 3343 gb.
336 3268 413 3293 xxx.
438 3267 471 3304 3.
498 3255 727 3298 Gronovius.
763 3267 856 3309 anne
891 3256 1002 3295 etiam
1030 3264 1190 3306 quatuor
1206 3256 1298 3297 libri.

284 3318 464 3346 unMANN.

2473 1767 2483 1805 ικ

2135 1747 2388 1804 Naturale

1347 1937 1381 1975 L
1400 1887 1484 1934 716.
1515 1886 1641 1938 Dete]
1682 1894 1775 1926 Sorte
1799 1887 1936 1927 Bersm.
1962 1886 2048 1926 MS.
2074 1886 2176 1924 decla
2197 1884 2277 1933 fuit
2295 1885 2392 1936 virgo

1386 1939 1455 1976 eid.

1400 1990 1482 2036 716.
1512 1989 1671 2040 Teleste.]
1726 1991 1827 2027 Male
1858 1990 2001 2038 Theleste
2026 1991 2064 2028 in
2094 1989 2169 2027 aliis
2195 1989 2330 2038 scriptis
2358 1988 2410 2026 &-
2463 1980 2466 1989 ¹

1348 2040 1465 2079 editis.
1491 2042 1551 2090 huj
1561 2054 1598 2079 us
1612 2042 1775 2079 nominis
1787 2042 1868 2078 Rex
1884 2041 2165 2079 Corinthiorum
2179 2039 2415 2077 undecimus·

1348 2102 1576 2130 memoratur
1604 2094 1647 2129 ab
1669 2092 1828 2130 Eusebio
1848 2092 1893 2129 ad
1915 2092 1991 2129 An.
2012 2102 2298 2140 mccxxv.quem
2312 2090 2413 2128 Ari-1

1347 2143 1505 2180 stodemi
1527 2142 1644 2181 filium
1666 2144 1751 2180 facit
1773 2142 1922 2180 Pausan.
1941 2143 2003 2180 lib.
2024 2155 2068 2179 11.
2092 2153 2171 2190 cap.
2189 2154 2222 2188 4.
2262 2140 2413 2189 Telesia-²-

1349 2195 1517 2232 comicus
1540 2192 1851 2232 GraecuseSuida
1870 2202 2240 2241 memoratur,quem
2250 2193 2398 2231 Voffius

1349 2245 1395 2282 de
1414 2246 1538 2283 Po'e‘tis
1561 2246 1709 2283 Graecis
1732 2257 1810 2293 cap.
1829 2256 1902 2281 vu.
1937 2243 1983 2282 ad
2001 2242 2220 2293 Olympiad.
2239 2255 2323 2281 xcv.
2339 2254 2398 2281 re-

1349 2297 1431 2335 fert.
1462 2296 1602 2345 Telestas
1615 2295 1814 2333 Meffenius
1837 2295 2033 2333 Pausaniae
2049 2295 2110 2332 lib.
2127 2306 2181 2332 v1.
2200 2305 2280 2342 cap.
2297 2306 2350 2340 14.
2372 2292 2396 2332 a.

1348 2348 1513 2395 pugilatu
1543 2348 1672 2396 puerili
1703 2346 1914 2383 celebratur.
1968 2344 2103 2396 Thyeste
2129 2345 2190 2383 hic
2217 2343 2401 2384 nonnulli.

1352 2397 1486 2434 leelete
1506 2407 1616 2435 etlam
1637 2398 1800 2447 quidam.
1830 2397 1958 2435 Euam.

1404 2460 1487 2495 717.
1515 2449 1721 2498 Primasque
1739 2447 1946 2497 magistris]
1994 2447 2061 2485 Ait
2083 2446 2242 2485 Ovidius
2262 2447 2400 2486 amoris
2456 2476 2457 2480 ,

1351 2499 1551 2547 auspicium
1573 2500 1616 2537 ab
1637 2500 1749 2548 usque
1768 2500 1858 2536 ludo
1876 2499 2060 2542 literario,
2082 2498 2121 2535 in
2134 2509 2246 2547 quem
2260 2497 2335 2536 una
2356 2497 2414 2536 fi-·

1352 2551 1429 2588 mul
1443 2551 1556 2593 ibant,
1576 2551 1722 2599 utrique
1745 2549 1882 2587 factum
1913 2547 2031 2587 fuiffe.
2052 2548 2112 2586 sed
2134 2549 2214 2598 quis
2234 2560 2413 2598 unquam⁴
2456 2560 2462 2582 1

1352 2603 1465 2639 fando
1498 2602 1663 2645 audivit,
1692 2611 1783 2638 artes
1805 2600 1937 2650 primas
1963 2601 2019 2651 effe
2039 2599 2207 2636 elementa
2240 2600 2366 2637 aetatis
2385 2606 2408 2639 ἒξ
2464 2606 2483 2636 *ι

1353 2651 1487 2689 deinde
1502 2680 1511 2695 ,
1533 2662 1607 2688 erat
1624 2661 1690 2701 par
1705 2663 1821 2696 aetas,
1852 2652 1890 2688 &
1909 2662 2057 2700 accepere
2074 2651 2241 2687 elementa
2259 2649 2399 2695 aetatis.
2474 2645 2483 2654 “

1353 2715 1432 2739 non
1460 2702 1606 2739 abunde
1629 2703 1823 2740 ridiculum
1846 2702 1916 2744 est,
1939 2703 2013 2750 ipse
2032 2700 2184 2750 quidem
2208 2711 2404 2751 nunquam
2460 2660 2483 2757 Ξ

1355 2753 1458 2789 aliter
1486 2752 1598 2797 sensi,
1628 2764 1750 2802 neque
1779 2753 1874 2791 adeo
1900 2752 2077 2790 sentiam:
2106 2751 2306 2800 legendum
2333 2752 2407 2797 ita-5⁴
2459 2758 2483 2801 {fi

1354 2814 1452 2852 ‹rue›
1871 2853 1878 2859 .
2132 2853 2138 2859 .
2192 2854 2200 2861 .
2471 2799 2483 2878 ξ

1712 2872 1775 2882 —-
1821 2862 2020 2904 premasque
2045 2853 2215 2902 magtstrts

1407 2909 1570 2953 Accepere
1587 2914 1698 2948 artes,
1725 2904 1960 2955 elementaque
1976 2904 2094 2954 prima
2109 2905 2177 2952 sub
2199 2904 2330 2953 iisdem.

1356 2957 1482 3001 Quam
1507 2955 1758 3002 conjecturam
1783 2956 1807 2992 si
1831 2968 1954 2992 veram
1978 2954 2049 2993 esse
2070 2955 2223 2998 dixero,
2242 2954 2278 2991 id
2306 2952 2397 2990 mihi

1356 3004 1488 3041 videor
1508 3004 1666 3042 dicturus
1683 3035 1691 3046 ,
1711 3006 1813 3054 quod
1836 3007 1873 3043 ὃς
1895 3018 2026 3044 omnes
2039 3006 2170 3044 dietari
2188 3003 2396 3042 suntfrau.

1357 3054 1503 3091 FABER.
1529 3056 1589 3091 hb.
1611 3069 1656 3093 11.
1676 3056 1786 3105 Epist.
1807 3058 1868 3106 69.

1413 3116 1495 3152 719.
1526 3106 1615 3141 Hinc
1644 3119 1742 3143 amor
1772 3107 2004 3151 amborum]
2059 3105 2261 3144 Ambarum
2299 3101 2398 3142 refie
2463 3108 2483 3138 ‚¹5

1358 3156 1516 3204 Neapol.
1538 3156 1605 3194 sec.
1628 3158 1766 3196 Medic.
1789 3159 1894 3207 prim.
1918 3155 2084 3198 Vat'ican.
2112 3157 2402 3205 prim.Gronov.
2460 3166 2472 3186 ³

1359 3207 1397 3242 8<
1416 3206 1476 3243 sex
1514 3207 1573 3244 alii
1605 3209 1767 3247 melioris
1800 3221 1923 3248 notae.
1960 3221 2049 3247 mox
2081 3207 2241 3255 conjugii
2271 3205 2402 3243 melio-

1354 3269 1432 3347 ἷξε,
1461 3269 1538 3295 non
1559 3259 1781 3311 conjugium.
1817 3264 1856 3301 ὃς
1879 3262 2031 3312 expectat
2058 3260 2221 3309 optimus
2250 3258 2402 3295 Thuan.

1399 3321 1563 3349 mustuS.

2199 3369 2283 3409 720.
2308 3354 2402 3402 Utri-⁴
2480 3362 2483 3375 ¹
