2483 3616
260 175 363 228 942
777 118 1933 217 noviDiiN'Asoisiis

704 270 776 324 As
800 269 890 324 ubi
916 265 1189 339 praeteriit
1205 304 1222 330 ,
1259 267 1315 319 &
1337 267 1734 344 Parthenopeia
1757 273 1949 330 dextra

551 273 695 409 H
714 340 935 398 Moenia
958 338 1188 393 deseruit
1208 361 1222 400 3
1263 339 1411 392 laeva
1438 339 1507 394 de
1533 357 1682 410 parte
1704 347 1887 402 canori

552 415 806 471 AElolidae
829 412 1122 475 tumulum,
1161 412 1212 464 &
1239 410 1356 466 loca
1379 413 1487 465 feta
1509 415 1820 483 palustribus
1845 419 1979 475 ulvis

555 489 745 543 Litora
772 485 1070 540 Cumarum
1086 523 1101 549 ,
1139 483 1442 556 vivacisque
1465 497 1613 538 antra
1637 485 1862 558 Sibyllae

416 576 508 633 105
551 561 716 615 Intrat
741 577 752 612 :
795 557 851 611 &
868 597 884 622 ,
920 571 980 613 ut
1006 574 1185 613 manes
1211 555 1364 611 adeat
1391 574 1487 629 pei·
1512 558 1731 612 Averna
1754 572 2025 630 paternOS,

553 633 703 686 Orat.
742 645 794 686 at
816 631 900 685 illa
926 631 1020 685 diu
1044 632 1220 684 vultus
1246 630 1433 684 tellure
1459 643 1698 688 moratos

553 704 747 760 Erexit
773 723 784 757 ε
808 703 1155 776 'tandemque
1181 702 1305 757 Deo
1330 702 1615 757 furibunda
1644 714 1897 776 receptO,
1974 758 1975 761 ,

554 777 755 849 Magna
780 777 945 850 petis,
983 776 1151 839 dixit,
1186 775 1267 830 vir
1289 775 1439 831 faeiis
1464 776 1724 841 maxime,
1765 775 1913 847 cujus

556 851 797 905 Dextera
824 868 920 921 per
944 849 1175 912 ferrum,
1212 849 1379 922 pietas
1402 848 1631 920 speeiata
1655 867 1751 921 per
1776 850 1941 920 ignes.

421 925 518 976 110
555 923 705 978 Pone
732 936 936 985 tamen,
974 921 1242 992 Trojane‚
1280 935 1523 976 metum:
1565 923 1773 991 potiere
1797 921 2004 994 petitis:

557 995 863 1068 Elysiasque
887 994 1110 1058 domOS,
1150 995 1206 1048 δε
1231 1012 1395 1067 regna
1419 994 1697 1049 novissima
1725 994 1914 1050 mundi

555 1068 657 1123 Me
683 1067 823 1124 duce
850 1067 1176 1140 cognosces,
1215 1067 1590 1141 simulacraque
1615 1086 1732 1123 cara
1760 1068 2010 1141 parentis.

317 1290 399 1318 101.
436 1281 482 1315 Et
519 1277 769 1328 Parthenopeia
801 1280 926 1316 dextra
961 1278 1106 1316 Moenia
1135 1278 1283 1328 deseruit
1297 1308 1308 1326 ‚

263 1329 366 1367 laeva
387 1329 428 1367 de
441 1339 544 1375 parte
564 1330 683 1367 canori
701 1329 860 1367 AEolidae
881 1329 1100 1381 tumulum]
1131 1330 1186 1369 Ita
1203 1331 1308 1370 locu-

263 1390 321 1419 tus
339 1380 388 1419 est
412 1380 474 1418 lib.
494 1381 654 1430 septimo
679 1392 766 1429 357.

312 1442 468 1480 AEoliam
487 1443 662 1482 Phitanen
681 1443 707 1482 ὰ
727 1443 831 1482 laeva
845 1451 945 1494 parte
962 1441 1116 1493 reliquit.

263 1506 313 1547 Et
332 1509 472 1548 octavo
494 1522 580 1549 220.

569 1585 612 1615 (9³
626 1574 705 1623 jam
722 1572 885 1620 Junom‘a
904 1571 1010 1610 laeva

316 1630 423 1662 Parte
442 1631 557 1663 Samos
570 1629 693 1673 fuerat
706 1654 716 1670 ‚
754 1623 922 1675 Delosque
935 1652 946 1670 ‚
974 1630 1146 1675 Parosque
1167 1623 1316 1664 relie’i‘ae.

264 1686 314 1726 Et
331 1687 446 1726 rursus
469 1701 559 1726 vm.
582 1701 667 1727 220.

315 1755 415 1787 Nam
428 1778 438 1795 ,
461 1750 579 1800 procul
596 1748 742 1799 Illyricis
760 1748 864 1786 laeva
884 1749 925 1786 de
941 1757 1040 1797 parte
1060 1747 1210 1795 relib'lis,

368 1802 556 1838 Interdicia
579 1802 667 1838 mihi
690 1801 843 1837 cernitur
863 1800 984 1838 ltalia.

266 1858 316 1898 Et
336 1869 467 1911 quarto
491 1862 578 1899 Fast.
600 1862 686 1910 285.

319 1931 415 1963 Tunc
435 1926 540 1964 laeva
560 1933 685 1965 Creten
699 1955 709 1973 ‚
737 1926 864 1964 dextra
883 1925 1077 1977 Pelopeidas
1095 1926 1210 1965 undas

368 1978 515 2025 Deserit.

264 2038 327 2076 Ab
365 2040 420 2077 his
448 2040 621 2079 omnibus
649 2040 828 2091 loquendi
856 2040 977 2079 modis
1004 2052 1082 2079 non
1105 2039 1312 2079 admodum

266 2090 361 2127 abest
389 2091 433 2127 C.
458 2091 573 2138 Julius
602 2092 734 2129 Caesar
761 2092 822 2129 lib.
851 2105 886 2129 v.
924 2092 985 2130 De
1012 2091 1115 2129 Bello
1141 2092 1312 2135 Gallico,

267 2141 369 2189 cujus
400 2142 490 2179 haec
520 2142 629 2180 sunt:
670 2144 821 2189 Caesar,
859 2152 935 2178 orta
957 2141 1053 2186 luce,
1082 2140 1150 2190 sub
1170 2140 1313 2190 sinistra

265 2193 495 2229 Britanniam
517 2193 674 2229 relic-Yam
695 2192 874 2241 conspexit.
904 2193 1073 2230 CiOFAN.

322 2253 404 2279 102..
432 2249 552 2280 Laeva
581 2244 621 2281 de
647 2252 748 2292 parte
769 2242 885 2280 canori
903 2243 1070 2280 Aeolidae
1090 2241 1311 2292 tumulum]

265 2291 357 2329 Hoc
377 2293 440 2331 vix
460 2294 696 2343 intelligitur,
723 2306 812 2331 nam
833 2295 961 2331 omnia
983 2294 1073 2331 haec
1091 2293 1138 2331 ad
1148 2293 1312 2331 dextram

266 2343 413 2381 Aeneas
433 2345 580 2389 habuit,
610 2356 695 2382 cum
718 2345 761 2382 ab
784 2344 903 2382 Sicilia
925 2346 961 2382 in
975 2345 1127 2383 Latium
1140 2345 1313 2393 navigat,

266 2393 327 2430 sed
369 2403 430 2432 aut
460 2396 497 2432 in
526 2395 660 2433 sinistra
690 2405 788 2444 parte
820 2394 1066 2444 intelligemus
1095 2394 1280 2432 Misenum
1302 2422 1313 2440 ,

265 2444 356 2481 dum
382 2446 582 2493 Neapolim
605 2446 777 2484 tendebat
790 2445 948 2484 Aeneas.
959 2454 1102 2484 tantum
1117 2446 1217 2482 enim
1230 2457 1316 2494 pro-

238 2524 242 2528 .
267 2495 387 2531 minet
408 2496 596 2534 Misenum
620 2498 921 2545 promontorium
942 2510 950 2533 :
988 2505 1051 2534 aut
1067 2496 1176 2533 aliam
1199 2507 1317 2545 quan-

267 2544 353 2580 dam
386 2546 538 2583 insulam
574 2547 758 2585 Ovidium
790 2548 992 2596 intelligere
1014 2545 1170 2584 voluiffe
1192 2546 1318 2584 crede-

270 2605 365 2631 mus.
392 2608 502 2644 quam
525 2597 569 2635 ad
592 2598 765 2635 sinistram
789 2598 976 2647 reliquerit
996 2599 1161 2640 Aeneas,
1187 2598 1225 2634 in
1245 2609 1318 2646 qua

269 2644 459 2731 iglisenum
486 2648 666 2696 sepultum
693 2649 863 2687 voluerit.
893 2657 929 2687 at
947 2648 1038 2687 nihil
1059 2646 1315 2687 asseveramus.

312 2705 478 2732 LAREAN.

328 2756 409 2793 103.
438 2751 482 2781 Et
504 2746 575 2782 loca
586 2749 682 2793 foeta
701 2748 908 2795 palustribus
927 2748 1071 2799 undis.]
1100 2748 1200 2786 Ulvis
1210 2750 1318 2798 prim.

271 2796 443 2832 Gronov.
481 2797 642 2833 Noricus
679 2799 716 2834 δε
744 2808 814 2835 tres
837 2800 908 2837 alii.
939 2800 1138 2845 quomodo
1163 2801 1200 2836 ὃς
1231 2800 1318 2837 Ber-

270 2857 418 2894 negger.
440 2858 505 2894 pro
527 2847 663 2884 diversa
683 2848 843 2884 lectione
857 2875 868 2892 ,
889 2850 927 2885 ὃς
949 2849 1160 2887 Bersrnanni
1183 2850 1316 2888 codex.

270 2896 313 2934 In
340 2896 466 2942 Ibide,
494 2897 578 2946 285.

322 2963 486 2999 Protinus
504 2962 710 3001 Eumenides
728 2962 844 2999 lavere
857 2962 1065 3012 palustribus
1085 2963 1192 3001 ulvis.

269 3028 346 3066 Ubi
389 3029 494 3066 simili
527 3028 646 3066 modo
677 3029 715 3066 in
747 3029 898 3076 vulgatis
926 3037 1106 3076 peccatur.
1139 3027 1231 3065 libro
1260 3041 1315 3066 vi·

269 3080 362 3117 Met.
389 3091 469 3129 345.
493 3090 702 3129 gratamque
727 3079 912 3129 paludibus
943 3078 1069 3115 ulvam
1095 3079 1200 3116 dixit.
1222 3079 1314 3117 libro

269 3142 359 3167 viii.
390 3132 473 3181 336.

323 3196 418 3202 “-
450 3181 608 3231 iuncique
630 3181 743 3226 leves,
773 3180 943 3231 ulvaeque
960 3179 1136 3227 palustres.

269 3232 316 3268 fic
351 3234 387 3268 ὃς
421 3234 465 3270 ibi
495 3233 723 3270 scribendum
749 3232 904 3268 videtur.
931 3243 1007 3268 non
1032 3231 1203 3280 ulvaeque
1224 3231 1314 3269 leves

261 3282 439 3332 jwsiqxe.
468 3284 599 3333 virgil.
619 3294 772 3334 quoque
791 3283 883 3321 libro
905 3295 966 3321 iii.
996 3282 1133 3332 Georg.
1157 3293 1235 3331 175.
1257 3284 1313 3331 ulf

2329 1146 2413 1204 In-

1368 1291 1456 1317 vam
1481 1278 1667 1328 palustrem
1698 1278 1802 1318 dixit.
1837 1278 2041 1319 Vulturnus
2069 1279 2200 1321 fluvius
2217 1284 2312 1331 apud
2335 1285 2417 1325 Stass
2455 1282 2465 1289 '¹

1363 1331 1457 1367 tium
1478 1331 1560 1377 iVia
1582 1331 1801 1369 Domitiana
1824 1342 1831 1367 :
1862 1336 2024 1368 Frontem
2047 1332 2207 1371 mollibus
2228 1335 2413 1385 impeditus
2466 1353 2469 1357 ·

1364 1381 1485 1424 ulvis,
1513 1381 1575 1419 ubi
1603 1382 1698 1420 male
1724 1381 1830 1419 ulmis
1855 1381 1985 1430 legitur
2003 1410 2014 1427 ‚
2051 1395 2146 1433 quae
2165 1397 2292 1434 parum
2313 1388 2413 1428 reete
2455 1383 2457 1385 ¹

1366 1431 1483 1469 molles
1508 1432 1686 1471 dicantur.
1713 1434 1767 1471 uti
1787 1433 1867 1481 jam
1898 1443 1917 1468 a
1945 1433 2032 1471 viris
2059 1435 2208 1474 eruditis
2226 1438 2274 1475 est
2293 1438 2416 1478 obser-

1366 1491 1508 1522 vatum.
1535 1483 1632 1533 apud
1653 1483 1846 1522 Avienum
1864 1482 2120 1533 Descriptione
2141 1486 2250 1525 Orbis
2262 1488 2316 1533 fis.
2328 1501 2412 1541 345.

1416 1547 1524 1584 Nilus
1541 1557 1585 1587 (φ’
1604 1546 1785 1597 immenfiis
1803 1545 1931 1585 ulvam
1948 1547 2105 1598 dispergit
2124 1549 2163 1587 in
2182 1562 2290 1599 agros.

1371 1607 1431 1647 ubi
1453 1609 1603 1657 peflime
1626 1609 1750 1647 ulnam
1770 1610 1913 1660 legitur.
1952 1610 2130 1649 Ceterum
2153 1613 2195 1649 τὶ
2213 1626 2257 1653 ω·
2275 1607 2430 1655 tollunt'

1369 1660 1509 1708 primus
1539 1661 1647 1698 Pal-at.
1669 1661 1898 1706 Graevianus
1924 1661 2060 1710 aliique
2091 1670 2258 1712 quatuor.
2286 1667 2416 1714 probe.

1370 1718 1412 1748 ut
1439 1711 1562 1749 littora
1589 1713 1753 1749 Cumaea
1784 1724 1847 1761 per
1874 1711 2144 1761 appositionem
2173 1714 2237 1752 sibi
2259 1716 2416 1755 familia-

1368 1772 1448 1798 rem
1472 1770 1584 1801 vocet
1602 1762 1684 1800 loca
1703 1762 1796 1801 ulvis
1819 1762 2147 1812 palustribusfoeta.
2175 1765 2260 1803 vide
2272 1767 2416 1817 supdls.
2440 1771 2460 1777 ”

1368 1811 1427 1857 48.
1457 1812 1601 1851 Hiems.
1631 1813 1691 1851 De
1717 1813 1806 1850 ulva
1828 1813 1913 1852 vide
1931 1815 1969 1851 δε
1987 1813 2033 1852 ad
2050 1813 2112 1852 lib.
2131 1827 2185 1853 xi.
2205 1817 2288 1866 366.
2309 1818 2415 1867 palu-

1370 1862 1470 1899 dibus
1491 1864 1568 1901 udis
1587 1864 1673 1902 duo.
1700 1863 1772 1900 loca
1784 1864 1891 1912 foeda
1910 1864 2021 1903 etiam
2045 1865 2144 1906 Cod.
2158 1866 2416 1910 Menard.vid.

1368 1913 1414 1952 ad
1435 1915 1544 1952 Rem.
1565 1927 1646 1962 570,
1675 1915 1806 1953 Buriivi.

1427 1977 1507 2012 104.
1535 1966 1674 2003 Vivacis
1702 1965 1888 2015 sibyllae]
1928 1965 2110 2004 Videatur
2137 1966 2277 2006 Gellius
2302 1968 2363 2007 lib.
2384 1983 2413 2010 1.

1372 2026 1450 2064 cap.
1488 2028 1544 2064 19.
1586 2017 1646 2054 De
1683 2016 1825 2065 Sibyllis
1856 2025 1981 2054 autem
2019 2028 2221 2066 earumque
2254 2031 2414 2060 numero

1370 2066 1409 2102 δε
1444 2067 1670 2105 nominibus
1694 2066 1908 2104 Laetantius
1940 2067 2003 2104 lib.
2034 2079 2061 2104 1.
2089 2079 2166 2115 cap.
2191 2079 2226 2114 7.
2262 2070 2301 2107 ὃς
2322 2073 2414 2110 Fau-

1367 2116 1479 2154 sanias
1501 2118 1539 2154 in
1558 2117 1750 2161 Phocicis‚
1778 2118 1843 2165 qui
1866 2118 2070 2155 Cumaeam
2094 2119 2188 2155 hanc
2210 2119 2382 2169 Sibyllam
2401 2149 2412 2166 ,

1367 2178 1447 2204 non
1480 2167 1711 2216 Herophileri
1730 2196 1741 2213 ,
1776 2167 1836 2205 sed
1866 2168 1996 2205 Demo
2014 2178 2185 2206 vocatam
2207 2170 2331 2217 addit,
2358 2172 2415 2211 id-

1368 2229 1441 2265 que
1480 2227 1610 2257 autore
1640 2219 1873 2268 Hyperoclio
1901 2218 2090 2268 quodam,
2123 2219 2297 2260 Cumano
2320 2223 2415 2262 cive.

1368 2269 1546 2307 NIICYLL.

1425 2331 1507 2367 τος.
1535 2325 1583 2357 Et
1608 2330 1649 2358 ut
1676 2333 1795 2358 manes
1824 2319 1964 2369 adeat]
2005 2320 2129 2358 Veniat
2159 2323 2270 2371 prim.
2293 2324 2416 2363 Ham·
2482 2344 2483 2356 κ

1370 2369 1472 2418 burg.
1501 2371 1539 2407 &
1567 2371 1628 2408 sex
1651 2372 1721 2409 alii.
1749 2371 1952 2420 virgiliana
1972 2371 2127 2410 locutio.
2153 2373 2201 2408 ad
2218 2387 2338 2412 manes
2355 2390 2416 2413 ve·
2481 2404 2483 2413 .

1371 2421 1448 2457 nias
1480 2421 1642 2460 Florent.
1682 2422 1719 2460 S.
1746 2422 1866 2459 Marci
1890 2450 1900 2465 ,
1935 2434 2026 2459 inox
2046 2450 2057 2467 ,
2095 2423 2217 2460 vultus
2243 2437 2414 2473 moratos,
2481 2418 2483 2458 l

1370 2483 1449 2509 non
1482 2471 1628 2509 vultum
1658 2482 1836 2510 moratum
1852 2500 1862 2516 ,
1890 2473 2041 2510 Thuan.
2066 2473 2195 2512 Oxon.
2216 2473 2284 2513 sec.
2303 2477 2423 2517 Palat.

1371 2523 1512 2560 Medic.
1530 2532 1647 2571 quart.
1667 2524 1706 2560 ὅ(
1728 2523 1817 2560 odio
1839 2523 1910 2561 alii.
1937 2524 2080 2561 Heius.
2460 2558 2465 2565 ι

1428 2585 1509 2622 109.
1539 2580 1604 2611 Per
1631 2573 1761 2624 ignes.]
1801 2580 1915 2623 Ignem
1946 2575 2046 2622 prior
2076 2574 2247 2614 Gronov.
2268 2577 2307 2614 δε
2327 2589 2418 2627 qua·
2442 2602 2447 2603 ν

1373 2631 1459 2662 tuor
1479 2625 1552 2662 alii.
2428 2636 2438 2673 9

1430 2687 1511 2713 111.
1536 2673 1733 2724 Elysiasque
1748 2675 1901 2727 domos.]
1930 2675 2082 2714 Vocant
2103 2672 2260 2713 H’aomou
2271 2680 2419 2727 proprie

1374 2726 1638 2770 Athenienses,
1664 2735 1706 2762 ut
1721 2726 1841 2775 inquit
1858 2727 2067 2771 Polemon,
2094 2727 2137 2762 ’τὸ
2158 2729 2257 2764 κατὰ
2279 2730 2417 2775 σκκφὸν
2459 2746 2462 2750 ’

1373 2777 1511 2822 χωρίον.
1533 2776 1607 2813 sive
1629 2783 1669 2813 ut
1683 2776 1888 2826 Hesychius
1914 2778 1954 2815 δε
1972 2777 2030 2814 alii
2051 2775 2200 2824 quidam
2216 2806 2226 2823 ‚
2253 2781 2292 2814 τὸ
2305 2781 2413 2825 ἱερόν,

1376 2831 1436 2862 καὶ
1458 2827 1560 2871 θεῖον,
1591 2826 1756 2871 τέρπνον,
1785 2826 1990 2881 &opem-ov,
2017 2825 2214 2872 ἀκήρατον,
2244 2829 2331 2866 ὁκαὶ
2343 2843 2413 2867 πα-

1373 2876 1528 2920 ράξεισον
1562 2879 1728 2923 λέγουσιν
1754 2878 1785 2912 οἱ
1814 2882 2007 2920 Ιμλλῆνες,
2043 2876 2117 2914 ἀπὸ
2146 2881 2210 2915 τοῦ
2239 2884 2286 2926 μῆ
2317 2882 2418 2917 λύσιν·

1373 2928 1473 2972 ἔχειν
1487 2956 1498 2972 ,
1528 2929 1705 2976 quoniam
1737 2927 1786 2964 ibi
1813 2927 1958 2964 animae
1979 2939 1999 2964 a
2019 2929 2231 2976 corporibus
2248 2942 2324 2968 non
2344 2931 2412 2969 sol·

1375 2987 1519 3019 vantur,
1550 2987 1589 3015 ut
1621 2978 1720 3014 idem
1751 2977 1956 3026 Hesychius
1983 2979 2053 3015 ait:
2077 2981 2246 3027 quamvis
2267 2981 2408 3019 Servius

1370 3036 1496 3064 conti-a
1511 3055 1521 3071 ,
1548 3029 1612 3076 qui
1633 3027 1706 3063 ἀπὸ
1729 3031 1790 3068 τῆς
1813 3030 1934 3070 >iiio-sog
1955 3028 2116 3077 Elysium
2138 3030 2275 3068 dietum
2297 3041 2411 3080 putat,

1370 3079 1549 3127 quoniam
1584 3078 1728 3125 piorum
1756 3080 1902 3117 animae
1934 3080 2007 3116 illic
2038 3080 2115 3127 post
2145 3092 2275 3129 corpus
2302 3091 2412 3132 arque

1370 3130 1515 3165 animae
1546 3128 1768 3166 solutionem
1801 3140 1843 3166 ac
1874 3129 2129 3168 discretionem
2159 3131 2332 3170 habitent.
2360 3141 2412 3170 at..-

1369 3191 1441 3227 que
1459 3180 1533 3216 hoc
1552 3179 1610 3216 alii
1631 3180 1723 3216 circa
1747 3180 1961 3229 Aegyptum
1982 3181 2157 3224 statuere,
2184 3182 2245 3219 alii
2267 3184 2359 3220 circa
2369 3181 2410 3220 fi·
2480 3181 2481 3186 ’

1368 3242 1454 3267 nem
1479 3230 1647 3273 Oceani,
1675 3231 1773 3268 unde
1793 3234 1830 3268 &
1854 3232 2046 3269 bearorum
2066 3231 2200 3269 insulae
2220 3233 2265 3269 de
2276 3232 2412 3279 eodem

1369 3280 1639 3321 intellexerunt.
1692 3281 1868 3331 Virgilius
1895 3290 2018 3321 autem
2055 3282 2150 3331 apud
2179 3283 2412 3371 inferosspo-

2337 3340 2406 3378 ult,
