2483 3616
198 177 334 227 1024

679 151 738 207 P.
812 140 1234 203 OVIDII
1308 140 1834 200 NASONIS

354 285 450 340 215
497 266 744 339 Corpora
768 270 1049 317 vertuntur
1077 274 1088 310 :
1131 272 1263 318 nec,
1285 253 1437 326 quod
1459 254 1752 322 fuimusve,
1792 258 2068 326 sumusve,

497 340 629 395 Cras
656 339 866 392 erimus.
907 331 1007 384 fuit
1037 328 1121 382 illa
1146 328 1288 389 dies,
1324 325 1431 396 qua
1453 323 1647 380 semina
1672 342 1881 386 tantum
1900 371 1914 396 ‚

498 413 735 484 Spesque
763 404 1044 459 hominum
1069 402 1270 474 primae
1296 397 1537 478 materna
1562 396 1909 460 habitavimus
1938 406 2070 462 alvo,

500 484 750 540 Artifices
776 478 976 532 Natura
1001 492 1185 529 manus
1211 472 1453 526 admovit
1481 487 1492 522 :
1515 468 1585 550 ,ἃ
1613 473 1734 541 angi

500 558 745 624 Corpora
771 548 1056 605 visceribus
1083 546 1340 600 distentae
1365 541 1585 621 condlta
1611 542 1793 598 matris

355 650 459 685 220
497 627 712 689 Noluit,
751 625 892 696 eque
917 622 1086 675 domo
1111 633 1299 673 vacuas
1325 615 1494 669 emillt
1519 615 1576 668 in
1599 632 1761 670 auras.

507 700 698 756 Editus
723 699 777 751 in
801 698 975 749 lucem
995 693 1154 763 jacuit
1182 690 1288 745 fine
1313 686 1511 741 viribus
1537 687 1742 742 infans:

497 773 642 829 Mox
664 769 965 844 quadrupes
981 805 997 830 ‚
1036 766 1250 837 rituque
1273 760 1395 817 tulit
1412 760 1508 815 sua
1536 761 1775 816 membra
1799 760 2066 821 ferarum:

2210 844 2365 902 Paul-

262 989 346 1027 216,
377 986 457 1026 Fuit
478 983 539 1022 illa
559 980 668 1032 dies.]
700 980 798 1031 Fugit
810 993 902 1020 unus
914 979 1052 1019 Medic.
1064 978 1152 1031 fluit
1164 990 1259 1018 unus
1313 983 1491 1024 tanquam
1513 973 1646 1014 fluvius
1666 987 1730 1025 per
1745 976 1830 1016 loca
1850 975 2006 1017 declivia
2026 979 2149 1019 currit.
2173 981 2266 1020 haec
2283 982 2367 1030 ille,

211 1040 320 1080 Leid.
340 1039 414 1077 vid.
431 1050 483 1075 tx.
506 1035 589 1083 485.
618 1047 644 1072 1.
663 1034 799 1072 Amor.
819 1047 874 1071 xt.
897 1046 952 1081 ις.
976 1033 1014 1070 &
1036 1032 1130 1070 alibi.

259 1102 344 1137 217.
371 1095 508 1138 Spesque
538 1085 720 1122 hominum
741 1085 877 1134 primae
893 1083 1058 1121 maternd
1078 1081 1260 1120 habitavi·

211 1156 289 1182 mus
307 1139 428 1187 alvo]
460 1137 572 1175 Liber
594 1148 696 1174 meus
711 1164 721 1181 ‚
749 1137 889 1172 Primae
909 1134 1101 1183 matrisque
1118 1133 1260 1171 habita-

212 1195 331 1230 vimus
379 1189 474 1227 alvo.
531 1187 685 1226 Caelest.
742 1186 858 1223 Primo
905 1186 1099 1234 matrisque
1122 1213 1132 1230 ,
1187 1195 1262 1224 φτ.

212 1245 382 1281 (horam.
408 1239 542 1284 Multi,
571 1237 699 1275 matris
720 1236 990 1281 habitavimus,
1017 1236 1101 1280 secl,
1131 1246 1260 1273 mater-

213 1307 260 1332 na
282 1291 531 1330 habitavimus
551 1289 634 1326 alvo
652 1300 781 1326 verum
802 1288 862 1325 est.
890 1286 1090 1338 quomodo
1110 1287 1262 1324 Thuan.

211 1352 328 1394 quart.
352 1342 492 1381 Medic.
513 1341 618 1390 prim.
645 1339 792 1377 Bonon.
815 1339 921 1387 prim.
945 1339 1086 1376 Moret.
1104 1338 1142 1375 ὅτ
1164 1349 1262 1375 non-

210 1395 332 1433 nullae
354 1393 535 1431 editiones
557 1403 602 1429 ex
626 1390 895 1429 vetustioribus.
921 1401 1065 1427 matura
1076 1389 1181 1437 prim.
1195 1389 1262 1426 Pa-

209 1446 270 1484 lat.
297 1445 346 1483 fic
365 1444 511 1482 Gratius
531 1442 578 1480 de
599 1453 690 1480 cane
701 1441 899 1491 generoso:
932 1440 1084 1490 Affeaflat
1097 1438 1263 1476 materno}

213 1510 318 1545 regna
335 1495 397 1544 [ub
417 1494 510 1531 alvo.
540 1499 680 1543 Spesque
690 1492 840 1529 hominis
851 1492 1092 1540 prim.Vatic.
1114 1491 1262 1528 Hfims.

211 1550 266 1584 To
297 1560 361 1597 que
388 1544 591 1588 redundat,
626 1556 738 1594 quare
768 1543 825 1580 Cl.
847 1543 1019 1581 Heinsius
1046 1542 1157 1592 legit,
1184 1554 1263 1579 ma·

209 1608 321 1636 terna.
350 1604 493 1646 poterat
514 1605 640 1633 tamen
664 1596 801 1632 minori
825 1595 1036 1632 mutatione
1053 1593 1148 1643 legi:

263 1655 402 1698 Spesque
425 1647 607 1685 hominum
622 1645 759 1695 primae
782 1645 908 1682 matris
919 1644 1106 1682 latitamus
1119 1644 1156 1682 in
1169 1645 1265 1683 alvo.

215 1700 358 1737 Graece
400 1711 445 1736 ex
481 1698 712 1735 Callimacho
750 1697 888 1734 diceres
926 1697 1139 1734 ὑποκὸλπιοι
1182 1696 1267 1734 eri-13-

214 1762 339 1796 χομεν.
369 1749 571 1787 Sensum-:n
603 1748 698 1796 apud
719 1748 819 1796 Tan.
838 1747 941 1785 Fabr.
964 1760 1009 1784 11.
1035 1748 1174 1796 Ep.7t.
1195 1754 1268 1797 Spes

215 1800 396 1837 hominum
425 1800 562 1847 fuimus
588 1800 723 1848 primae
756 1798 934 1847 genitricis
953 1798 991 1835 in
1010 1799 1093 1836 alvo
1122 1799 1270 1848 Regius.

208 1851 349 1901 spesque
369 1849 518 1887 hominis
536 1858 722 1899 quattuor.

266 1913 351 1947 217.
379 1901 514 1950 Alvo]
561 1902 693 1939 Utero.
734 1900 840 1937 alvus
879 1912 1043 1951 namque
1076 1901 1125 1939 est
1147 1929 1157 1944 ‚
1205 1912 1270 1950 per

217 1964 331 2002 quam
352 1951 518 1989 defluunt
538 1950 670 1988 sordes.
695 1957 817 1989 Uterus
837 1960 978 1996 autem,
998 1954 1033 1989 in
1048 1953 1269 2001 quomulie-

217 2015 272 2041 res
296 2003 537 2050 concipiunt,
564 2003 629 2049 qui
648 2003 685 2038 ὅ(
708 2001 769 2037 loci
788 2014 808 2038 a
830 2002 947 2040 doctis
966 2003 1195 2052 scriptoribus
1208 2016 1273 2052 ap-

217 2052 397 2103 pellantur
412 2081 420 2095 ,
450 2052 494 2088 ab
518 2053 692 2099 imperito
725 2060 848 2090 autem
869 2054 982 2100 vulgo
1002 2055 1139 2091 matrix
1158 2067 1272 2092 voca-

216 2112 299 2148 tur,
327 2114 414 2141 cum
437 2102 573 2139 matrix
597 2101 639 2139 fit
660 2102 827 2139 foemina
847 2103 969 2140 foetus
986 2104 1099 2152 gratia
1120 2116 1272 2151 compa-

215 2164 304 2193 rata.
331 2153 541 2192 Columella
565 2152 611 2190 de
634 2152 774 2200 gallinis
791 2151 972 2200 loquens,
1003 2159 1101 2188 Nam
1121 2155 1272 2192 &aazia

217 2218 309 2242 anno
328 2205 437 2252 pullos
461 2205 606 2245 educat,
625 2202 661 2250 fi
677 2202 718 2249 est
739 2201 826 2238 bona
847 2203 997 2240 matrix.
1024 2203 1195 2241 Remus.

269 2256 353 2294 218.
384 2253 602 2303 Admovit.]
633 2253 786 2302 Apponit
805 2261 874 2290 tres
897 2253 988 2291 libri.
1009 2262 1173 2291 ceterum
1188 2255 1273 2292 imi-

218 2315 335 2345 tatum
360 2305 431 2344 effe
452 2307 542 2344 haec
564 2304 696 2343 Ovidii
717 2304 879 2342 Gellium
899 2303 958 2342 lib.
977 2317 1096 2343 X11.1.
1125 2306 1193 2352 viri
1206 2306 1274 2344 do-

221 2358 267 2395 e'ti
289 2358 524 2396 adnotarunt.

273 2422 357 2447 222.
385 2408 481 2445 Tulit
505 2409 575 2457 sua
597 2406 754 2445 membra
765 2406 971 2457 ferarum]
1003 2407 1159 2445 Trahens
1178 2421 1272 2447 unus

223 2459 378 2496 Heiniii.
399 2459 513 2505 ferino
535 2460 645 2496 etiam
666 2460 792 2496 tertius
811 2459 985 2497 Gronov.
999 2470 1090 2497 mox
1103 2459 1277 2509 sequitur,

225 2523 316 2546 mere
326 2512 502 2557 ferarum.
532 2519 570 2548 ut
591 2510 742 2559 quidam
760 2510 907 2548 habent.

274 2585 356 2618 224.
390 2571 540 2619 Adjmis
579 2570 698 2619 aliquo
739 2570 921 2607 conamine
961 2571 1117 2621 nervis]
1167 2571 1280 2610 Liber

226 2633 330 2659 meus
346 2650 354 2664 ,
383 2622 587 2670 Adiztnbiis.
612 2620 764 2658 Caelest.
793 2622 944 2668 Adjutis
960 2621 1077 2671 aliquo
1102 2624 1280 2659 conamine

226 2671 398 2709 membris.
428 2674 516 2709 Non
545 2674 622 2710 satis
642 2672 772 2718 placet.
802 2672 972 2710 CtorAN.
999 2673 1151 2723 Adjutis
1169 2673 1277 2722 pleri-

226 2735 300 2772 que
322 2722 604 2770 praestantiores.
636 2723 781 2760 Heius.
844 2760 848 2763 ,

278 2785 362 2820 225.
392 2772 558 2819 Veloxque
577 2773 692 2821 filie]
732 2774 874 2812 Omnia
901 2782 1058 2823 arguunt
1076 2774 1276 2823 legendum

226 2824 287 2863 hic
299 2821 382 2866 effe,
393 2821 654 2868 veloxquesuit,
666 2823 814 2866 hocsest‚
828 2825 1049 2864 velociterit.
1070 2825 1275 2864 Sensppm

230 2874 326 2924 apud
348 2874 447 2911 Tan.
468 2872 570 2908 Fabr.
590 2871 650 2907 lib.
674 2885 719 2908 11.
748 2873 816 2921 Ep.
838 2885 894 2918 71.

279 2938 362 2976 226.
399 2934 563 2972 Emeritis
605 2934 710 2981 medii
759 2949 889 2982 quoque
931 2937 1089 2986 temporis
1129 2939 1275 2990 annis.]

230 2986 383 3036 Emensis
403 2987 556 3023 Thuan.
578 2996 670 3021 unus
691 2984 794 3021 Basil.
815 2988 853 3022 ὃ(
876 2997 968 3022 unus
989 2989 1129 3026 Medic.
1149 2990 1279 3036 placet.

230 3039 361 3089 emersis
391 3048 483 3075 unus
514 3036 634 3072 Patav.
667 3035 836 3082 proxime
866 3048 1008 3074 verum.
1053 3038 1277 3084 Mutarunt,

230 3093 293 3139 qui
323 3087 481 3127 arbitrati
510 3086 591 3122 sunt
621 3084 757 3132 emenfis
787 3086 920 3133 passive
952 3099 1029 3124 non
1062 3087 1162 3135 posse
1194 3090 1277 3127 dici.

231 3143 378 3178 Hermv
419 3138 585 3174 Emeritos
618 3149 724 3172 annos
753 3137 898 3174 Gencv.
929 3137 968 3174 δε
998 3150 1090 3176 unus
1120 3140 1277 3178 Heinfii.

234 3192 372 3239 corporis
395 3191 505 3226 ctiam
529 3199 632 3224 unus.

283 3253 365 3284 227.
395 3239 541 3275 Labitur
561 3237 718 3274 occiduae
745 3246 801 3283 per
834 3238 898 3274 iter
927 3238 1058 3276 declive
1080 3241 1278 3292 finarum]

228 3292 361 3340 Regmg
395 3291 545 3337 :xponit
579 3288 709 3325 labitur
730 3287 860 3325 declive
882 3317 893 3334 ,
931 3290 968 3328 id
993 3292 1042 3329 est
1063 3319 1074 3338 ,
1112 3293 1246 3333 affidue
1268 3322 1280 3340 ,

1316 1027 1448 1064 declive
1467 1028 1610 1076 putavit
1633 1027 1848 1067 adverbium
1862 1058 1873 1074 ,
1899 1029 1960 1068 sed
1979 1030 2077 1069 unde
2086 1039 2169 1070 tum
2183 1042 2369 1083 regeretur

1315 1079 1499 1127 genitivus
1517 1077 1676 1116 occiduae
1688 1080 1843 1128 fineo‘lae
1862 1091 1879 1119 ,2
1905 1092 1995 1130 ergo
2014 1082 2076 1120 vel
2093 1083 2211 1132 ipsum
2235 1084 2367 1122 declive

1316 1129 1470 1166 occiduae
1485 1129 1640 1178 senectae
1660 1130 1812 1177 labitur,
1840 1131 1901 1170 vel
1918 1132 2038 1171 homo
2062 1145 2127 1182 per
2145 1134 2289 1173 declive
2302 1147 2369 1174 oc-

1317 1180 1447 1218 ciduae
1468 1179 1634 1218 senectae
1659 1181 1812 1227 labitur,
1850 1183 2130 1232 exponendum.
2158 1187 2372 1226 GLAREAN.

1316 1237 1382 1268 Per
1408 1231 1475 1268 iter
1506 1231 1661 1277 declive,
1699 1233 1774 1271 hoc
1805 1233 1879 1279 est,
1917 1234 2105 1273 devexum
2134 1237 2171 1274 δε
2195 1237 2369 1275 deorsum

1319 1294 1496 1331 vergens,
1524 1283 1676 1331 perinde
1698 1292 1737 1321 ut
1760 1284 1835 1329 sol,
1859 1297 1942 1323 cum
1967 1286 2012 1323 ad
2035 1287 2205 1325 occasum
2227 1288 2372 1333 tendit,

1317 1333 1474 1381 proinde
1493 1333 1531 1370 ὃ(
1551 1335 1727 1381 [εηεὲἶανη
1747 1335 1924 1373 occiduam
1943 1335 2035 1374 dixit
2056 1351 2065 1374 ι
2094 1338 2198 1386 quod
2223 1349 2266 1376 ea
2287 1338 2372 1377 ulti-

1318 1395 1379 1421 ma
1400 1383 1442 1422 fit
1461 1390 1623 1422 aetatum
1643 1385 1831 1433 hominis,
1860 1386 2011 1435 perinde
2032 1395 2073 1426 ut
2093 1388 2290 1434 occidens,
2318 1389 2376 1428 ul-

1318 1436 1409 1473 tima
1428 1444 1526 1472 meta
1546 1435 1663 1473 cursus
1682 1435 1814 1476 solaris.
1843 1438 2022 1476 chrtr..
2055 1438 2205 1477 Labitur
2227 1440 2371 1489 exiguae

1317 1486 1424 1535 prim.
1455 1486 1578 1524 Vatic.
1610 1495 1692 1524 tert.
1712 1488 1817 1527 Med.
1838 1490 1877 1527 &
1899 1489 1976 1528 duo
1995 1489 2066 1528 alii.
2080 1498 2141 1539 per
2161 1504 2223 1528 ver
2240 1490 2374 1528 declive

1319 1538 1426 1585 prim.
1449 1537 1622 1575 Gronov.
1651 1546 1690 1575 ut
1708 1537 1768 1576 lib.
1789 1552 1824 1577 x.
1844 1540 1904 1589 85.
1931 1539 2076 1579 Aetatis
2087 1541 2189 1579 breve
2200 1555 2283 1589 ver,
2311 1541 2374 1581 sed

1319 1589 1406 1626 huic
1423 1588 1511 1626 loco
1535 1589 1656 1627 minus
1678 1591 1867 1629 convenit.

1373 1650 1457 1687 228.
1485 1650 1669 1702 subruit]
1699 1652 1850 1702 surripit
1869 1653 2155 1704 quatuordecim
2176 1654 2268 1694 libri.
2291 1655 2376 1694 haec

1321 1712 1416 1739 aetas
1438 1702 1570 1741 Oxon.
1587 1704 1625 1740 ὅ(
1648 1712 1729 1741 tres.
1756 1703 1817 1741 hoc
1839 1705 1924 1743 aevi
1942 1715 2114 1755 quatuor.

1375 1781 1459 1817 229.
1493 1769 1631 1820 Fletque
1671 1769 1761 1807 Milo
1792 1770 1954 1821 [Μέση]
2002 1772 2183 1822 Appofite
2224 1773 2379 1811 Milonis

1325 1820 1569 1858 Crotoniatae
1598 1822 1813 1870 exemplum
1845 1822 2026 1861 adducere
2049 1825 2296 1874 Pythagoram
2326 1824 2382 1860 fa-

1325 1872 1385 1909 cit.
1414 1872 1501 1921 quia
1533 1881 1737 1910 moraretur
1770 1873 1971 1912 Crotonae.
2000 1873 2047 1912 de
2071 1876 2147 1912 hoc
2168 1876 2205 1911 &
2230 1873 2382 1922 quibus-

1326 1922 1411 1960 dam
1447 1922 1546 1965 aliis‚
1583 1923 1714 1973 quibus
1746 1935 1888 1962 nomen
1922 1924 2035 1966 Milo,
2070 1925 2131 1962 vel
2156 1923 2272 1968 Molo,
2300 1923 2385 1961 alibi

1327 1974 1477 2022 copiose
1505 1973 1685 2012 dicemus.
1726 1975 1878 2012 Consr.
1907 1976 2002 2011 Fan.
2031 1974 2091 2012 De
2117 1974 2267 2012 Milone
2289 1974 2387 2012 Cro-

1327 2026 1469 2062 toniata
1488 2027 1695 2062 meminere
1715 2025 1882 2062 Valerius
1894 2024 1954 2061 lib.
1971 2038 2023 2060 xx.
2036 2036 2067 2061 c.
2085 2036 2138 2062 12.
2168 2023 2384 2063 Athenaeus

1327 2075 1388 2112 lib.
1412 2087 1465 2113 ix.
1489 2086 1519 2111 c.
1545 2087 1600 2112 12.
1627 2075 1826 2112 Pausan.in
1838 2074 1969 2112 Eliacis
1986 2074 2257 2122 posterioribus.
2288 2076 2386 2114 Tra-

1327 2126 1424 2162 ditur
1452 2133 1577 2162 autem
1609 2137 1686 2162 non
1717 2125 1835 2162 solum
1867 2125 2006 2163 bovem
2029 2126 2192 2164 humeris
2214 2124 2385 2174 gestass'e,

1326 2175 1387 2213 sed
1407 2176 1446 2212 &
1467 2184 1589 2213 totum
1614 2176 1709 2212 solus
1731 2174 1941 2220 devoraffe,
1972 2176 2072 2214 unde
2093 2178 2131 2213 ὃς
2155 2177 2384 2225 epigramma

1328 2225 1509 2314 {dirigui}
1526 2226 1598 2264 tale
1619 2224 1772 2264 factum.
1794 2226 1833 2264 in
1846 2226 2051 2276 appendice
2063 2227 2386 2278 Anth01.pag.21.

1391 2303 1399 2314 .
1441 2287 1482 2313 ro
1513 2304 1520 2312 .

1381 2349 1481 2391 Τοῖος
1500 2347 1557 2389 ἔην
1578 2352 1702 2390 Μίλων
1725 2353 1777 2392 ὅτ’
1795 2351 1994 2402 αἰποχθονές
2013 2355 2123 2401 ἤρατο
2142 2352 2251 2400 βρῖθος

1424 2403 1623 2457 ’Tencteri
1643 2404 1805 2451 Σάμχλιν
1825 2410 1855 2444 ἐν
1879 2408 1959 2449 Διὸς
1975 2405 2207 2450 εἷλαπὶναιις,
2280 2409 2283 2411 ’

1389 2447 1515 2497 ΩΙμοις
1533 2452 1573 2489 δὲ
1588 2457 1712 2498 κτῆνος
1736 2458 1779 2495 τὸ
1802 2458 1966 2500 πελώριον
1987 2458 2031 2499 ὡς
2051 2459 2123 2493 νέον
2144 2456 2234 2501 ἄρνα

1441 2505 1612 2550 Η’νεγκευ
1634 2507 1669 2543 δῖ
1689 2508 1773 2551 ἴλης
1793 2510 1913 2553 κοῦφαι
1934 2512 2171 2555 πανηγύρεως.

1388 2554 1463 2592 Καὶ
1485 2556 1619 2602 θάμβες
1637 2561 1712 2603 μὲν.
1741 2560 1836 2603 drap
1858 2560 1962 2598 τοῦδε
1981 2562 2093 2597 πλέον
2110 2558 2210 2602 ἤνυσε
2231 2556 2346 2603 θαῦμα

1432 2607 1576 2650 Πρόσέεν
1596 2610 1750 2646 Πισαίου
1769 2609 1862 2657 ξεῖνε
1886 2611 2086 2651 &iunonem

1389 2655 1451 2694 O‘v
1474 2662 1544 2703 γὰρ
1569 2658 1795 2706 ἐπόμπευσεν
1807 2662 1890 2706 βοῦν
1910 2663 2061 2710 ἄζυγον,
2085 2661 2137 2703 εἷς
2155 2660 2260 2704 κρέα,
2274 2656 2336 2694 τόν
2347 2656 2385 2694 δε

1440 2708 1568 2752 Κόψας
1580 2737 1590 2754 ,
1621 2714 1748 2748 πάντα.
1774 2714 1856 2749 κατ’
1872 2709 1927 2750 οὖν
1947 2717 2068 2760 μοῦνος
2086 2708 2260 2747 esaie-mo
2277 2722 2335 2745 νιν.

1335 2789 1512 2825 Μιεηῐ..
1541 2789 1612 2826 Pro
1637 2788 1753 2826 Milon
1774 2791 1880 2837 prim.
1901 2786 2388 2834 Vatic.Graevian.&qua-

1334 2847 1420 2876 tuor
1438 2840 1520 2883 alii,
1548 2839 1648 2876 Milo.
1678 2839 1795 2877 Recte
1815 2848 1938 2876 autem
1959 2839 2072 2876 utitur
2094 2839 2166 2875 hoc
2189 2837 2363 2882 exemplo
2377 2864 2388 2875 .

1334 2889 1418 2927 Fuit
1438 2891 1539 2927 enim
1564 2890 1701 2927 Miloni
1722 2890 1961 2926 Crotoniatae
1975 2888 2158 2925 familiaris
2177 2887 2384 2925 admodum

1333 2939 1577 2988 Pythagoras,
1615 2948 1656 2976 ut
1675 2951 1719 2975 ex
1744 2939 1918 2987 Diogene
1939 2940 2094 2977 Laertio
2117 2947 2229 2986 patet.
2282 2939 2383 2975 Nam

1334 2990 1429 3036 apud
1458 2989 1647 3026 AElianum
1681 2990 1820 3026 Variar.
1848 2989 1985 3027 Histor.
2006 2991 2065 3027 lib.
2086 3001 2136 3026 1v.
2161 3001 2239 3038 cap.
2265 3000 2321 3033 17.
2345 2991 2382 3026 in

1335 3039 1490 3077 Milonis
1516 3042 1697 3082 nomine,
1726 3040 1828 3087 quod
1859 3041 2034 3088 interpres
2062 3040 2249 3088 agnoscit,
2278 3039 2383 3077 codi-

1337 3101 1394 3126 ces
1425 3090 1487 3127 sibi
1517 3103 1591 3126 non
1625 3089 1802 3126 constant.
1846 3091 2006 3128 Tzetzes
2043 3101 2194 3139 quoque
2225 3090 2384 3130 Chiliad.

1335 3152 1464 3177 xxxtx.
1493 3150 1735 3178 coaetaneum
1767 3141 1996 3189 Pythagorae
2023 3142 2120 3178 facit.
2153 3143 2190 3178 ἃ
2224 3140 2383 3181 Chiliad.

1336 3191 1396 3228 lib.
1419 3204 1472 3228 Ἠ.
1501 3194 1582 3239 366.
1615 3192 1651 3228 in
1680 3191 1833 3228 Milonis
1864 3192 1982 3229 domo
2013 3191 2239 3229 combustum
2263 3192 2384 3231 tradit.

1339 3243 1484 3279 Heius.
1513 3244 1572 3278 De
1596 3242 1741 3279 Milone
1760 3242 1844 3279 vide
1866 3242 2056 3280 AElianum
2074 3242 2159 3279 Var.
2175 3242 2382 3281 Histonhb.

1339 3304 1422 3332 xtt.
1455 3304 1531 3342 cap.
1556 3299 1633 3331 22.‘
1653 3293 1813 3341 Respicit
1844 3305 1933 3331 vcro
1964 3293 2149 3331 historiam
2184 3294 2230 3331 de
2261 3304 2382 3331 morte

2266 3345 2383 3383 Milo-
