2483 3616
397 151 1627 244 METAMORDPHOSEON
1698 159 2019 225 Liaxv.

2181 152 2311 232 1683

464 270 508 325 F
511 290 569 326 ac
589 271 766 341 jubar,
802 280 861 320 ut
884 267 1091 341 semper
1115 269 1379 343 Capitolia
1402 275 1577 329 nostra
1600 273 1908 348 Forumque

459 343 632 398 Divus
657 340 720 393 ab
746 342 949 395 excelsa
974 343 1273 415 prospectet
1290 346 1459 416 Julius
1484 348 1632 403 aede.

526 412 637 468 Vix
660 430 720 466 ea
743 412 879 468 fatus
902 429 1045 477 erat3
1088 417 1265 471 media
1288 437 1414 473 cum
1441 420 1563 474 sede
1588 420 1812 477 Senatus

457 485 712 539 Constitit
738 487 870 540 alma
895 485 1085 543 Venus
1113 490 1241 544 nulli
1265 493 1532 545 cernenda
1556 512 1569 547 ;
1608 494 1791 566 suique

316 561 416 628 845
455 557 690 612 Caesaris
716 560 910 631 eripuit
936 560 1215 625 membriS,
1253 581 1353 617 nec
1376 564 1431 617 in
1456 568 1574 618 aera
1598 565 1726 619 solvi

454 630 597 685 Pass'a
625 646 900 686 recentem
923 634 1180 697 animam,
1217 635 1530 690 coelestibus
1556 638 1735 690 intulit
1759 638 1915 694 astris.

450 705 708 775 Dumque
734 705 884 767 tulit3
926 707 1106 761 lumen
1131 724 1349 778 capere,
1388 721 1550 781 atque
1571 709 1843 781 ignescere
1868 712 2048 767 sensit:

449 775 746 848 Emifitque
773 776 898 832 sinu.
940 779 1099 832 Luna
1126 781 1267 833 volat
1291 781 1442 835 altius
1466 783 1578 836 illa:

452 840 963 922 Flammiferumque
992 852 1203 905 trahens
1229 852 1456 923 spatioso
1483 855 1650 909 limite
1679 855 1884 911 crinem

308 921 411 989 850
450 921 610 976 Stella
633 922 825 986 micat,
862 925 1079 997 natique
1103 924 1290 979 videns
1315 926 1450 982 bene
1474 926 1638 990 ἰαθεὶς
1679 929 1876 983 fatetur

215 1133 270 1174 Di
285 1141 420 1183 precor,
447 1141 492 1172 eff
509 1134 638 1182 Caefitr
658 1132 728 1170 Dis
745 1134 924 1184 accessum,
944 1135 1008 1185 sed
1026 1136 1135 1184 olim}

264 1184 459 1236 AEquarint
476 1183 589 1232 Pylios
605 1197 684 1221 cum
706 1194 769 1223 tua
782 1187 871 1233 fata
893 1188 976 1225 dies.

161 1250 277 1340 {tlitur
318 1249 358 1287 δε
391 1247 475 1286 alibi
511 1248 586 1286 hoc
624 1247 769 1299 adagio.
818 1259 859 1289 ut
902 1251 996 1290 libro
1035 1254 1144 1293 Pont.
1180 1266 1210 1294 1.

209 1312 263 1350 eg.
285 1311 340 1338 iv.

214 1370 313 1403 Nam
332 1376 409 1401 mea
424 1373 484 1412 per
500 1362 610 1412 longos
622 1362 657 1413 fi
674 1365 750 1415 quis
767 1366 864 1403 mala
883 1367 1017 1416 digerat
1035 1383 1166 1417 annos,

263 1415 372 1452 Crede
392 1414 502 1459 mihi,
530 1414 629 1464 Pylio
651 1416 786 1463 Nestore
805 1419 918 1466 major
936 1433 1002 1458 ero.

164 1477 344 1516 Martialis
361 1478 386 1515 1.
406 1488 461 1516 ιν.
483 1478 608 1528 Epigr.
629 1492 657 1517 1.
685 1480 722 1517 in
744 1481 915 1520 Natalem
936 1476 1184 1531 Domitiani(

215 1540 375 1589 Caesaris
396 1540 493 1577 alma
514 1541 584 1578 dies
597 1570 608 1586 ,
638 1554 681 1582 ω’
700 1541 772 1580 luce
785 1545 959 1592 sacratior
975 1546 1043 1584 illa
1055 1577 1067 1592 ‚

262 1591 408 1640 Conscia
432 1592 618 1629 Dic‘laeum
640 1606 711 1642 qua
729 1595 815 1632 tulit
835 1595 899 1633 Ida
921 1597 1056 1642 Jovem
1070 1626 1080 1644 ‚

214 1649 331 1692 Longa
347 1670 358 1687 ‚
377 1651 517 1692 precor,
545 1643 711 1694 Pylioque
731 1645 815 1684 veni
835 1648 1042 1699 numerosior
1061 1662 1160 1691 aevo.

160 1705 311 1748 &libro
334 1715 422 1743 v111.
442 1717 478 1743 2.

216 1770 404 1804 Terrarum
424 1767 563 1806 domino
575 1796 586 1814 ,
613 1771 739 1822 deoque
759 1785 876 1810 rerum

212 1816 375 1867 Promisit
391 1818 533 1867 Pyliam
549 1830 674 1868 quater
688 1823 875 1871 senefiam.

159 1879 292 1935 Statius
323 1881 385 1919 lib.
411 1895 474 1921 111.
507 1883 597 1922 Silv.
624 1897 678 1923 xv.
709 1897 794 1935 103.
828 1887 875 1927 de
905 1888 1044 1929 eodem
1072 1889 1213 1930 Domi-

164 1936 266 1967 tiano
285 1941 295 1968 t

340 2010 492 2024 ———-·-
519 2007 599 2041 eat,
621 2011 699 2044 oro,
717 2009 778 2049 per
796 2014 905 2040 annos

215 2041 335 2080 Iliacos
357 2044 538 2095 Pyliosque
548 2046 670 2095 fimul.

161 2105 223 2145 lib.
244 2119 280 2145 v.
302 2120 369 2146 111.
389 2120 475 2157 255.

212 2176 243 2207 O
268 2170 388 2219 Pylias
404 2174 486 2210 aevi
507 2175 743 2220 transcendere
762 2183 897 2223 metas,

212 2225 261 2258 Et
283 2228 423 2260 Teucros
438 2237 588 2276 aequare
595 2227 713 2276 senes,
741 2241 759 2264 o
778 2230 879 2280 digne
899 2229 1017 2270 videre

216 2278 279 2308 Me
292 2271 459 2321 similem.

158 2334 284 2376 Theb.
303 2349 339 2375 ν.
362 2349 405 2386 7ς
416 2350 446 2377 1.

315 2419 414 2428 -·-
444 2408 564 2457 Pyliae
580 2421 639 2447 nec
653 2411 738 2455 fata
749 2410 904 2458 seneciae

163 2455 388 2543 HMaluerit
400 2486 411 2503 ‚
443 2460 603 2510 Phrygiis
622 2471 686 2498 aut
706 2460 819 2511 degere
839 2461 972 2513 longius
989 2464 1111 2504 annis]

207 2516 311 2544 Eius.

214 2570 235 2607 8
243 2582 301 2619 39.
328 2571 486 2624 sidera]
516 2576 681 2614 Numina
701 2578 874 2619 Gronov.
892 2579 996 2619 litora
1007 2581 1149 2622 Medic.
1161 2580 1213 2632 fi-

162 2620 246 2658 dera
260 2623 380 2670 servet
405 2624 553 2673 Thyfii.

213 2687 297 2732 840.
325 2689 517 2739 Raptam]
548 2696 686 2728 Natam
712 2701 885 2744 quatuor.
908 2696 1046 2737 nomine
1065 2707 1210 2748 raptam

164 2745 271 2774 unus.

214 2795 298 2853 847..
322 2801 444 2844 Julius
473 2804 590 2854 aede]
622 2810 712 2843 Arce
739 2808 902 2847 Thuani.
923 2817 963 2847 ut
985 2811 1131 2849 coelum
1154 2813 1211 2849 in-

162 2845 321 2896 telligat,
350 2850 424 2887 vid.
442 2853 487 2888 ad
509 2856 658 2900 Epiced.
679 2859 716 2895 in
736 2859 895 2898 Drusum
916 2860 971 2903 sss.
992 2862 1051 2899 61.
1079 2862 1210 2900 eadem

163 2899 318 2954 varietas
347 2900 409 2937 lib.
431 2913 475 2956 ¹¹:
504 2913 549 2938 ex
570 2905 677 2944 Pont.
693 2909 808 2948 11.86.
836 2911 897 2949 ubi
918 2923 982 2960 per
999 2912 1118 2951 aedem
1138 2914 1214 2953 Ve-

161 2957 258 2987 neris
280 2951 483 2989 Genetricis
504 2953 684 3000 templum
706 2959 924 3011 intelligunt.

218 3022 305 3074 843.
334 3024 497 3075 Medias]
527 3024 700 3064 Heinfius
725 3033 903 3082 malebat,
928 3038 1044 3078 medii.

216 3097 289 3146 844
328 3099 491 3146 Constitit
520 3101 617 3138 alma
655 3104 804 3156 Venus.]
851 3110 964 3150 Alma
994 3121 1127 3162 Vena„
1157 3119 1216 3157 Sic

162 3147 316 3189 Lucret.
334 3151 442 3189 initio
462 3151 541 3190 libri
562 3154 693 3202 primi:

213 3227 414 3321 ¹:lrzlneadplm
423 3228 579 3275 genetrix
590 3256 601 3276 ,
621 3228 803 3283 hominum
821 3230 1016 3285 agamque
1037 3239 1211 3290 voluptas,

272 3289 331 3315 ma
383 3290 477 3318 enus.

2193 1002 2313 1071 Effe

1267 1138 1316 1178 Et
1339 1139 1443 1190 Virg.
1465 1154 1493 1180 1.
1521 1139 1680 1180 Aeneid.

1317 1206 1412 1238 Tune
1431 1201 1489 1237 ille
1506 1207 1636 1239 AEneas
1648 1231 1657 1247 ‚
1686 1215 1787 1251 quem
1809 1203 1995 1242 Dardanio
2013 1202 2189 1253 {Anchifize

1316 1252 1431 1288 Alma
1455 1258 1563 1289 Venus
1581 1252 1724 1303 Phrygii
1735 1255 1855 1302 genuit
1874 1256 2058 1294 simoentis
2075 1256 2124 1293 ad
2141 1255 2289 1301 undam}

1265 1320 1315 1360 Et
1337 1332 1382 1357 11.

1317 1384 1433 1472 Alnlza
1454 1391 1566 1473 llffenus
1585 1387 1726 1436 confeffa
1746 1392 1864 1426 Deam
1877 1416 1888 1434 ,
1917 1389 2098 1440 qualisque
2118 1389 2233 1429 videri

1319 1441 1390 1473 Cae
1405 1449 1451 1474 tco
1469 1450 1510 1475 ts.

1268 1496 1408 1542 Alma,
1443 1499 1565 1550 inquit
1592 1500 1793 1549 pompejus
1816 1529 1826 1545 ,
1853 1501 2005 1551 sancia,
2035 1501 2113 1551 five
2139 1501 2320 1552 pulchra}

1258 1548 1337 1598 sive
1367 1549 1485 1595 alens,
1514 1550 1560 1587 ab
1589 1550 1711 1588 alendo
1734 1551 1872 1598 scilicet.
1902 1553 2070 1591 CIOFAN.
2104 1553 2177 1603 Ipsa
2209 1560 2318 1592 Venus

1265 1600 1405 1649 septem
1428 1601 1519 1639 libri.
1539 1602 1630 1639 nulli
1647 1603 1814 1652 conspecia
1833 1603 1986 1642 Moreti.

1320 1666 1404 1716 845.
1435 1672 1475 1703 In
1495 1666 1620 1716 a'e'ra.]
1652 1673 1694 1704 In
1715 1671 1793 1704 a‘e're
1812 1667 1969 1715 plurimi.
1991 1668 2029 1706 in
2048 1669 2186 1707 aethera
2205 1668 2295 1707 duo.

1318 1730 1401 1779 846.
1428 1731 1669 1781 coelestibus]
1710 1731 1944 1770 Radiantibus
1973 1743 2066 1770 unus
2099 1729 2239 1768 Medic.
2263 1740 2323 1776 re:

1263 1783 1422 1832 petitum
1443 1794 1488 1820 ex
1505 1783 1566 1821 lib.
1590 1796 1642 1822 ix.
1662 1795 1751 1830 272.

1266 1843 1402 1934 rb847.
1431 1845 1758 1934 Dtgmque'tulic]
1789 1851 1955 1896 Dumque
1983 1843 2082 1881 volat
2102 1842 2255 1881 Moreti.
2281 1849 2322 1881 ut

1282 1907 1292 1933 1
1321 1924 1329 1934 .
1354 1906 1407 1934 v1.
1430 1906 1478 1944 70
1507 1925 1515 1934 .

1318 1959 1403 2007 847.
1433 1966 1555 1997 Lucem
1592 1960 1744 2012 capere]
1792 1967 1935 1997 Numen
1965 1958 2070 1998 multi
2105 1965 2258 2014 veteres.
2284 1963 2321 1996 at

1268 2011 1378 2060 prim.
1412 2011 1583 2049 Gronov.
1612 2014 1720 2059 prim.
1748 2011 1883 2049 Erfurt.
1905 2012 1943 2048 ὅ(
1965 2011 2130 2059 quinque
2151 2008 2234 2054 alu,
2262 2007 2321 2052 lu-¹

1266 2066 1358 2098 men.
1386 2061 1496 2099 recle.
1526 2063 1672 2100 HEINs.
1729 2103 1732 2106 ,

1292 2116 1404 2171 ’848
1431 2124 1622 2174 Emisitque
1643 2124 1752 2174 fimul
1773 2141 1784 2162 .·
1805 2123 1914 2174 simul
1943 2124 2059 2162 evolat
2085 2123 2194 2160 alcius
2215 2122 2318 2173 illa.]

1212 2201 1215 2204 -
1265 2181 1370 2212 Luna
1398 2175 1496 2211 volat
1524 2175 1633 2211 altius
1655 2177 1763 2214 Polit.
1787 2176 1918 2213 Urbin.
1938 2178 2044 2225 prim.
2062 2175 2181 2212 Vatic⁴
2203 2183 2320 2223 quart.

1265 2224 1407 2262 Medic.
1438 2226 1544 2273 prim.
1573 2226 1777 2275 Hamburg.
1797 2227 1926 2264 decem
1949 2227 2021 2264 alii.
2058 2225 2126 2262 Sed
2149 2224 2319 2262 nondum

1264 2276 1407 2325 integer
1435 2276 1485 2313 est
1504 2277 1619 2315 locus.
1653 2277 1776 2316 Scribe
1796 2289 1881 2316 cum
1904 2277 2079 2325 Bernegg.
2106 2275 2256 2314 Thuan.
2277 2276 2317 2312 &

1272 2327 1349 2365 aliis
1369 2327 1577 2372 nonnullis,

1323 2389 1514 2441 Emifitque
1523 2390 1618 2441 sinu.
1646 2391 1751 2429 Lunai
1770 2392 1868 2429 volat
1888 2391 1995 2429 altius
2012 2390 2088 2429 illa.

1269 2466 1467 2506 Vetustum
1490 2468 1709 2507 adulationis
1726 2481 1852 2517 genus.
1880 2468 1928 2506 fic
1952 2468 2089 2506 Conon
2108 2468 2321 2506 Mathemai

1268 2518 1387 2556 thicus
1419 2520 1636 2557 Ptolemaeo
1667 2520 1885 2568 gratificatus
1911 2517 2106 2565 Α’μύὲρους
2137 2518 2320 2568 quosdam

1266 2567 1403 2613 ἀςέροις
1430 2571 1468 2607 in
1499 2570 1616 2608 leonis
1642 2570 1798 2619 partibus
1822 2582 1971 2608 comam
1992 2571 2184 2608 Berenices
2207 2579 2322 2626 voca-.-

1266 2620 1332 2658 vit.
1351 2620 1400 2658 fic
1420 2621 1526 2660 divus
1546 2621 1750 2659 Hadrianus
1765 2649 1774 2666 ,
1796 2634 1878 2660 curn
1900 2621 1978 2670 post
1996 2622 2139 2659 obitum
2162 2622 2320 2657 Antinoi

1266 2670 1412 2709 delicati
1431 2672 1483 2710 sui
1505 2671 1598 2710 fidus
1618 2672 1808 2722 quoddam
1831 2672 2047 2710 observasset
2066 2671 2241 2710 haetenus
2262 2671 2320 2707 in-

1270 2723 1463 2772 cognitum
1480 2750 1492 2768 ,
1520 2723 1620 2761 credi
1652 2723 1771 2761 voluit
1793 2724 1887 2761 hanc
1909 2721 1979 2761 effe
2003 2723 2161 2761 Antinoi
2180 2723 2215 2759 in
2237 2731 2319 2757 cae-

1266 2772 1343 2811 lum
1366 2775 1691 2822 receptianimam.
1721 2775 1868 2812 Hiems.
1895 2774 2018 2812 Secuti
2036 2774 2107 2811 hoc
2119 2774 2220 2810 fuere
2233 2781 2317 2807 om-

1266 2835 1330 2861 nes
1352 2827 1503 2872 poetae,
1524 2825 1733 2864 Caesaribus
1752 2826 1843 2863 divis
1855 2825 2060 2864 adulantes,
2074 2831 2126 2877 ¹ut
2139 2820 2317 2876 fingerent

1268 2875 1408 2912 animas
1428 2887 1559 2913 eorum
1586 2877 1624 2913 in
1643 2888 1760 2914 novas
1781 2875 1893 2912 stellas
1914 2875 2021 2910 abire.
2045 2872 2117 2908 vid.
2142 2868 2316 2926 V¹¹'.g¹i·.¹·

1270 2926 1409 2975 Georg.
1429 2938 1486 2975 32.
1516 2927 1647 2964 Hora-t.
1676 2938 1741 2964 111.
1772 2925 1832 2961 od.
1859 2934 1917 2969 25.
1945 2920 2067 2957 Valer.
2091 2920 2187 2957 Flac.
2205 2928 2314 2958 initio

1271 2979 1404 3025 operis.
1433 2978 1576 3015 Lucan.
1596 2989 1625 3013 1.
1651 2977 1712 3020 46.
1731 2971 1921 3009 Claudian.
1942 2970 2053 3008 Cons.
2078 2970 2207 3020 Olybr.
2229 2982 2312 3017 242.

1273 3040 1319 3065 11.
1340 3028 1378 3065 in
1399 3027 1523 3066 Rufin.
1545 3026 1651 3072 prim.
1674 3023 1804 3059 Statius
1829 3035 1855 3060 1.
1876 3022 1997 3060 Theb.
2018 3022 2122 3070 prim.
2148 3022 2185 3057 ὃ(
2207 3020 2312 3070 saepe

1267 3079 1304 3116 in
1317 3078 1436 3114 Silvis.
1449 3086 1518 3111 nec
1530 3074 1711 3116 abstinuit,
1730 3073 1867 3110 aulicae
1879 3073 2135 3110 adsentationis
2146 3073 2313 3119 princeps

1268 3129 1307 3163 δε
1330 3124 1542 3173 pudendum
1574 3125 1720 3172 posteris
1744 3124 1953 3173 exemplar,
1980 3123 2113 3161 Plinius
2133 3122 2310 3172 Panegyr.

1270 3187 1346 3224 cap.
1368 3187 1419 3212 xi.
1442 3175 1480 3211 δε
1503 3186 1655 3212 Lxxxix.
1682 3174 1835 3218 Euam:

1318 3237 1402 3286 849.
1434 3237 1768 3288 Flammifhrumque
1789 3240 1930 3277 trahens
1947 3239 2092 3289 spatiofh
2115 3239 2227 3277 limite
2247 3239 2314 3277 cri-

1269 3301 1347 3339 nem
1369 3288 1476 3327 Stella
1498 3289 1642 3337 mima]
1675 3290 1887 3341 Periphrafis
1900 3291 2096 3331 Cometae:
2116 3303 2225 3341 quam
2240 3289 2314 3328 un‘a

1459 3339 1666 3388 Xxxxxx
1690 3352 1713 3388 2.
2229 3351 2317 3387 cum
