2483 3616
242 165 267 217 8
707 156 1261 217 ROVIDII

517 245 802 313 Adspirate
839 247 981 301 meis,
1021 246 1300 318 primaque
1335 243 1399 298 ab
1439 244 1647 314 origine
1684 243 1874 298 mundi

527 315 777 375 Ad'mea
815 332 1137 392 perpetuum
1173 315 1430 372 deducite
1468 329 1713 388 tempora
1749 332 1982 372 carmen.

226 522 292 561 alii-
307 521 376 560 alia
395 521 652 571 inscripserunt.
691 520 761 559 Sed
782 522 878 559 hanc
899 531 977 558 rem
999 521 1154 559 aliorum
1172 519 1272 570 judi-

230 573 291 610 cio
315 572 582 623 disceptandam
605 572 862 622 relinquemus.
890 572 1114 610 chrtrus.
1136 571 1272 615 Valet,

230 624 284 661 uti
306 636 369 672 par
392 625 464 669 est,
502 623 699 672 plurimum
725 622 823 660 Fabii
846 622 1040 666 autoritas;
1080 622 1143 672 qui
1164 622 1186 659 1.
1216 632 1270 658 tv.

230 674 383 722 Institut.
417 686 492 723 cap.
530 686 558 711 1.
593 673 896 725 Metamorphoseos
919 673 1151 711 mentionem
1185 671 1273 709 facit

226 725 268 762 in
291 724 468 774 singulari.
494 724 628 772 Apulei
650 724 842 773 epigraphe
866 724 978 761 etiam
1001 722 1183 772 singularis
1198 722 1231 759 es
1259 749 1270 766 ,

230 784 271 812 ut
305 787 398 823 quae
433 775 483 812 sui
515 773 619 823 ipfius
652 775 757 811 unica
792 775 829 812 ὃ(
852 773 1034 822 singularis
1061 775 1272 810 Metamor-

229 826 361 875 phOiiS.
390 825 531 874 Virgilii
553 825 702 869 Aeneis,
731 825 832 861 Statii
865 824 1008 860 Thebais
1041 825 1079 861 &
1103 821 1271 858 Achilleis

229 875 430 914 efferuntur
451 877 540 913 item
563 874 748 923 lingularia
763 889 771 916 ;
787 883 826 910 ut
838 884 933 922 quae
956 873 1061 912 unius
1081 871 1271 922 personae,

230 934 293 964 aut
316 939 392 964 uno
415 927 452 963 in
474 926 561 963 loco
582 925 677 974 gesta
696 925 867 961 referant.
894 923 1108 962 Praevalent
1119 931 1246 960 tamen
1261 951 1271 968 ,

229 985 312 1015 tum
344 978 382 1015 in
415 988 525 1025 opere
557 976 632 1024 ipso
667 975 885 1012 multifariae
907 974 1273 1019 transformationes,

230 1035 272 1065 ut
296 1026 592 1077 Metamorphoseis
613 1026 651 1064 in
685 1024 925 1063 multitudinis
957 1037 1116 1064 numero
1149 1024 1273 1062 inscri-

230 1078 334 1116 batur
367 1088 455 1125 opus
467 1092 477 1121 ;
514 1085 596 1114 tum
629 1077 858 1114 Graecorum
892 1077 1105 1126 exemplum
1128 1103 1139 1120 ‚
1178 1087 1271 1125 quos

231 1127 294 1166 fibi
318 1128 449 1165 Noster
462 1157 475 1173 ,
488 1127 714 1165 concinnatis
736 1135 856 1176 potius
877 1125 1026 1165 illorum
1048 1126 1245 1175 rhapsodiis
1259 1154 1271 1171 ‚

230 1177 344 1229 quam
368 1179 571 1227 compilatis
581 1178 712 1215 scriniis
726 1206 736 1221 ,
762 1177 961 1216 imitandos
982 1177 1115 1216 sumsit.
1152 1178 1273 1215 Nam-

230 1241 304 1279 que
326 1229 538 1267 Parthenius
558 1233 671 1278 poeta
695 1228 807 1266 Chius
821 1257 830 1274 ,
859 1229 959 1278 cujus
980 1230 1133 1274 unicus,
1167 1227 1274 1278 quod

228 1280 304 1319 scio
328 1308 338 1324 ,
375 1279 527 1328 superest
559 1279 677 1317 versus
709 1279 753 1316 ab
786 1280 832 1317 A.
861 1280 982 1317 Genio
1004 1280 1131 1318 citatus
1160 1278 1183 1318 1.
1216 1289 1272 1328 13,

232 1341 309 1379 cap.
333 1342 390 1379 25.
420 1330 581 1380 ejusdem
604 1331 810 1379 argumenti
832 1342 922 1379 opus
943 1329 1115 1380 inscripsit
1126 1329 1272 1378 plurale.

231 1381 347 1420 Suum
379 1382 471 1419 item
488 1392 491 1396 ·
511 1381 725 1426 Antoninus
762 1381 933 1419 Liberalis
962 1380 1275 1428 Μεταμορφώσεων

233 1436 463 1479 Συναγωγῆν,
475 1439 513 1468 ut
526 1432 579 1475 &,
592 1444 684 1481 quos
696 1432 767 1481 ipse
779 1432 878 1478 citat,
891 1432 1078 1471 Nicander
1091 1429 1276 1477 ἕτεραού-

232 1482 627 1531 μενκ,1)1(1γ111111011113
648 1485 965 1530 Μεταμορφώσεων
986 1484 1157 1528 βίβλους,
1193 1482 1275 1520 Α11-

230 1535 379 1582 tigonus
418 1529 666 1576 Α’λλοιώσεις,
706 1534 871 1570 Corinna
899 1533 1074 1576 E‘vspoiwu
1101 1533 1274 1579 βίβλους,

233 1584 412 1623 Planudes
443 1584 600 1633 denique
629 1584 815 1621 Graecam
849 1583 950 1620 suam
982 1587 1118 1632 poetae
1161 1582 1273 1620 nostri

231 1635 440 1673 versionem
462 1634 632 1684 inscripsit
652 1634 960 1680 Μετκμορφώσεις.
987 1635 1091 1683 Quin
1115 1633 1272 1671 &MSS

231 1697 393 1735 quorum
426 1686 518 1722 mihi
546 1685 650 1722 usum
681 1684 825 1722 indulfit
855 1685 1055 1734 benignitas
1096 1683 1275 1722 clarissimi

235 1736 335 1785 atqui
366 1734 603 1772 Eruditisfimi
635 1735 716 1770 Viri
737 1735 895 1771 Domini
910 1736 1048 1783 Rogeri
1069 1734 1247 1773 Twisden
1263 1762 1274 1779 ,

234 1785 377 1835 Equitis
410 1785 541 1822 Aurati
574 1786 613 1822 &
644 1784 838 1830 Bai-oneri,
887 1784 1033 1823 titulum
1065 1787 1276 1835 praeferunt

235 1836 681 1885 pluralemAEARNAssms.
716 1836 1114 1880 METAMORm-xosfion
1144 1837 1274 1874 LinER

234 1887 402 1926 Parmos.
431 1887 533 1924 Nihil
553 1887 672 1924 verius
692 1887 761 1924 hac
781 1887 942 1924 leffione
956 1916 966 1932 ,
979 1899 1091 1937 quam
1116 1888 1277 1936 optimus

234 1937 323 1976 liber
353 1938 683 1987 Berneggerianus,
722 1937 810 1975 alter
842 1938 1015 1976 codicum
1047 1937 1277 1987 splendiffimi

235 1988 376 2037 Equitis
400 2000 441 2025 ac
465 1988 635 2026 Baroneti
659 1989 808 2036 Rogerii
829 1988 1004 2026 Twisden
1019 2016 1030 2033 ,
1066 1990 1105 2026 ὃς
1135 1988 1280 2026 Patavi-

235 2050 303 2075 nus
337 2039 457 2076 Sanc‘ti
487 2039 637 2086 Joannis
669 2038 705 2075 111
739 2038 922 2076 Viridario
956 2039 1179 2088 agnoscunt,
1216 2038 1278 2075 sub

236 2087 351 2126 finem
384 2101 534 2138 quoque
567 2089 764 2126 voluminis
809 2101 854 2126 ex
887 2089 1094 2127 Balthasaris
1137 2089 1278 2126 Moreti

237 2139 287 2176 V.
312 2139 366 2176 CI.
391 2139 575 2177 codicibus
598 2151 688 2176 unus
703 2167 713 2183 ,
740 2140 778 2176 ὃ(
797 2139 902 2176 initio
924 2140 1003 2177 libri
1028 2140 1170 2189 septimi
1192 2140 1278 2176 Me-

237 2190 360 2227 diceus
382 2191 521 2239 primae
546 2198 658 2228 notae
682 2189 728 2226 sic
753 2190 981 2228 exhibebant.
1020 2191 1154 2240 Neque
1177 2191 1278 2228 aliter

238 2241 380 2277 Graeca
409 2241 546 2278 horum
591 2241 767 2278 librorum
810 2240 1048 2289 Metaphrafis
1084 2241 1278 2279 Planudae.

240 2291 387 2338 Reliqui
417 2292 806 2328 Mare-Moapnoszos
831 2320 841 2335 ,
869 2303 1080 2340 perperam:
1121 2293 1174 2329 uti
1196 2292 1280 2328 Far-

239 2339 365 2377 nabius
386 2352 535 2390 quoque
552 2342 631 2390 jam
654 2341 754 2379 vidit.
807 2342 978 2380 Genuina
998 2343 1104 2392 hujus
1126 2346 1281 2390 poema-

239 2390 283 2426 tis
305 2389 484 2438 inscriptio
507 2400 604 2429 extat
624 2392 721 2440 apud
743 2392 919 2430 Senecam
942 2401 1081 2441 patrem
1105 2394 1282 2441 Epitome

242 2440 477 2477 Controvers.
510 2441 568 2478 lib.
603 2454 663 2478 111.
700 2453 777 2490 cap.
810 2456 879 2479 v11.
912 2444 951 2480 ὃς
984 2443 1077 2492 apud
1101 2442 1215 2481 filium
1242 2444 1281 2481 in

241 2490 561 2540 Apocolocyntofi
585 2520 595 2536 ,
661 2492 758 2540 apud
809 2493 1080 2531 Tertullianum
1129 2506 1281 2544 quoque

243 2540 407 2578 adversus
455 2542 731 2580 Valentinianos
756 2571 766 2586 ,
812 2543 1048 2592 Fulgentium
1094 2545 1186 2580 libro
1235 2558 1280 2581 11.

244 2591 496 2640 Mythologici
534 2619 544 2636 ,
597 2593 762 2629 Servium
808 2594 1016 2642 frequenter
1063 2595 1101 2630 Sc
1153 2594 1279 2641 paffim

245 2641 341 2689 apud
362 2641 591 2679 Priscianum.
622 2654 833 2691 quanquam
857 2644 952 2690 apud
974 2644 1072 2680 hunc
1094 2643 1281 2680 contracte

247 2703 517 2742 nonnunquam
552 2698 698 2728 Metam.
741 2692 799 2729 vel
831 2692 1060 2742 Metamorph.
1093 2702 1281 2731 exaratum

246 2742 427 2788 occurrit,
469 2742 665 2792 quomodo
700 2743 737 2779 ὃς
770 2743 821 2780 bis
851 2743 946 2791 apud
976 2743 1147 2781 Probum.
1186 2743 1283 2792 apud

247 2791 413 2829 Servium
447 2793 505 2830 lib.
552 2806 620 2830 xix.
660 2792 814 2830 Aeneid.
860 2793 1034 2830 mendose
1070 2793 1200 2842 legitur
1236 2793 1283 2831 de

246 2843 443 2892 Apolline,
473 2842 538 2892 Ipse
558 2843 597 2879 in
619 2843 742 2879 ovidii
766 2843 1032 2893 Aletamorphofi
1049 2844 1126 2888 ait,
1154 2850 1284 2881 Inven-

246 2903 324 2929 tum
357 2894 526 2930 medicina
552 2907 665 2930 meam
686 2893 729 2940 est
753 2921 763 2936 ,
814 2905 899 2930 cum
927 2893 1220 2943 &Ietasnorphofifi
1243 2893 1285 2932 sit

244 2942 471 3026 ffiribendum
495 2945 635 2981 Graeca
661 2943 926 2981 enuntiatione.
953 2944 1053 2982 idem
1068 2944 1113 2981 ad
1126 2944 1212 2982 vers.
1229 2958 1283 2982 10.

251 2992 376 3042 ⁷*Lcl0g.
399 3007 433 3031 v.
456 2992 506 3043 stc
526 2995 675 3031 Ovidius
697 2995 734 3030 in
748 2994 1057 3044 Aietamorphoseon
1079 2994 1175 3031 libris
1189 3023 1199 3040 ,
1227 2995 1287 3032 ubi

251 3041 322 3087 agit
352 3043 396 3080 de
440 3044 603 3093 Phyllide
646 3045 682 3082 in
727 3044 978 3093 Amygdalum
1023 3045 1288 3091 tranformata,

252 3101 362 3143 qua-m
383 3102 507 3132 tamen
530 3094 687 3132 fabulam
714 3095 870 3131 Oridius
883 3095 919 3131 111
932 3095 1288 3144 Metamorphoseon

252 3139 345 3192 libris
368 3152 441 3178 non
464 3145 511 3182 est
522 3146 740 3193 prosecutus.
768 3145 880 3194 Apud
893 3146 1164 3193 Quintilianum
1178 3146 1288 3184 etiam

252 3189 310 3226 lib.
346 3201 396 3244 xv..
430 3203 503 3239 cap.
541 3208 568 3232 1.
620 3196 893 3233 lnstiiutionum
929 3197 1182 3233 Oratoriarum
1206 3225 1216 3241 ‚
1253 3198 1291 3235 111

255 3238 405 3288 nugaris
451 3246 710 3300 crimiminibus
760 3246 855 3286 male
905 3245 1185 3298 Metamorphofis
1225 3258 1292 3297 pto

1335 138 1865 213 NASONIS
2120 164 2243 202 ·w

2217 391 2260 446 F
2271 393 2373 450 Α’Βῗ

1303 536 1305 538 -
1328 516 1614 568 Metamorphoses
1633 516 1708 555 hoc
1729 521 1870 567 poema
1890 517 2098 559 inscribitur.
2129 519 2169 557 ὃς
2198 522 2295 569 apud
2316 523 2392 559 Dp

1327 569 1609 618 Hieronymum
1624 568 1841 607 Comment.
1864 569 1901 607 in
1927 579 2034 620 caput
2058 585 2101 609 11.
2114 570 2232 617 Jonae
2253 570 2371 620 legant

1328 620 1523 676 quindecim
1546 618 1649 656 libros
1678 619 1827 669 Nasonis
1853 622 2158 672 Metamorphoscos
2193 621 2371 660 mendose

1326 682 1363 708 m
1388 670 1575 708 codicibus
1597 668 1710 707 editis.
1749 668 1812 708 Ad
1833 669 2064 710 Graecorum
2086 672 2220 723 quippe
2242 684 2371 711 exem-

1327 721 1429 769 plum
1464 721 1779 765 Μετοιμσρφῶᾱεων
1810 720 1957 759 titulum
1990 723 2077 761 huic
2120 723 2221 771 operi
2269 723 2371 761 Naso

1326 770 1500 819 praefixit.
1555 771 1778 809 Callisthenis
1798 775 2102 819 Μεταμορφώσεις
2131 771 2152 810 a
2174 774 2372 812 Plutarcho

1327 822 1481 859 citantur
1511 823 1549 859 in
1570 821 1758 860 Par-anelis.
1808 823 1911 860 Male
1942 824 2039 872 apud
2070 822 2305 873 Apostolium
2331 824 2373 863 in

1327 871 1497 917 Αἰγιςέου
1526 869 1840 922 vrf‘Snpax,legitur
1872 875 2120 916 Καλλισθένης
2151 874 2188 910 ἐν
2217 874 2373 922 δευτέρῳ

1300 962 1302 964 ,
1327 923 1640 970 Μεταμορφώσεως
1653 935 1740 972 ,pro
1764 924 2091 971 Μεταμορφώσεων.
2106 924 2205 962 Citat
2226 926 2265 963 ὃς
2285 926 2373 963 Par-

1324 975 1443 1012 thenii
1464 974 1764 1019 Μετκμσρφώσεις
1785 974 1987 1013 Eustathius
2010 975 2161 1014 Scholiis
2171 976 2210 1013 in
2221 976 2373 1025 Diony-

1328 1025 1421 1063 sium
1451 1025 1704 1074 Periergeten;
1745 1025 1784 1062 &
1813 1025 2012 1063 Theodori
2040 1027 2141 1064 idem
2162 1026 2376 1065 Plutarchus

1327 1077 1365 1114 in
1386 1075 1563 1113 Parallelis
1585 1087 1663 1123 cap.
1686 1089 1783 1113 xxn.
1813 1087 1899 1113 eum
1913 1075 2072 1114 Stobaeo
2085 1092 2096 1121 ;
2125 1077 2373 1127 Didymarchi

1327 1127 1549 1168 Antoninus.
1571 1126 1744 1164 Liberalis
1777 1126 1986 1165 narratione
2008 1140 2121 1165 xxrrr.
2144 1129 2207 1178 qui
2239 1130 2278 1166 ὃς
2298 1127 2374 1178 ipse

1328 1189 1420 1227 opus
1441 1177 1546 1215 suum
1560 1205 1570 1222 ‚
1583 1176 1687 1226 quod
1707 1177 1913 1215 etiamnum
1936 1185 2050 1223 extat,
2060 1179 2377 1225 Μεταμορφώσεων

1327 1233 1543 1274 Συναγαγῐςν
1553 1229 1790 1276 nuncupavit.
1816 1228 1989 1277 Ejusdem
2001 1230 2208 1277 argumenti
2226 1230 2378 1270 fuerunt

1328 1279 1505 1317 Nicandri
1530 1276 1782 1324 E‘rspowfipcava
1795 1307 1807 1324 ,
1835 1279 2023 1318 Corinnae
2039 1280 2211 1325 Ἑτεροίων
2229 1280 2374 1327 βιβλοῖ,

1329 1324 1767 1378 ΑΠῖ1ἕο111Ἀλλοιώσεις
1784 1358 1796 1375 ,
1836 1342 1992 1380 quarum
2023 1329 2123 1368 idem
2161 1331 2388 1372 Antoninus

1330 1380 1462 1430 aliique
1484 1380 1734 1419 meminerunt
1757 1409 1768 1426 ,
1794 1389 1835 1419 ut
1859 1381 1939 1430 jam
1962 1393 2007 1418 ex
2029 1389 2131 1430 parte
2152 1381 2173 1419 a
2195 1382 2376 1422 Farnabio

1331 1431 1380 1469 est
1410 1431 1654 1469 observatum.
1693 1431 1764 1470 Sed
1795 1433 1834 1470 &
1855 1431 2007 1481 Apuleji
2037 1431 2225 1470 Milefiaca
2257 1439 2378 1472 Meta·

1329 1482 1534 1533 morphoseos
1566 1482 1623 1520 vel
1658 1482 1973 1532 Metamorphosbon
1992 1482 2099 1520 titulo
2120 1483 2251 1521 vetusti
2272 1485 2378 1524 codi-

1330 1545 1389 1581 ces
1411 1533 1647 1582 &scriptores
1669 1545 1713 1570 ex
1735 1533 1891 1583 antiquis
1915 1533 2083 1571 nonnulli
2103 1533 2263 1573 laudant.
2301 1547 2377 1585 ego

1327 1583 1566 1632 posteriorem
1597 1592 1725 1620 tamen
1744 1585 1892 1622 titulum
1913 1585 2116 1633 genuinum
2136 1593 2240 1633 puto.
2286 1597 2391 1624 nam*

1329 1645 1542 1684 quanquam
1563 1644 1636 1670 una
1656 1634 2025 1673 transformationum
2048 1636 2280 1683 Magicarum
2301 1636 2387 1675 illic‘

1331 1695 1417 1734 prae
1440 1684 1588 1722 caeteris
1609 1684 1853 1732 principatum
1876 1691 2000 1727 tenet.
2029 1693 2156 1723 tamen
2168 1685 2390 1735 complures:

1331 1747 1379 1772 eo
1410 1736 1449 1773 in
1481 1746 1593 1784 opere
1623 1735 1863 1773 recensentur.
1917 1735 2022 1784 Quid
2062 1736 2166 1785 quod
2197 1737 2380 1787 Apuiejus

1330 1786 1380 1824 ibi
1402 1786 1564 1825 Lucium
1586 1785 1785 1832 Jatrensem
1809 1785 1872 1823 fibi
1901 1786 2124 1824 imitandum
2153 1787 2342 1836 proposuit
2360 1788 2381 1827 ἓ

1332 1837 1396 1886 qui
1417 1837 1526 1874 libros
1548 1836 1709 1885 ejusdem
1733 1837 1940 1885 argumenti
1971 1837 2285 1883 Μεταμορφώσεων
2313 1839 2382 1876 λό-

1333 1900 1436 1934 γους,
1463 1887 1551 1924 teste
1571 1887 1692 1925 Photii
1714 1887 1938 1924 Bibliotheca
1971 1887 2198 1936 inscripserat.
2230 1889 2382 1930 HEms.

1333 1938 1429 1987 apud
1460 1937 1637 1986 Quinctil.
1667 1937 1725 1974 lib.
1748 1950 1798 1975 IV.
1821 1951 1846 1975 1.
1874 1938 1912 1975 in
1933 1937 2106 1976 Bernenfi
2128 1938 2258 1976 codice
2278 1949 2382 1986 erat,

1332 2000 1373 2026 ut
1395 1989 1545 2025 Ovidius
1575 1989 1734 2037 lascivire
1755 1989 1793 2025 in
1816 1987 2132 2039 Metamorphofifin
2144 1988 2242 2039 solet.
2277 1991 2382 2032 unde

1333 2038 1458 2077 frustra
1481 2038 1566 2077 inde
1588 2038 1805 2087 praesidium
1829 2040 1971 2088 petitur.

1389 2103 1420 2128 1.
1443 2096 1486 2126 In
1507 2104 1601 2127 nova
1624 2092 1700 2136 fert
1721 2091 1885 2135 animus,
1914 2089 2013 2140 cyra]
2039 2091 2074 2128 Si
2095 2091 2186 2130 nlius
2211 2094 2392 2143 unquam'1

1333 2144 1529 2189 poetarum
1562 2140 1715 2189 dignum
1747 2140 1850 2182 fac‘tis
1880 2140 1947 2179 suis
1980 2143 2198 2180 encomium
2230 2144 2356 2181 habuit
2368 2150 2393 2189 ,k

1334 2200 1444 2240 atque
1465 2190 1551 2228 inde
1573 2191 1684 2227 etiam
1708 2201 1850 2229 nomen
1865 2219 1876 2236 ,
1914 2200 2012 2229 certe
2032 2192 2093 2229 hic
2113 2197 2224 2240 poeta
2245 2194 2385 2232 merito

1337 2240 1543 2290 ingeniosus
1575 2241 1746 2278 dit-etin:
1785 2241 1890 2290 quod
1919 2241 1991 2290 ipse
2023 2242 2069 2280 de
2099 2242 2134 2280 se
2166 2244 2271 2282 fateri
2302 2256 2387 2283 non.

1337 2292 1535 2330 dubitavit:
1576 2292 1710 2340 Ingenio
1727 2293 1814 2342 perii
1839 2292 1930 2341 Nafh
1949 2296 2050 2342 po'e‘ta
2086 2307 2169 2332 meo.
2210 2302 2247 2332 at
2282 2295 2386 2333 hunc

1336 2343 1486 2392 quidam
1518 2350 1746 2391 exponentes
1774 2343 1883 2380 nimis
1914 2342 2092 2391 ingeniosi
2123 2345 2163 2382 &
2182 2343 2247 2393 ipfi
2269 2343 2399 2383 videri'

1337 2393 1491 2431 volunt:
1516 2401 1556 2431 ut
1574 2394 1637 2442 qui
1658 2394 1734 2431 hoc
1754 2393 1843 2431 1000
1871 2393 2052 2431 Ovidium
2086 2394 2228 2432 Graece
2260 2395 2385 2434 orsum

1338 2444 1521 2482 affirmant
1543 2443 1642 2480 ἐννέα
1663 2444 1743 2491 φέρι
1764 2443 1905 2488 ἀνέμος.
1957 2444 2056 2481 Mira
2077 2456 2167 2482 vero
2189 2444 2358 2484 subtilitas
2371 2473 2386 2491 ,

1338 2496 1378 2532 &
1399 2507 1494 2544 quae
1515 2495 1673 2544 requirat
1693 2494 1884 2531 sudantem
1905 2493 2174 2542 philosophum.
2201 2496 2316 2544 magis
2337 2496 2386 2536 ad

1336 2557 1416 2581 rem
1440 2553 1515 2581 erat
1529 2573 1539 2589 ‚
1564 2544 1668 2594 quod
1689 2545 1748 2582 alii
1769 2545 2044 2581 admonuerunt
2057 2571 2069 2589 ,
2094 2545 2314 2596 hypallagen
2323 2546 2387 2584 hic

1337 2593 1408 2630 effe
1422 2622 1432 2638 ‚
1460 2606 1547 2630 cum
1570 2595 1680 2637 dicit,
1708 2595 1847 2629 formas
1869 2600 2026 2631 mutatas
2047 2594 2086 2632 in
2117 2607 2218 2634 nova
2236 2608 2390 2646 corpo—

1335 2655 1397 2687 ra,
1432 2655 1500 2690 pro
1534 2651 1690 2690 corpora
1721 2643 1759 2680 in
1791 2655 1907 2680 nov-as
1939 2644 2077 2684 formas
2101 2674 2111 2690 ,
2149 2653 2260 2697 atque
2290 2647 2388 2686 adeo

1335 2691 1547 2730 allusionem
1591 2690 1662 2729 effe
1694 2692 1740 2730 ad
1770 2705 1919 2744 nomen¹
1943 2694 2060 2742 ipsum
2090 2696 2394 2744 Μεταμόρφωο-ινζ

1338 2743 1595 2781 (hammus.
1634 2743 1723 2781 Mos
1765 2743 1813 2781 est
1844 2748 2039 2793 poetarum
2071 2758 2150 2784 non
2182 2748 2388 2797 Epicorum

1337 2793 1453 2831 solum
1479 2823 1490 2839 ,
1525 2805 1734 2843 proponere
1754 2822 1765 2839 ,
1803 2795 1978 2834 invocare
2001 2824 2012 2841 ,
2041 2808 2082 2833 ac
2113 2809 2256 2836 narrare
2277 2814 2288 2843 ;
2325 2799 2388 2838 sed

1338 2844 1485 2881 illorum
1508 2857 1658 2894 quoque
1672 2873 1684 2890 ,
1711 2845 1774 2894 qui
1797 2845 1962 2893 elegiacis
1985 2845 2144 2885 versibus
2167 2849 2386 2898 conscripse-

1340 2902 1423 2932 runt
1437 2923 1447 2939 ,
1476 2903 1516 2932 ut
1537 2895 1662 2932 videre
1683 2896 1769 2932 licet
1788 2894 1826 2932 in
1849 2897 1953 2934 Fastis
1967 2896 2103 2935 Ovidii.
2131 2898 2190 2935 Ac
2202 2908 2388 2948 praeterea

1343 2945 1474 2982 Statius
1497 2973 1507 2990 ,
1544 2946 1607 2995 qui
1639 2945 1724 2982 cum
1756 2945 1873 2994 lyrico
1909 2948 2072 2984 carmine
2094 2948 2203 2986 vellet
2234 2949 2386 2995 ludere,

1342 2995 1539 3033 Pindarum
1572 2999 1723 3044 poetam
1749 3024 1759 3040 ,
1796 2998 1859 3046 qui
1891 2998 1927 3035 in
1959 2999 2032 3036 hoc
2054 2999 2221 3036 carminis
2252 3010 2389 3048 genere,

1343 3046 1482 3095 viguit,
1508 3046 1707 3084 invocavit.
1734 3046 1800 3084 Ait
1822 3048 1921 3085 enim
1949 3048 2010 3086 lib.
2032 3049 2315 3098 111.81111.1111.ς,.ί

1449 3102 1566 3147 Tuque
1585 3107 1743 3145 regnator
1779 3099 1921 3146 Lyricae
1942 3098 2086 3136 cohortis
2099 3128 2109 3144 ,

1452 3152 1513 3183 Da
1537 3147 1620 3184 novi
1636 3147 1798 3197 paullum
1822 3148 1911 3185 mihi
1931 3150 2018 3198 jura
2033 3150 2178 3200 Ρίεέῖνί,

1454 3199 1489 3247 δι’
1510 3208 1589 3234 tuas
1611 3208 1717 3234 cantu
1739 3199 1839 3236 Latio
1852 3200 2000 3250 sttcravj

1507 3248 1660 3300 Pindarq
1684 3247 1827 3303 {hybasq
2316 3289 2318 3291 ,
2354 3289 2357 3291 ,

1719 3305 1721 3307 ’
2192 3304 2392 3349 ‘Sciendum'
