2483 3616
329 156 1569 222 METAMORPHOSEON
1642 161 1784 218 [ΑΒ.

1859 167 1932 223 X.
2100 185 2203 236 717¹
2246 234 2249 237 Ι

348 279 532 337 Saucia
554 275 693 329 trabs
718 273 934 346 ingenS,
972 273 1063 329 ubi
1088 275 1236 348 plaga
1261 274 1538 332 noviffima
1563 275 1747 339 restat,

345 354 474 424 Quo
499 346 679 411 cadat,
717 347 771 401 in
799 346 966 402 dubio
991 348 1096 410 est;
1140 350 1396 423 omnique
1423 350 1452 403 a
1475 362 1624 423 parte
1656 349 1890 405 timetur.

199 441 295 494 375
336 425 421 479 Sic
450 420 650 475 animus
675 420 823 474 vario
847 419 1129 476 labefactus
1151 423 1371 476 vulnere
1396 436 1548 477 nutat

339 495 472 551 Huc
498 493 655 556 levis,
696 506 854 566 atque
880 493 1034 556 illuc;
1076 507 1456 567 momentaque
1484 496 1639 550 sumit
1667 508 1915 567 utroque.

332 567 450 622 Nec
475 565 697 630 modu5‚
734 579 822 621 aut
848 567 1058 647 requies
1076 605 1090 629 ‚
1124 566 1219 621 nifi
1242 585 1417 631 mom,
1454 569 1718 639 reperitur
1742 568 1951 622 amoris.

335 638 493 694 Mors
518 638 707 710 placet.
748 639 995 709 erig1tur:
1038 640 1337 713 laqueoque
1361 640 1634 695 innectere
1656 641 1834 696 fauces

329 711 598 775 Destinat,
638 712 720 775 ἃ,
758 713 896 765 zona
922 711 1128 765 summo
1153 712 1223 766 de
1247 711 1393 784 poste
1420 712 1682 776 revincta,

192 783 292 850 380
330 783 473 839 Care
496 786 609 838 vale
630 784 857 857 Cinyra,
896 781 1227 856 caussamque
1252 785 1488 856 intellige
1514 785 1732 850 mortis,

330 856 511 913 Dixit:
555 857 610 910 &
637 857 845 930 aptabat
871 856 1089 927 pallenti
1113 857 1323 911 vincula
1351 859 1517 912 collo:

336 929 621 984 Murmura
647 929 937 984 verborum
961 927 1090 981 fidas
1115 930 1335 983 nutricis
1360 930 1425 984 ad
1452 949 1607 986 aures

333 1001 634 1058 Pervenisse
659 1003 867 1064 ferunt,
905 1000 1067 1053 limen
1093 1000 1341 1055 servantis
1364 1003 1617 1058 alumnae.

340 1074 518 1146 Surgit
543 1093 698 1138 anus,
737 1075 1039 1144 reseratque
1062 1071 1234 1134 fores;
1278 1076 1573 1148 mortisque
1597 1089 1806 1148 paratae

191 1146 292 1215 385
331 1146 678 1201 Instrumenta
705 1146 920 1209 videm,
957 1144 1125 1216 spatio
1150 1148 1445 1200 conclamat
1474 1147 1700 1213 eodem,

334 1219 511 1292 Seque
534 1220 685 1282 ferit,
721 1218 1022 1290 scinditque
1049 1217 1211 1281 sinuS‚
1250 1231 1538 1290 ereptaque
1562 1223 1704 1275 collo

340 1291 570 1346 Vincula
595 1292 824 1346 dilaniat.
866 1304 980 1344 tum
1008 1289 1242 1362 denique
1266 1290 1400 1345 flere
1423 1293 1659 1356 vacavit3

337 1363 488 1419 Tum
513 1363 640 1417 dare
667 1365 1008 1435 compleXuS‚
1044 1363 1325 1434 laqueique
1349 1364 1624 1436 requirere
1649 1366 1886 1423 caussam.

341 1436 500 1491 Muta
527 1436 635 1490 silet
660 1438 813 1507 virgo
831 1472 845 1497 ‚
886 1448 1190 1506 terramque
1215 1435 1438 1489 immota
1465 1449 1674 1492 tuetur:

194 1528 295 1577 390
330 1508 402 1564 Et
429 1509 685 1581 deprensa
711 1509 861 1563 dolet
889 1506 1069 1562 tardae
1093 1508 1372 1562 conamina
1394 1509 1596 1563 mortis,

338 1581 494 1636 Instat
520 1600 679 1644 anus;
724 1598 991 1653 canosque
1018 1580 1167 1644 suos»,
1205 1581 1259 1635 &
1284 1580 1455 1636 inania
1478 1582 1681 1637 nudans

339 1652 516 1710 Ubera
532 1694 547 1719 ,
580 1672 677 1726 per
696 1672 862 1711 cunas
888 1654 1241 1727 alimentaque
1265 1653 1435 1726 prima
1460 1669 1736 1726 precatur,

105 1874 188 1915 372.
214 1863 314 1915 §Quid
345 1872 429 1914 agat
459 1877 527 1921 non
546 1863 724 1915 invenit.]
780 1864 886 1914 Qod
904 1874 985 1915 agat
1006 1876 1092 1904 cum

52 1914 224 1963 juniano.
251 1916 394 1953 Htms.
423 1915 507 1953 Lib.
526 1929 589 1953 111.
611 1915 700 1953 Fast.
722 1915 757 1954 8.

106 1966 263 2004 Invenies
279 1978 322 2007 ω’
343 1966 433 2017 quod
456 1965 598 2004 inermis
616 1978 710 2015 agas.

53 2015 130 2053 Ubi
149 2018 259 2053 etiarn
282 2017 367 2067 quid
385 2018 443 2055 alii
465 2017 622 2055 codices.
644 2018 682 2054 ὃ(
704 2030 748 2056 Π.
767 2016 848 2056 Art.
873 2020 960 2064 707'.
990 2023 1095 2054 Inve-

56 2065 153 2102 nient
174 2066 274 2114 digiti
293 2066 384 2115 quod
404 2077 523 2115 agant.
543 2068 602 2106 ubi
623 2066 720 2106 vide.

108 2126 190 2164 374.
219 2116 391 2165 Omnique
411 2118 437 2154 ὰ
450 2127 547 2165 parte
566 2117 749 2168 timeum]
779 2119 992 2167 Elegantior
1013 2129 1094 2156 me·

56 2165 206 2204 hercule
222 2166 333 2204 lectio
347 2195 355 2209 ,
383 2179 495 2216 quam
508 2169 543 2205 in
565 2181 641 2207 uno
661 2170 803 2207 Moreti
824 2169 952 2206 codice
965 2169 1094 2217 depre-

55 2215 170 2254 hendi
186 2244 198 2261 ,
225 2217 395 2255 minatur.
418 2218 614 2266 Virgilium
625 2220 685 2258 hic
704 2231 788 2258 ante
810 2220 938 2258 oculos
954 2219 1094 2265 habuit,

52 2266 121 2316 qui
141 2266 202 2304 lib.
222 2278 268 2304 11.
289 2267 447 2305 Aeneid.
468 2269 553 2306 626.

104 2321 163 2354 Ac
179 2316 293 2354 veluti
305 2317 454 2366 summi5
473 2318 659 2368 antiquam
677 2320 715 2358 in
732 2321 905 2359 montibus
923 2334 1068 2366 ornum,

0 2359 1 2420 l
106 2372 200 2404 Cum
210 2369 304 2414 ferro
327 2369 467 2417 occiſsim
483 2396 494 2414 ,
516 2369 701 2422 crebrisque
722 2371 920 2420 bipennibus
937 2371 1070 2419 instant

0 2430 1 2434 ¹
107 2421 234 2456 Eruere
251 2419 431 2468 Agricolae
449 2420 609 2457 certatim
621 2448 631 2465 ,
649 2421 713 2457 illa
736 2422 839 2470 usque
855 2421 1035 2467 minatur,

1 2459 4 2516 Ι
109 2472 156 2506 Et
184 2471 385 2517 tremefab'ia
405 2483 537 2506 comam
561 2471 705 2518 concusso
726 2472 852 2507 vertice
874 2480 990 2509 nutat.

2 2519 5 2571 'j
60 2522 105 2559 Et
126 2519 171 2556 ab
191 2521 285 2557 omni
298 2529 397 2569 parte
416 2522 527 2558 etiarn
550 2533 643 2559 unus
663 2520 804 2558 Medic.
829 2521 960 2559 BURM.

4 2574 5 2592 ¹
112 2571 196 2621 376.
221 2570 407 2621 Utroque]
437 2571 618 2621 Utrimque
635 2578 793 2620 quatuor
812 2571 903 2608 libri.

5 2659 7 2675 1
107 2631 191 2670 377.
217 2620 400 2671 Amoris.]
421 2622 547 2659 Amori
565 2622 722 2660 malebat
741 2620 913 2660 Heinsius
927 2649 937 2666 ‚
966 2618 1024 2660 cui
1044 2622 1096 2659 as-

6 2679 7 2713 }
60 2668 195 2710 sentior
212 2672 332 2721 plane.
618 2712 621 2713 γ

112 2721 195 2771 380.
223 2723 451 2772 Cauffamque
472 2721 621 2773 intellige
650 2721 806 2770 mortis.]
846 2723 953 2761 Unus
973 2722 1097 2760 Medi-

8 2771 10 2807 l
59 2781 144 2818 teus
169 2773 207 2811 δε
239 2773 530 2818 Arondenanus‚
551 2774 699 2822 caussam
729 2782 762 2810 te
779 2772 942 2822 intellige.
970 2780 1009 2811 ut
1029 2773 1097 2822 Ep.

9 2831 11 2859 l
64 2830 98 2858 X.
113 2833 133 2858 2
187 2850 195 2858 .

10 2863 12 2895 l
114 2834 189 2909 ciii*
206 2871 247 2920 sis
269 2882 308 2909 tu
330 2872 418 2920 mihi
439 2873 550 2923 cauffa
576 2873 678 2913 necis.

8 2921 13 2958 ,ἒ
70 2919 192 2971 Elegia
214 2923 251 2960 in
273 2922 431 2960 Drusum
450 2935 540 2970 270,

7 2974 15 3018 *1
117 2972 306 3022 Cauffizque
326 2972 478 3010 dicemur
497 2986 556 3010 nos
578 2974 667 3018 tibi,
695 2976 808 3024 Druse
821 3002 832 3020 ,
859 2976 960 3012 necis.

9 3053 16 3075 μ
117 3021 200 3071 381.
226 3023 332 3060 Dixit
353 3034 397 3062 ω’
415 3022 589 3074 aptabat.]
620 3025 789 3064 Heinfius
810 3026 982 3071 malebat,
995 3024 1102 3064 dixit:

10 3079 18 3148 ¹
72 3072 113 3110 'ut
131 3073 272 3121 aptabat
287 3101 296 3118 ,
325 3074 398 3111 &c.

11 3145 18 3179 ⁴·
121 3123 203 3171 383.
230 3124 352 3161 Limen
367 3123 548 3172 servantis
567 3124 745 3162 alumnae.
766 3124 783 3174 ]
838 3127 953 3164 Libro
976 3139 1028 3165 1v.
1046 3126 1105 3169 iss.

12 3179 20 3248 jq
70 3173 154 3218 5421.
179 3175 309 3212 monui
336 3174 453 3212 videri
484 3173 711 3212 scribendum
734 3202 743 3218 ,
772 3175 878 3212 limen
905 3177 1105 3214 alumnum,

17 3271 21 3310 l

14 3249 21 3262 ,,
76 3228 118 3258 ut
137 3223 172 3259 ὃ(
197 3224 305 3271 paulo
329 3224 433 3273 post,
470 3234 552 3260 ante
576 3224 669 3270 pedes
696 3224 836 3275 supplex
846 3225 1040 3274 procumbit
1066 3239 1111 3274 a:

16 3283 21 3330 4
72 3269 229 3320 -lumnos,
254 3285 332 3314 non
344 3274 519 3315 alumnae,
544 3274 687 3315 Heras.

2106 1724 2182 1779 Ut

1196 1862 1278 1911 384.
1309 1863 1502 1914 Martisque
1524 1864 1709 1915 paratae]
1764 1870 1954 1901 Parantem
1977 1860 2118 1901 Medic.
2145 1862 2184 1899 &

1144 1915 1310 1963 quinque
1328 1913 1400 1952 alii.
1419 1923 1552 1965 parata
1575 1915 1746 1955 Gronov.
1765 1916 1804 1953 &
1831 1914 1973 1953 Medic.
1999 1924 2043 1954 (9·
2065 1912 2185 1950 mortis

1149 1974 1284 2014 apertae
1306 1964 1408 2003 Bafil.
1765 1978 1769 1981 '

1201 2015 1284 2065 386.
1311 2015 1453 2065 Sinus.]
1484 2021 1610 2054 Comas
1628 2017 1774 2064 Junian.

1199 2065 1286 2115 387.
1312 2072 1402 2103 Tum
1421 2067 1566 2117 denique
1585 2066 1670 2118 flere
1691 2065 1879 2114 vacavit]
1914 2065 2070 2104 Peffime
2096 2063 2185 2111 legi-

1147 2124 1206 2155 tur
1226 2118 1300 2155 hoc
1319 2116 1436 2155 modo
1454 2118 1490 2155 in
1513 2118 1667 2167 vulgatis
1687 2117 1910 2167 quibusdam.
1940 2116 1982 2153 In
2003 2115 2186 2153 veteribus

1150 2167 1322 2206 omnibus
1342 2167 1485 2216 optime
1502 2167 1550 2204 est
1565 2196 1575 2212 ‚
1598 2167 1691 2205 Flere
1709 2167 1860 2204 vetavit.
1914 2166 2031 2214 Quod
2053 2165 2097 2202 ad
2117 2176 2186 2201 nu-

1149 2218 1279 2256 tricem
1301 2218 1349 2256 est
1369 2217 1615 2256 referendum.
1644 2220 1811 2256 CIOFAN.
1838 2216 1939 2254 Male
1959 2217 1996 2253 in
2016 2215 2113 2260 aliis,
2126 2227 2189 2261 veff

1151 2269 1250 2306 tavit
1263 2268 1344 2314 ,vel
1356 2268 1517 2319 paravit.
1542 2269 1603 2306 lib.
1621 2281 1674 2306 vx.
1693 2269 1777 2318 585.

1380 2332 1438 2357 nec
1452 2318 1537 2368 flere
1556 2330 1663 2357 vacat
1675 2348 1686 2366 ‚
1703 2319 1767 2367 sed
1778 2319 1904 2367 fasque
1923 2316 2084 2365 nefasque

1201 2371 1396 2420 confusura
1425 2369 1508 2407 ruit.

1151 2421 1324 2459 Lucanus
1340 2420 1433 2459 libro
1451 2433 1497 2457 11.
1523 2431 1603 2469 119.

1377 2471 1432 2508 cui
1440 2472 1571 2518 funera
1589 2469 1689 2519 vulgi

1200 2521 1295 2559 Flere
1313 2530 1442 2559 vacet?

1152 2571 1240 2610 Stat.
1266 2584 1310 2609 11.
1331 2570 1526 2610 Achilleid.
1545 2571 1633 2609 261.

1202 2622 1303 2670 Qid
1317 2632 1428 2671 precer
1446 2621 1512 2659 heu
1529 2650 1541 2668 ,
1566 2621 1776 2672 timeumque
1788 2619 1885 2670 prius
1900 2646 1911 2666 9
1927 2617 2057 2669 quidve
2076 2618 2190 2658 anxia

1325 2673 1512 2718 mandem,

1202 2723 1272 2760 Cui
1290 2723 1356 2761 vix
1374 2723 1456 2773 flere
1471 2732 1606 2761 vacat?
1633 2722 1782 2760 Hizms.

1206 2784 1289 2822 391.
1319 2774 1428 2821 Instat
1446 2786 1536 2810 anus
1557 2801 1569 2819 ,
1596 2786 1761 2823 canosque
1778 2773 1878 2821 suos,
1905 2782 1948 2811 (φ’
1975 2771 2098 2809 inania
2126 2783 2190 2806 nu-

1156 2823 1245 2860 dans
1262 2823 1391 2870 Ubera,
1414 2833 1473 2874 per
1493 2837 1598 2861 cunas
1614 2823 1849 2870 alimentaque
1865 2822 1978 2871 prima
1992 2818 2188 2871 precamen]

1156 2875 1270 2913 Hunc
1289 2875 1418 2914 locum
1437 2875 1604 2923 expreffit
1626 2874 1765 2912 Seneca
1787 2874 1823 2910 in
1847 2874 1961 2920 Hipp.
1987 2874 2068 2918 246.
2094 2868 2189 2918 apud

1155 2936 1269 2975 quem
1296 2926 1462 2975 loquitur
1480 2926 1626 2971 nutrix,
1651 2932 1692 2963 ut
1715 2926 1751 2962 ὅ(
1769 2923 1833 2960 hic
1852 2924 1977 2960 altera:

1210 2982 1276 3012 Per
1295 2975 1360 3013 has
1370 2977 1525 3025 senectae
1534 2975 1732 3026 splendidas
1742 2973 1880 3022 supplex
1899 2983 2029 3014 comas,

1210 3026 1407 3078 Feffumque
1426 3027 1516 3083 curi‘s
1529 3028 1644 3076 peblus
1656 3053 1666 3071 ‚
1694 3036 1737 3065 (φ
1755 3036 1834 3061 cara
1852 3020 1953 3059 ubera

1210 3083 1331 3114 Precor
1344 3106 1354 3123 ,
1366 3079 1522 3125 furorem
1536 3076 1622 3125 fiste.

1159 3128 1294 3166 Nutrix
1315 3130 1352 3166 in
1375 3127 1538 3165 Hercule
1557 3127 1682 3163 Oeteo
1703 3136 1787 3172 925.

1213 3184 1283 3214 Per
1302 3177 1365 3214 has
1381 3177 1490 3214 aniles
1509 3189 1577 3212 ecce
1595 3185 1627 3211 te
1642 3174 1779 3223 supplex
1798 3182 1906 3207 comas
1918 3196 1927 3212 ‚
1996 3218 2004 3223 ,

1212 3231 1337 3273 Atque
1352 3226 1455 3262 ubera
1476 3225 1537 3269 ista
1554 3234 1658 3274 paene
1677 3232 1835 3260 materna
1856 3216 1979 3267 obsecro
1993 3244 2002 3261 ,

1217 3281 1352 3323 Defone
1381 3273 1687 3325 tumidassspeaetqris
1705 3269 1783 3321 laqfi
1800 3270 1925 3309 minas.
1978 3268 2093 3320 Cret.

2139 3313 2214 3365 ,Τὶἒῑ
