2483 3616
294 168 1537 233 METAM-OR-P-HOSEON
1607 164 1747 230 Lan.
1796 174 1910 232 VII.

2063 168 2181 248 487,

242 317 245 319 ’
325 300 764 439 EUrypylique
788 300 977 357 urbem
998 342 1014 366 ,
1050 303 1156 376 qua
1182 301 1334 358 Coae
1360 318 1560 359 cornua
1585 312 1779 355 matres

438 373 721 428 Gefferunt
737 411 752 435 ‚
793 388 910 429 tum
934 392 1058 429 curn
1084 373 1658 429 discederet'I-lerculis
1682 390 1897 444 agmen}

180 455 277 518 365

387 445 800 520 Phoebeamque
825 447 1096 510 Rhodon,

1135 447 1189 500 δε
1214 446 1421 528 Ialysios
1449 445 1766 510 TelchinaS,

315 519 565 590 Quorum
592 517 777 574 oculos
801 520 913 592 ipso
938 520 1181 574 vitiantes
1209 537 1386 573 omnia
1412 518 1525 572 visu

306 590 551 663 Juppiter
576 592 763 648 exosus
779 632 794 656 ,
832 592 1074 648 fraternis
1100 592 1331 648 subdidit
1357 590 1528 645 undis.

389 661 604 719 Transit
629 665 683 718 δε
709 665 957 738 antiquae
982 664 1235 722 Cartheia
1259 664 1469 720 moenia
1493 662 1665 727 Ceae,

34 858 180 908 insulam
209 868 295 907 Con
323 868 546 920 deportarit,
574 879 695 918 neque
723 868 905 906 rationem
932 867 1064 913 habet,

34 931 152 968 neque
181 920 265 958 alibi
298 922 462 961 traditur.
498 919 689 958 obsidione
716 927 840 957 autem
869 918 1065 968 aliquando

34 968 180 1007 cinxisse
206 971 332 1009 urbem
355 972 528 1011 Coorum
550 970 762 1007 Herculem.
786 969 826 1007 id
853 980 941 1006 vero
969 969 1070 1006 colli-

31 1021 150 1068 gitur,
178 1022 308 1069 partim
331 1033 377 1060 ex
397 1034 587 1061 commen.
615 1020 806 1058 Theocriti
821 1019 904 1064 ‚ubi
922 1019 1069 1071 legitur:

36 1071 203 1115 ἱςσρεῖτκι
224 1071 265 1108 Σὲ
295 1075 373 1116 περὶ
394 1073 592 1118 Εὐρυπύλου
604 1073 663 1108 aa}
682 1070 851 1111 Κλυτίκς
865 1097 875 1114 ,
899 1068 954 1105 ὅτι
975 1071 1069 1106 οὑτοι

32 1119 115 1157 εἷο-ἲν
134 1122 166 1157 οἱ
187 1122 269 1159 ἐπεὶ
289 1124 353 1165 τῆς
374 1123 588 1169 Η“ρεικλέσυς
609 1120 813 1165 πολιορκίαις
833 1124 896 1161 τῆν
908 1121 965 1156 Ka
979 1132 1071 1156 κοιτ-

28 1173 256 1217 οσκῆσοιντες,
292 1175 354 1211 καὶ
384 1173 650 1219 ὑποδεέεγμένοι
684 1175 746 1212 τὴν
767 1171 961 1217 Δήμητράν
994 1168 1071 1205 καθ’

28 1222 64 1260 *ὃν
83 1224 199 1269 καιρὸν
217 1225 344 1269 περιῄει
359 1224 525 1271 ζητοῦσα
544 1227 607 1264 τῆν
628 1222 739 1266 κόρην.
766 1222 894 1269 partim
908 1232 952 1258 ex
964 1232 1070 1258 com—

27 1281 144 1311 ment.
172 1274 271 1312 Iliad.
293 1274 328 1322 ξ.
364 1275 425 1314 ubi
452 1273 600 1312 traditur
621 1271 846 1316 Herculem,
873 1271 1062 1320 postquam

29 1323 74 1361 ab
93 1325 364 1373 expugnatione
384 1325 421 1362 T
424 1325 524 1373 rojae
536 1321 1063 1370 rediret,teinpestate&odio

28 1373 183 1421 Junonis
210 1375 246 1411 in
276 1375 425 1412 insulam
440 1376 524 1412 Con
548 1373 721 1410 delatum.
749 1373 811 1410 ubi
831 1384 915 1410 curri
936 1371 957 1409 a
977 1372 1065 1409 Cois

28 1424 116 1461 urbe
136 1423 385 1462 excluderetur
398 1453 408 1470 ‚
423 1424 653 1474 Eurypylum
669 1435 792 1472 regem
809 1423 978 1461 Coorum
993 1434 1064 1460 uria

30 1485 113 1512 cum
136 1474 215 1512 filii-s
237 1473 428 1520 occidisse,
457 1475 603 1523 filiaque
624 1473 717 1512 illius
741 1474 942 1521 Chalciope
961 1485 1066 1511 com-

29 1522 163 1574 pressa,
191 1524 405 1563 -Theffalum
425 1523 587 1575 genuiffe
607 1552 617 1568 ‚
649 1525 751 1573 cujus
774 1523 837 1562 filii
868 1523 1065 1572 Phidippus

33 1577 73 1612 &
95 1575 273 1623 Antiphus
293 1577 404 1613 fuere.
430 1576 562 1625 quibus
589 1574 717 1612 similia
747 1575 785 1611 &
804 1575 841 1612 in
863 1582 1066 1612 comment.

28 1624 196 1668 Pindari,
224 1625 310 1663 Ode
334 1639 368 1672 4.
397 1627 630 1664 Nemeorum
661 1626 840 1673 leguntur.
869 1624 935 1662 nifi
963 1624 1066 1674 quod

30 1675 81 1712 ibi
101 1675 316 1724 Chalciopes
333 1688 460 1714 amore
484 1676 656 1725 impulsus
678 1675 856 1713 Hercules
877 1674 927 1713 ad
949 1687 1068 1724 oppu-

31 1725 192 1773 gnandos
215 1727 315 1763 Coos
339 1726 474 1765 veniffe
511 1727 652 1766 dicitur.
695 1728 823 1774 Quare
844 1725 988 1764 videtur
1009 1726 1069 1763 hic

1 1808 2 1813 ,
29 1775 132 1821 locus
151 1787 196 1813 eo
218 1776 334 1814 modo
357 1779 473 1826 accipi
491 1775 613 1826 poffe,
640 1784 681 1814 ut
708 1776 950 1825 intelligamus
973 1777 1069 1814 Coas

1 1838 2 1841 ’
33 1826 198 1865 mulieres
217 1827 253 1863 in
276 1827 439 1865 furorem
466 1826 487 1864 a
518 1828 664 1864 Venere
686 1827 780 1864 actas
807 1838 854 1863 eo
876 1836 1068 1874 tempore,

2 1889 3 1924 ξ
34 1877 307 1925 quoHercules
327 1878 518 1915 obsidione
539 1877 653 1915 soluta
673 1877 770 1914 illinc
788 1888 872 1914 cum
896 1878 1066 1926 agmine,

2 1927 3 1947 l
34 1927 107 1964 hoc
126 1930 197 1970 est,
225 1929 387 1966 exercitu
406 1928 614 1966 discederet.
638 1939 723 1964 nam
753 1929 790 1964 &
824 1928 996 1966 Pindarus
1016 1929 1066 1965 ci-

33 1984 109 2015 tato
130 1976 216 2014 loco
237 1980 412 2016 exercitus
434 1980 664 2016 mentionem
691 1978 798 2021 facit,
826 1979 976 2027 quando
988 1979 1067 2015 Te·

3 2057 4 2064 .
28 2026 217 2064 lamonem
259 2040 408 2078 quoque
443 2030 530 2080 huic
557 2029 653 2066 bello
682 2026 833 2066 adfuisse
862 2029 991 2067 scribit.
1019 2028 1066 2066 fic

34 2078 134 2114 enim
152 2077 205 2115 de
220 2078 404 2122 Hercule,
432 2081 527 2127 σῦν-ῳ
546 2082 637 2116 παπ-ἒ
649 2079 783 2123 Τρωὶκν,
796 2107 806 2124 ,
822 2080 961 2128 inquit,
984 2092 1069 2124 κειρ-

4 2154 5 2168 ,
38 2127 325 2170 ‹terrac-readunari
343 2127 487 2173 πόρθησε
516 2131 578 2165 xa}
597 2130 776 2172 Μέροπας.
804 2130 951 2168 fuerunt
971 2131 1072 2168 enim

31 2175 108 2212 Coi
124 2176 317 2232 aliquando
337 2180 491 2224 Μέροπες
509 2180 675 2228 appellati
690 2207 698 2223 ,
710 2179 730 2217 a
741 2181 899 2229 Merope
910 2181 1073 2230 quodam

34 2237 120 2273 rege
144 2228 300 2273 ipsorum
314 2255 325 2271 ,
346 2236 392 2265 ‚ut
411 2230 446 2266 in
468 2230 590 2267 iisdem
611 2232 887 2269 commentariis
903 2232 1070 2269 habetur.

5 2303 6 2309 ,
34 2276 252 2314 Μιεγιωε.
303 2277 460 2316 Alterius
482 2280 658 2330 Eurypyli
679 2309 689 2326 ,
724 2293 836 2330 quem
864 2280 886 2319 a
911 2283 996 2320 Coo
1017 2282 1071 2320 di-

6 2363 7 2366 ,
35 2326 179 2364 versum
209 2327 295 2383 facit
319 2355 330 2372 ,
358 2329 525 2366 meminit
555 2331 674 2368 Schol.
704 2332 885 2380 Euripidis
912 2333 1068 2382 Hippoi.

6 2391 7 2395 ¹
37 2376 120 2422 408.
150 2377 342 2426 Euripylus
363 2390 453 2415 vero
474 2381 637 2427 Neptuni
655 2380 845 2419 filiusnon
859 2383 927 2420 fuit
940 2385 1065 2428 Cous,

36 2426 94 2463 sed
118 2427 258 2476 Libyae
270 2428 451 2471 rex‚vide
483 2429 603 2467 Schol.
622 2430 799 2478 Apollon.
820 2444 873 2469 iv.
887 2434 1001 2482 1561.
1016 2435 1067 2471 .&

39 2476 169 2524 Spanh.
200 2476 245 2514 ad
272 2478 416 2516 Callim.
445 2479 589 2528 Hymn.
617 2480 738 2528 Apoll.
757 2493 816 2528 92.
842 2482 880 2518 &
907 2484 971 2531 qui
992 2484 1067 2522 Eu-

37 2527 174 2574 phemo
196 2528 431 2576 Argonautae
455 2529 553 2567 dedit
568 2529 724 2578 glebam.
743 2530 1060 2582 v.21’indar.Pyth.

37 2588 92 2613 ιν.
123 2577 178 2626 36.
207 2578 318 2616 &ibi
356 2579 474 2625 Schol.
525 2580 564 2617 ὅς
602 2580 671 2618 inf.
705 2580 751 2618 ad
772 2581 833 2618 lib.
865 2594 954 2621 xiii.
977 2595 1064 2632 357..

36 2625 295 2665 Burmannus.

87 2678 169 2726 363.
197 2681 280 2727 Qu
298 2678 423 2729 Coae.]
454 2680 556 2717 Libri
577 2688 742 2726 veteres,
771 2688 870 2720 Ceae.
899 2683 951 2723 Ita
962 2696 1066 2723 mox:

38 2726 172 2777 Transit
190 2740 233 2768 <9⁶
249 2730 415 2780 antiquae
444 2730 634 2769 Carthae'z'a
664 2732 798 2770 moenia
818 2739 918 2774 Ceae.
972 2736 1068 2773 Cio-

40 2788 170 2816 fanus.

11 2847 12 2850 ¹
60 2876 68 2882 ·
87 2828 180 2884 365..
197 2828 446 2880 Phoebeamque
466 2831 646 2882 Rhodon]
671 2834 868 2881 Propterea
889 2835 992 2883 quod
1006 2843 1069 2879 ,ut

38 2883 87 2913 ait
109 2877 275 2922 Solinus,
300 2881 416 2918 nullus
447 2881 521 2919 dies
551 2882 644 2920 adeo
672 2883 814 2921 nubilus
843 2883 890 2921 est
914 2911 925 2929 ,
951 2893 991 2922 ut
1016 2885 1067 2922 ibi

38 2924 90 2963 sol
110 2937 187 2964 non
205 2937 383 2975 appareat.
409 2932 623 2971 ConANus.

95 2977 176 3032 365:
202 2981 247 3012 Et
266 2977 407 3033 ,Ialyssos
427 2981 642 3032 Telchinas.]
698 2983 832 3033 Ialysus
850 2995 922 3022 una
943 2984 992 3022 est
1019 2996 1064 3022 ex

43 3025 167 3064 Rhodi
197 3026 351 3064 urbibus.
401 3027 597 3069 Telchines
634 3041 756 3071 autem
788 3035 911 3073 Rhodi
938 3035 1066 3084 populi

42 3075 212 3120 fuerunt,
237 3079 397 3125 quicum
411 3081 606 3119 omniasuo
625 3083 767 3131 aspectu
789 3084 826 3121 in
848 3086 948 3134 pejus
960 3097 1067 3122 com·

45 3131 226 3178 mutarent
240 3127 302 3169 ,ab
321 3128 415 3173 Jove
436 3128 534 3165 fuere
550 3131 728 3170 submerfi.
755 3133 851 3173 unde
863 3136 899 3171 ἃ
913 3136 1066 3173 Rhodos

45 3184 143 3221 prius
160 3173 346 3213 Telchinis
366 3178 434 3214 fuit
453 3178 732 3225 appellata.nam
746 3182 894 3231 Ophiusa
906 3185 1066 3230 primum

48 3223 89 3259 &
111 3221 261 3257 Aethrea
290 3225 356 3261 fuit
382 3226 499 3271 dicta,
526 3227 658 3265 deinde
683 3230 872 3275 Telchim's,
897 3244 944 3269 eo
970 3233 1073 3281 quod

49 3269 409 3359 Tezgitssjnelslinsulam
418 3276 633 3326 incolerent,
646 3289 738 3328 quos
750 3280 916 3321 nonnulli
925 3281 1073 3334 fascina3

2040 737 2164 811 Qua

1119 876 1216 907 tores
1234 869 1273 907 &
1293 869 1479 909 maleficos
1492 863 1595 906 fuiffe
1614 864 1741 916 ajunt,
1754 864 1856 915 quod
1866 864 2017 914 stygiam
2029 878 2166 916 aquam

1123 920 1337 958 animalibus
1377 922 1415 959 ὃς
1448 918 1608 967 stirpibus
1635 918 1809 965 perniciei
1857 917 1966 966 gratia
1999 917 2163 967 asperge-

1125 972 1412 1009 rent.·nonnulli
1435 969 1656 1008 contrarium
1689 968 1869 1011 sentiunt,
1898 966 2000 1016 quod
2031 969 2164 1008 artibus

1125 1019 1339 1068 praestantes
1366 1020 1387 1058 a
1417 1018 1589 1057 similibus
1616 1017 1807 1055 artificibus
1828 1017 1965 1055 invidia
1986 1018 2166 1057 haberen-

1125 1078 1195 1107 tur.
1221 1070 1319 1107 unde
1342 1071 1436 1108 hanc
1456 1070 1643 1107 infamiam
1658 1096 1668 1112 ‚
1685 1079 1725 1106 ut
1737 1069 1861 1105 Strabo
1886 1068 1993 1105 refert
2011 1069 2165 1111 libsxivt

1124 1119 1205 1158 sunt
1225 1118 1395 1158 ass'ecuti:
1423 1122 1460 1157 ὅ(
1481 1121 1641 1168 primum
1661 1131 1706 1156 ex
1729 1120 1836 1156 Creta
1860 1119 1896 1156 in
1917 1119 2084 1167 Cyprum
2098 1132 2167 1158 ve·-

1125 1179 1281 1215 nerunt,
1309 1170 1431 1218 postea
1465 1171 1501 1207 in
1535 1169 1719 1213 Rhodon,
1759 1171 1941 1217 primique
1966 1169 2104 1208 ferrum
2124 1171 2167 1208 δε

1126 1232 1184 1258 aes
1196 1221 1232 1258 in
1254 1220 1317 1259 usu
1330 1218 1488 1258 habuisse
1506 1219 1686 1257 dicuntur.
1714 1231 1796 1255 nam
1821 1221 1929 1256 etiam
1946 1219 2082 1268 harpen
2103 1220 2168 1259 Sa-

1124 1278 1236 1308 turno
1256 1272 1432 1309 fecerunt.
1474 1269 1643 1318 [Eadem
1669 1268 1745 1306 fere
1767 1269 1924 1306 Diodor.
1943 1270 2019 1307 libr.
2040 1283 2092 1308 1x.
2118 1270 2167 1309 de

1121 1320 1378 1359 Telchinibus.
1402 1322 1417 1371 ]
1456 1319 1587 1356 Telchis
1621 1320 1731 1356 etiam
1763 1322 1843 1356 urbs
1863 1321 1913 1357 est
1941 1320 2165 1370 Aethiopiae

1116 1371 1221 1420 juxta
1242 1372 1400 1420 Libyam
1417 1400 1427 1417 ,
1455 1374 1553 1408 unde
1575 1369 1758 1412 Telchites,
1789 1372 1825 1407 ὃ(
1840 1369 2036 1407 Telchinius
2048 1371 2167 1409 dedu-

1122 1430 1265 1460 cuntur.
1301 1423 1409 1460 Creta
1439 1433 1591 1470 quoque
1610 1449 1623 1465 .,
1660 1422 1697 1458 ὃς
1717 1420 1856 1469 Sicyon
1871 1448 1882 1465 ,
1896 1420 2071 1458 Telchinia
2094 1422 2166 1461 fuit

1122 1473 1321 1522 appellata,
1350 1473 1499 1522 ejusque
1519 1472 1663 1509 incolae
1690 1470 1872 1507 Telchines.
1899 1471 2067 1510 Rmms.
2105 1473 2168 1519 Ja-

1121 1523 1188 1572 lyfi
1210 1524 1411 1572 imaginem
1433 1522 1453 1560 a
1474 1522 1626 1559 Rhodiis
1647 1522 1771 1569 magni
1796 1522 2020 1559 aestimatam
2044 1521 2167 1568 fuisse,

1122 1585 1234 1622 quam
1259 1575 1485 1623 Protogenes
1505 1574 1694 1620 pinxerat,
1723 1583 1768 1608 ex
1794 1572 1975 1609 A.Gellio
1996 1572 2167 1611 discimus

1120 1623 1182 1661 lib.
1209 1637 1267 1662 κν.
1289 1637 1366 1673 cap.
1388 1625 1451 1661 ult.
1499 1623 1697 1660 Telchinas
1730 1623 1768 1659 ὃ(
1797 1622 1972 1671 Caryates
1999 1622 2167 1661 adversus

1122 1674 1316 1712 Phoronea
1342 1676 1379 1712 &
1405 1674 1602 1712 Parrhasios
1621 1673 1755 1711 bellurn
1777 1684 1907 1720 anceps
1926 1673 2016 1710 olim
2030 1672 2166 1722 gessisse

1127 1725 1281 1763 Orosius
1308 1725 1453 1762 testatur
1474 1725 1536 1762 lib.
1558 1737 1589 1761 1.
1616 1735 1692 1772 cap.
1716 1735 1750 1769 7.
1775 1724 1814 1760 &
1842 1724 2098 1772 Hieronymus
2126 1724 2168 1761 in

1127 1776 1316 1814 Chronico
1338 1775 1543 1813 Eusebiano
1556 1801 1566 1818 ‚
1608 1773 1759 1811 eosdem
1780 1773 1899 1811 vinos
1917 1785 1960 1811 ac
1979 1773 2168 1822 Pelopon-

1125 1826 1211 1863 neso
1232 1827 1373 1875 pulsos,
1401 1825 1579 1863 Rhodum
1603 1822 1809 1862 conceffiffe
1837 1852 1847 1868 ,
1884 1835 1979 1873 quae
2001 1825 2094 1872 prius
2104 1824 2169 1861 Ο·

1125 1877 1247 1925 phiusa
1269 1876 1363 1914 dieta
1384 1876 1436 1914 fit.
1467 1876 1578 1914 ceteri
1600 1875 1787 1924 scriptores
1808 1875 1915 1923 hujus
1928 1875 1978 1912 rei
1998 1886 2074 1912 non
2088 1887 2168 1913 me-

1125 1928 1333 1972 minerunt,
1361 1927 1419 1964 sed
1450 1939 1494 1964 ex
1524 1925 1663 1964 Rhodo
1692 1927 1729 1964 in
1750 1925 1940 1974 Cyprum,
1973 1925 2012 1962 ὃ(
2032 1925 2167 1964 deinde

1121 1979 1249 2025 partim
1265 1980 1302 2015 in
1324 1978 1544 2022 Boeotiam,
1558 1978 1687 2025 partim
1706 1976 1744 2013 in
1765 1976 1914 2013 Cretam
1927 1974 2166 2013 transfretasse

1121 2028 1202 2066 illos
1221 2027 1432 2066 asseverant.
1460 2028 1660 2065 Telchinas
1680 2025 1750 2063 esse
1782 2027 1932 2063 Curetas
1964 2026 2090 2063 idaeos
2110 2026 2167 2064 di-

1128 2080 1176 2116 cit
1199 2079 1279 2116 Sch.
1303 2080 1477 2116 German.
1497 2090 1577 2127 pag.
1597 2089 1658 2125 90.
1686 2076 1753 2114 Ed.
1775 2077 1886 2112 Com.
1911 2075 1990 2112 sunt
2008 2087 2053 2112 ex
2076 2077 2168 2124 My-

1128 2130 1289 2177 thologis
1303 2158 1312 2172 ‚
1327 2130 1388 2178 qui
1408 2129 1587 2166 Aneonis
1609 2138 1714 2164 canes
1738 2128 1774 2164 in
1788 2126 1986 2164 Telchinas
2008 2137 2166 2163 conver-

1129 2179 1184 2217 sos
1202 2178 1271 2217 effe
1293 2180 1477 2217 testentur.
1521 2178 1685 2216 Straboni
1704 2176 1872 2214 dicuntur
1894 2175 2094 2212 Telchines
2114 2188 2162 2214 ex

1131 2230 1258 2279 Cypro
1283 2231 1462 2268 Rhodum
1491 2226 1690 2278 emigrass'e.
1737 2226 2014 2264 Telchiniacam
2038 2225 2165 2264 Histo-

1128 2282 1218 2319 riam
1249 2283 1444 2320 Athenaeo
1468 2280 1598 2318 dicitur
1628 2276 1793 2326 scripfisse
1816 2276 2051 2324 Epimenides
2075 2276 2166 2314 Cre-

1125 2332 1232 2369 tensis
1245 2361 1254 2376 ‚
1280 2334 1344 2382 qui
1357 2332 1479 2369 floruit
1499 2330 1560 2368 sub
1571 2328 1795 2378 Olympiade
1807 2338 1910 2363 XLIV.
1925 2326 2022 2364 Vide
2035 2327 2166 2365 Meur-

1123 2382 1163 2420 fii
1184 2383 1307 2420 Rliod.
1327 2383 1389 2420 lib.
1406 2393 1523 2429 neap.
1541 2394 1578 2428 9.
1603 2380 1667 2427 qui
1689 2389 1849 2415 errorem
1875 2376 2100 2425 Hieronymi
2114 2377 2162 2415 de

1122 2434 1278 2470 nomine
1302 2431 1489 2480 Ophiusae
1517 2430 1658 2467 refellit.
1713 2428 1773 2464 De
1795 2427 2037 2465 Telchinibus
2074 2427 2162 2466 vide

1123 2484 1233 2521 etiam
1257 2483 1380 2520 lllustr.
1402 2478 1650 2529 Spanhem.ad
1666 2477 1811 2514 Callim.
1833 2477 1998 2526 Hym.in
2012 2477 2095 2515 Del.
2110 2489 2162 2526 31.

1122 2533 1245 2570 Duces
1256 2530 1698 2574 Telchinum,Simonem
1714 2529 1751 2564 &
1771 2528 1957 2565 Niconem
1977 2537 2164 2567 memorat

1123 2583 1264 2621 Zenob.
1284 2583 1434 2619 Centur.
1454 2580 1502 2615 V.
1523 2580 1766 2623 Paroem.41.
1780 2590 1939 2627 quorum
1965 2590 2057 2616 unus
2077 2590 2162 2616 cor-

1122 2633 1227 2682 rupte
1240 2661 1250 2677 ,
1277 2634 1399 2676 Μιμῶν
1417 2642 1482 2678 pro
1494 2632 1608 2674 Σιμῶν
1625 2629 1757 2666 dicitur
1776 2641 1795 2666 a
1812 2628 1958 2666 Tzetze
1978 2629 2071 2666 Chil.
2085 2641 2160 2668 vn.

1127 2683 1283 2732 113.qui
1305 2684 1343 2719 δε
1367 2681 1565 2725 Aeaeum,
1596 2679 1824 2723 Ormenum,
1846 2681 1883 2717 ὅ(
1898 2680 2046 2729 Lycum
2066 2680 2160 2718 inter

1124 2746 1187 2772 eos
1203 2733 1310 2770 refert
1330 2731 1481 2774 ibidem,
1494 2732 1532 2769 ὃς
1554 2730 1648 2767 nhil.
1670 2741 1742 2768 xii.
1762 2741 1844 2777 447.
1880 2731 1967 2768 Vid.
1982 2731 2019 2768 &
2039 2729 2163 2770 Barth.

1124 2784 1167 2821 ad
1189 2783 1276 2820 Stat.
1295 2794 1342 2820 11.
1369 2781 1587 2828 Theb.472.
1603 2780 1733 2818 Buam.

1173 2834 1255 2882 366.
1285 2831 1491 2880 Vitiantes.]
1533 2837 1715 2868 Mutantes
1737 2831 1908 2880 antiquae
1926 2831 2157 2869 editiones&
2179 2832 2184 2849 ⁵

1122 2883 1228 2920 multi
1270 2882 1400 2931 scripti.
1429 2882 1608 2919 imitantes
1643 2880 1781 2919 Medic.
1820 2883 1950 2932 ipfhque
1979 2883 2159 2917 ι’νηιταηιες

1120 2933 1251 2971 Ambr.
1269 2933 1429 2981 ¹’m'tantes
1448 2932 1584 2971 Medic.
1604 2932 1690 2970 alius
1703 2960 1714 2977 ,
1741 2931 1857 2980 subito
1875 2940 2050 2969 mutantes
2071 2929 2159 2973 Bar-1

1120 2983 1194 3021 ber.
1223 2985 1340 3022 IDEM.

1173 3034 1256 3083 368.
1280 3034 1464 3084 Antiquae
1482 3032 1606 3081 Ceae]
1663 3033 1761 3070 Caea
1790 3031 1900 3070 insula
1920 3029 1989 3071 est,
2017 3038 2109 3076 quae
2129 3026 2152 3065 a

1122 3086 1269 3123 Graecis
1297 3087 1334 3122 ὃς
1365 3091 1430 3122 Cos
1471 3086 1509 3122 &
1542 3083 1702 3132 Hydrusa
1731 3091 1912 3123 vocatur,
1939 3078 2055 3133 avulsa
2076 3078 2155 3137 Eu:-

1121 3135 1258 3178 boeae,
1285 3144 1326 3172 ut
1345 3135 1461 3173 scribit
1480 3135 1627 3172 Plinius.
1654 3133 1712 3171 sed
1728 3131 1884 3169 Ovidius
1912 3128 2019 3182 aliam
2039 3125 2108 3164 esse
2130 3139 2153 3165 a

1124 3184 1182 3220 Co
1194 3184 1303 3222 insula
1322 3184 1436 3222 sentit.
1463 3183 1669 3232 quingentis
1683 3183 1792 3229 longa
1811 3178 1926 3215 stadiis
1946 3178 2015 3214 fuit
2032 3188 2156 3224 quon-

1126 3233 1208 3269 darn
1224 3260 1234 3275 ,
1262 3245 1352 3269 mox
1372 3241 1529 3281 quatuor
1548 3232 1623 3268 fere
1646 3232 1799 3278 partibus
1814 3255 1824 3271 ‚
1851 3238 1944 3282 quae
1963 3227 2008 3264 ad
2030 3227 2155 3265 Boeo-

1125 3282 1215 3320 tiam
1235 3282 1429 3333 yergebant
1441 3309 1452 3330 ,
1480 3282 1571 3321 mari
1591 3279 1783 3317 devoratis.
1834 3276 1980 3327 Oppida
1994 3285 2058 3322 ,ut
2070 3277 2159 3322 dixi,

1618 3329 1656 3376 Q
1668 3338 1692 3377 q
1701 3337 1726 3376 q
2003 3335 2160 3378 quatucr
