2483 3616
683 169 742 226 P.
818 158 1233 222 oV1D11
1290 115 1835 219 'NASONIS

509 270 705 328 Forma
733 270 879 329 vim,
916 278 1077 336 quam
1101 260 1303 322 cernis,
1342 273 1470 312 erat.
1497 261 1621 313 licet
1645 261 1751 332 ipse
1780 259 2038 314 decorem

509 344 813 416 AdspiciaS‚
851 336 1079 408 fifflique
1105 331 1299 406 probes
1325 330 1388 383 ab
1410 331 1639 399 imagine
1665 350 1860 387 veram,

511 417 612 471 Par
639 415 841 467 animus
867 409 1087 463 formae.
1127 424 1227 460 nec
1255 404 1428 457 adhuc
1454 400 1697 472 spectasse
1720 421 1816 474 per
1844 421 2015 457 annos

367 509 469 559 325
509 490 927 560 Quinquennem
958 492 1167 552 poterat
1193 477 1357 546 Graja
1384 489 1571 544 quater
1597 472 1753 527 Elide
1777 492 2028 546 pugnam.

514 562 601 616 Ille
627 560 745 613 suos
773 553 1015 627 Dryadas
1044 551 1213 606 Latiis
1241 550 1297 602 in
1323 545 1594 601 montibus
1618 560 1759 598 ortas

513 633 769 689 Verterat
791 628 850 685 vin
876 628 1049 684 vultus
1079 643 1091 678 2
1132 624 1279 678 illum
1309 620 1526 675 fontana
1552 617 1805 690 petebant

215 175 317 244 960

277 860 359 899 322.
389 847 480 884 Licet
510 845 573 895 ipse
600 843 750 880 decorem
781 837 1001 889 Adspiciat]
1041 837 1084 874 In
1108 846 1269 884 utroque

225 912 316 938 meo
336 898 384 936 est
398 927 408 943 ,
439 899 531 934 Licet
551 897 614 945 ipse
638 895 788 932 colorem.
825 892 995 928 Ciofm.
1023 889 1071 926 Et
1091 889 1140 925 ita
1161 887 1272 936 pluri-

224 952 279 988 mi
302 950 432 998 scripti.

281 1012 364 1049 323.
394 999 454 1036 Ab
473 995 664 1045 imagine]
696 994 763 1031 Sub
782 992 934 1042 imagine
945 998 1087 1028 veteres
1101 989 1278 1038 quinque.

226 1052 372 1090 Hfims.
403 1050 503 1087 Nihil
525 1057 683 1085 mutem.
713 1056 751 1083 ut
765 1047 865 1083 enim
889 1041 1094 1083 Nosterab,
1127 1042 1176 1078 ita
1191 1041 1280 1076 Pro—

227 1103 365 1152 pertius
397 1115 437 1137 ex
458 1101 569 1137 utitur
589 1099 662 1135 hoc
682 1096 781 1134 sensu
805 1096 866 1133 lib.
890 1107 937 1132 11.
958 1106 985 1130 1.
1011 1105 1068 1140 52.
1097 1097 1143 1128 Et
1169 1101 1281 1126 totam

226 1166 272 1190 ex
294 1152 423 1189 Helena
445 1164 511 1186 non
524 1148 646 1199 probat
672 1148 796 1183 Iliada.
826 1154 1010 1193 praeterea
1025 1172 1036 1187 ,
1056 1144 1284 1191 firmamque

224 1202 342 1252 prebes
372 1202 417 1238 ab
448 1201 598 1248 imagine
627 1211 754 1235 veram
776 1225 787 1243 ,
825 1197 1008 1234 Vivianus
1030 1222 1040 1238 ‚
1079 1194 1183 1242 quod
1212 1202 1282 1231 nec

231 1251 391 1291 Heinsio
415 1252 635 1299 displicebat.

283 1315 370 1352 325.
404 1302 676 1351 Qinquennem
706 1308 841 1349 poteras
874 1295 988 1346 Grajd
1028 1305 1153 1346 quater
1193 1293 1287 1330 edere

227 1352 389 1404 pugnas]
420 1353 461 1389 In
493 1352 701 1393 nonnullis,
733 1350 881 1398 Grajam
895 1358 1062 1397 pugnam.
1110 1345 1181 1383 Sed
1198 1345 1284 1382 licet

232 1413 379 1453 aperte,
407 1403 496 1452 quid
519 1403 582 1440 fibi
603 1402 690 1438 velit
713 1401 873 1438 Ovidius
889 1427 898 1443 ,
933 1398 1167 1445 intelligatur:
1193 1408 1285 1432 con-

230 1456 328 1494 fusus
348 1463 472 1491 tamen
499 1453 692 1491 verborum
715 1455 809 1488 ordo
824 1478 834 1495 ,
860 1452 897 1487 &
920 1449 981 1486 fibi
1002 1461 1078 1485 non
1091 1447 1285 1496 quadrans,

235 1506 372 1555 aliquid
405 1506 491 1542 facit
519 1513 560 1541 ut
590 1502 848 1540 desideremus.
878 1501 1066 1538 Nauem.
1108 1499 1210 1535 Dura
1237 1497 1286 1534 est

232 1558 325 1595 haec
364 1554 613 1603 compositio,
651 1564 791 1601 praeter
824 1553 931 1600 hujus
962 1554 1097 1598 poetae
1127 1560 1287 1586 motem.

233 1607 403 1655 Rapha‘e'l
418 1616 543 1643 tamen
557 1602 655 1642 retf'te
668 1601 868 1651 exposuisse
882 1601 1038 1638 videtur:
1062 1612 1132 1638 nec
1144 1608 1288 1647 potetas

236 1658 347 1695 cdere
367 1657 786 1706 quater-quinquennem
801 1650 969 1702 speciaffe
981 1650 1287 1696 totannosGraja

239 1721 374 1757 pugna.
402 1708 517 1745 lector
539 1717 662 1744 tamen
686 1705 731 1742 de
750 1716 797 1742 eo
810 1703 909 1742 sensu
927 1704 1078 1750 cogitet,
1099 1701 1287 1750 egoenim

238 1759 359 1797 adhuc
389 1759 536 1795 haereo.
574 1758 783 1793 GLAREAN.
822 1753 987 1802 Quidam
1020 1753 1078 1790 alii
1106 1751 1286 1800 impreffi,

240 1811 365 1858 Grajos
399 1809 491 1845 edere
526 1817 691 1856 pugnam.
728 1815 870 1843 veteres
895 1812 1020 1842 autem
1046 1803 1139 1841 libri.
1179 1803 1290 1850 Graja

239 1871 365 1911 quater
386 1860 477 1895 edere
492 1869 618 1907 pagna.
646 1857 762 1905 Quod
786 1855 1013 1905 sequendum
1030 1855 1121 1891 mihi
1134 1854 1290 1891 videtur.

244 1912 414 1948 CioFAN.
450 1911 572 1956 Grajos
605 1919 726 1956 quater
757 1907 850 1944 edere
874 1915 1026 1954 pugnam
1053 1905 1132 1942 libri
1165 1903 1293 1953 vulga-

243 1964 283 2000 ti.
313 1962 580 2008 MSS.Grajczm
595 1974 662 2007 q.e.
675 1968 839 2006 pugnam.
869 1957 1062 2000 MSxalter,
1077 1965 1192 2005 pugna
1204 1967 1294 2003 qua-

247 2023 302 2049 ter
316 2012 410 2047 edere
428 2011 549 2058 Graja.
582 2012 659 2047 Nos
671 2009 867 2057 legendum
891 2016 1059 2055 putamus
1075 2034 1085 2051 ,
1103 2019 1161 2042 nec
1178 2007 1293 2041 adhuc

238 2062 397 2113 speHaffe
410 2072 468 2110 per
488 2061 691 2108 annothtl
707 2072 877 2108 quennem
895 2067 1027 2106 poterat
1045 2058 1193 2105 Grajam
1208 2069 1293 2105 qua-

198 2124 216 2144 ’κ
243 2125 296 2151 ter
316 2115 410 2150 edere
424 2122 590 2161 pugnam.
616 2113 690 2147 hoc
711 2110 823 2146 sensu.
851 2108 1019 2145 nondum
1041 2109 1092 2144 illi
1116 2119 1177 2155 per
1196 2117 1294 2144 aeta-

242 2174 321 2202 tem
357 2161 493 2200 licunle
523 2169 651 2210 quater
684 2161 925 2208 spectatorem
959 2170 1064 2207 agere
1098 2158 1293 2194 Ludorum

245 2215 515 2264 Olympiorum
536 2240 545 2255 ,
581 2213 718 2260 quippe
740 2211 875 2248 minori
904 2219 993 2247 natu
1022 2210 1124 2246 annis
1155 2209 1294 2256 viginti.

248 2266 456 2304 BERsMAN.
496 2265 622 2300 Locus
651 2262 747 2299 haud
776 2261 884 2299 dubie
906 2260 1057 2309 pessime
1076 2260 1239 2302 habitus,
1269 2258 1294 2296 si

247 2319 329 2366 quis
356 2317 442 2353 alius
464 2316 501 2352 in
521 2315 595 2351 hoc
614 2313 778 2350 auctore.
812 2313 892 2348 Nec
913 2311 1069 2349 multum
1093 2311 1171 2348 libri
1194 2321 1298 2346 vete-

246 2380 301 2405 res
326 2368 469 2416 juvant.
499 2364 575 2402 Nisi
603 2363 704 2413 quod
735 2364 948 2411 Gryphiana
983 2361 1098 2399 editio
1121 2363 1157 2398 &
1180 2361 1297 2408 prima

248 2419 365 2455 editio
389 2416 544 2459 Aldina,
575 2423 614 2452 ut
636 2416 675 2453 ὃ(
696 2427 758 2451 ora
778 2415 854 2451 libri
880 2414 985 2450 unius
1006 2413 1123 2460 scripti
1143 2423 1186 2448 ex
1200 2411 1296 2448 Basi-

248 2468 426 2506 leensibus
455 2467 654 2508 exhibent,
682 2465 837 2513 speffiaffe
850 2474 910 2512 Per
930 2476 1049 2499 annos.
1076 2463 1187 2510 idque
1211 2474 1296 2510 pro-

250 2519 319 2562 be,
350 2528 387 2554 ut
415 2530 505 2554 mox
531 2517 748 2553 videbimus.
783 2515 887 2563 quod
909 2516 947 2551 &
968 2514 1190 2551 Bersmanno
1211 2515 1296 2550 arri-

251 2569 371 2606 debat.
397 2567 457 2605 sed
484 2579 693 2615 pergamus:
729 2568 892 2614 optimus
921 2565 1174 2609 Florentinus,
1202 2565 1299 2601 Nea-

255 2620 438 2668 politanus
483 2619 619 2665 aliique
661 2618 766 2654 multi
792 2645 801 2659 ,
848 2626 981 2665 poterat
1026 2615 1137 2663 Graia
1178 2626 1302 2664 quater

255 2670 351 2706 edere
376 2677 499 2715 pugna.
540 2669 848 2715 sserneggerianus
870 2695 880 2709 ‚
929 2667 1065 2715 primus
1094 2666 1300 2708 Palatinus,

212 2747 214 2749 -
258 2729 369 2768 atque
392 2718 447 2753 alii
472 2719 602 2764 plures,
622 2728 774 2766 poteram
792 2718 902 2766 Graja
923 2727 1046 2766 quater
1064 2716 1158 2752 edere
1175 2726 1303 2764 pagna.

257 2769 408 2820 quidam
427 2795 435 2810 ‚
460 2776 590 2815 poteras
611 2769 667 2804 vel
684 2777 853 2816 poterant,
891 2767 961 2804 Sed
980 2767 1158 2804 mendum
1181 2768 1306 2803 haeret

260 2823 299 2860 in
327 2820 439 2855 verbo
466 2817 570 2852 edere.
600 2818 725 2865 Atque
747 2819 832 2854 hinc
850 2825 951 2854 tanta
972 2817 1156 2854 diversitas
1177 2817 1307 2853 leetio-

261 2883 354 2910 num
386 2877 479 2905 nata.
506 2867 594 2903 edele
627 2868 683 2903 vel
711 2867 797 2902 edile
821 2867 995 2903 nimirum
1027 2877 1187 2903 exararat
1207 2867 1308 2903 aber-

262 2933 364 2963 rans,
392 2917 495 2967 quod
523 2918 733 2965 frequenter
761 2917 896 2953 solebat
926 2916 1026 2958 fieri,
1056 2916 1239 2953 oscitantis
1266 2916 1310 2952 li-

264 2972 370 3010 bratii
398 2980 525 3006 manus
540 2996 548 3009 ,
577 2968 689 3015 idque
718 2979 783 3014 pro
800 2966 886 3002 elide
906 2965 1103 3002 transversa
1123 2966 1310 3002 literarum

265 3024 367 3061 serie.
397 3021 555 3067 Optime
573 3019 680 3066 igitur
701 3018 804 3054 locus
822 3015 1102 3053 inme-„insumus
1114 3015 1182 3052 sese
1203 3015 1314 3052 habe-

264 3075 341 3118 bit,
369 3071 393 3109 si
412 3072 485 3109 hoc
505 3070 622 3108 modo
645 3068 902 3111 constituatur,
1146 3065 1151 3068 ”

591 3146 650 3169 nec
665 3132 781 3169 adhuc
796 3131 949 3180 spec'laffie
964 3141 1022 3180 per
1041 3145 1149 3168 annos

324 3186 599 3236 innquennem
617 3193 748 3232 poterat
769 3183 879 3230 Graja
898 3194 1020 3232 quater
1042 3183 1139 3219 Elide
1156 3192 1320 3231 pugnam.

274 3252 455 3290 Nondum
472 3282 482 3297 ,
511 3254 631 3302 inquit
647 3280 656 3296 ,
684 3265 747 3300 per
760 3260 917 3290 aetatem
929 3251 1171 3300 quaterludos
1185 3251 1320 3300 Olym-

2264 686 2378 742 Nu-

1324 844 1417 873 num
1456 829 1674 869 vicesimum
1719 829 1898 877 attigerat.
1947 826 2061 868 Graia
2088 830 2214 862 autem
2249 823 2384 868 Elide,

1326 885 1412 933 quia
1436 883 1538 920 Picus
1567 890 1641 919 erat
1662 881 1794 923 Italus;
1824 879 1869 916 de
1889 877 1982 915 ludis
2006 876 2237 926 Olympiacis
2255 875 2384 911 omnia

1329 943 1430 1024 rsitita.
1461 934 1593 971 addam
1622 941 1749 970 tamen
1779 931 1984 968 statianum
2015 929 2145 966 locum
2180 937 2225 963 ex
2248 924 2309 962 lib.
2336 936 2388 973 11.⁴

1357 998 1418 1024 iv.
1440 996 1491 1022 vr.
1517 995 1576 1030 70.

1615 1068 1664 1076 —
1690 1049 1788 1086 vitae
1807 1047 1905 1084 modo
1923 1045 2064 1083 cardine
2081 1043 2226 1081 adultae

1385 1103 1527 1138 Neb‘lere
1547 1099 1708 1136 tendebat
1725 1101 1903 1148 juvenum
1921 1096 2176 1145 pulcherrimus
2195 1093 2253 1131 ille

1391 1159 1484 1189 Cum
1506 1151 1618 1188 tribas
1639 1151 1726 1187 Eleis
1747 1164 1857 1186 unam
1877 1147 2059 1185 trieterida
2078 1146 2204 1194 lustris.

1338 1214 1401 1252 ubi
1421 1222 1548 1250 tamen
1578 1213 1673 1249 forte
1693 1210 1783 1246 Eleis
1803 1210 1904 1246 luetis
1923 1209 2196 1257 reponendum.
2228 1208 2392 1257 quomoss

1343 1265 1392 1302 do
1414 1265 1450 1300 in
1473 1263 1627 1300 Nasonis
1657 1273 1810 1311 quoque
1839 1263 1914 1298 hoc
1940 1260 2041 1297 loco.
2080 1261 2223 1296 Heius.
2276 1258 2394 1306 Qin-

1345 1315 1490 1364 quennis
1541 1324 1675 1362 poterat
1723 1313 1873 1361 Grajam
1922 1322 2046 1361 quater
2102 1310 2196 1346 edere
2235 1318 2392 1358 pugnam

1342 1365 1512 1404 Francof.
1541 1374 1664 1414 quater
1689 1363 1774 1399 elide
1800 1374 1917 1411 pugna
1948 1363 2079 1399 eratin
2103 1361 2275 1408 Excerpt.
2297 1360 2393 1397 Het-

1343 1417 1412 1454 cul.
1435 1415 1532 1453 unde
1557 1414 1721 1451 firmatur
1736 1413 2086 1451 Heinfiicorreciio.
2113 1411 2300 1460 posthunc
2313 1421 2396 1459 ver:

1344 1468 1422 1506 sum
1445 1468 1482 1504 in
1506 1477 1582 1503 uno
1603 1464 1779 1502 Leidenfi
1800 1472 1875 1501 erat
1896 1463 1985 1501 alter
2006 1462 2148 1501 additus
2168 1475 2175 1499 :

1394 1536 1525 1568 Gratus
1543 1539 1619 1566 erat
1638 1529 1768 1566 cannis
1789 1539 1832 1568 (φ
1856 1541 1997 1565 munere
2017 1526 2140 1576 dignus
2158 1525 2299 1564 amoris.

1396 1610 1480 1659 326.
1508 1608 1658 1658 Latiis.]
1691 1609 1791 1645 Latis
1811 1608 1919 1646 multi
1937 1607 2071 1655 scripti.
2099 1606 2181 1643 altis
2202 1618 2308 1644 unus.

1397 1672 1480 1709 327.
1512 1667 1667 1696 Fontana
1684 1659 1844 1709 petebant
1866 1659 2035 1696 Mumina
2059 1657 2252 1706 Na‘z‘ades]
2285 1655 2402 1694 Furti·
2424 1693 2428 1699 ,

1345 1724 1395 1747 va
1414 1710 1579 1760 petebant
1607 1723 1685 1748 non
1712 1711 1937 1758 ineleganter
1958 1710 2122 1757 optimus
2145 1709 2399 1752 Florentinus,

1346 1762 1451 1811 quod
1474 1761 1515 1799 sit
1544 1762 1688 1799 furtivis
1705 1762 1891 1799 amoribus
1912 1759 2046 1797 dedita,
2075 1759 2122 1797 fic
2147 1759 2318 1796 Salmacis
2338 1759 2399 1796 lib.

1347 1825 1400 1851 iv.
1430 1824 1515 1858 227.
1544 1818 1627 1848 Mea
1645 1811 1693 1860 fit
1712 1812 1864 1858 furtiva
1891 1810 2067 1859 voluptas.
2105 1809 2205 1847 Idem
2236 1809 2402 1858 sequenti

1348 1864 1451 1901 versu
1467 1892 1476 1908 ,
1506 1864 1702 1911 cursusque
1723 1861 1949 1910 breviffimus.
1974 1860 2173 1910 quomodo
2195 1861 2232 1896 ὅ(
2252 1870 2321 1898 tres
2340 1868 2402 1898 aut

1347 1923 1506 1962 quatuor
1529 1914 1601 1952 alii.
1636 1913 1771 1957 Forte,
1798 1914 2011 1962 cursumque.
2038 1920 2077 1949 ut
2096 1910 2136 1948 fit
2159 1912 2402 1949 Graecismus.

1350 1967 1495 2003 Hans.
1534 1971 1710 2001 Montana
1741 1963 1894 2000 colebant
1921 1963 2085 2011 quinque
2111 1962 2204 2000 libri.
2241 1960 2402 1999 bibebant

1352 2015 1541 2054 Leidenfis
1563 2027 1667 2052 unus.
2228 2038 2231 2039 ν

1405 2067 1488 2116 328.
1517 2068 1684 2113 Qiasque
1705 2062 1887 2112 Numici.]
1921 2063 2115 2106 Numicus,
2145 2062 2379 2100 &Numicius
2391 2068 2406 2110 3

1348 2119 1408 2155 hic
1428 2117 1558 2154 fluvius
1577 2116 1730 2159 dicitur,
1768 2115 1938 2164 quamvis
1958 2114 2069 2164 aliqui
2091 2122 2217 2151 contra
2237 2113 2402 2154 sentiant.

1352 2169 1459 2207 Silius
1482 2169 1519 2204 in
1547 2179 1635 2203 viix.
1669 2167 1750 2203 181.

1405 2229 1512 2316 Hahad
1527 2227 1645 2278 procul
1666 2228 1747 2264 hinc
1762 2236 1873 2277 parvo
1897 2226 2096 2276 descendens
2107 2227 2208 2273 fonte
2230 2225 2403 2265 Numicus

1401 2286 1451 2317 La
1477 2292 1561 2317 nur.

1351 2342 1421 2381 Sed
1443 2343 1562 2381 danda
1585 2344 1692 2380 venia
1712 2344 1776 2387 iis,
1814 2344 1876 2391 qui
1903 2342 2093 2380 Numicum
2114 2341 2184 2379 dici
2205 2341 2304 2390 poffe
2322 2342 2404 2381 infi-

1353 2395 1493 2431 ciantur
1509 2423 1518 2437 ,
1553 2395 1731 2443 <quoniam
1759 2395 1820 2432 hic
1841 2394 1916 2431 Silii
1939 2395 2058 2431 versus
2080 2405 2165 2430 cum
2191 2394 2313 2431 multis
2327 2395 2402 2431 aliis

1352 2445 1388 2481 in
1407 2445 1578 2482 omnihus
1592 2443 1667 2482 fere
1680 2445 1864 2483 codicibus
1877 2444 2142 2481 desiderabatur
2155 2472 2163 2486 ‚
2192 2446 2254 2493 qui
2268 2457 2285 2480 a
2302 2445 2405 2483 nobis

1352 2495 1433 2533 sunt
1454 2496 1627 2540 restituti,
1657 2506 1695 2532 ut
1717 2497 1752 2533 in
1769 2498 1907 2543 primae
1928 2494 2253 2532 Collet‘iancorum
2280 2496 2403 2532 Heca-

1355 2546 1468 2595 tostys
1495 2558 1524 2583 c.
1553 2559 1612 2593 92.
1638 2556 1802 2595 apparet.
1841 2546 1992 2583 Cons'r.
2019 2546 2113 2582 FAN.
2141 2546 2255 2582 Hunc
2276 2547 2401 2584 locum

1357 2599 1515 2634 totidem
1552 2597 1668 2634 verbis
1698 2597 1998 2634 citatPriscianus
2014 2597 2073 2634 lib.
2098 2609 2150 2633 vi.
2179 2597 2293 2643 Cujus
2312 2598 2402 2635 haec

1357 2648 1466 2685 sunt:
1507 2648 1604 2684 Anio
1632 2648 1738 2683 etiam
1769 2648 1944 2691 Anienis,
1983 2648 2071 2697 quod
2099 2644 2327 2696 antiquiffimi
2352 2649 2403 2694 se-

1359 2698 1512 2734 cundum
1536 2698 1747 2745 Analogiam
1766 2699 1886 2734 Anien
1898 2697 2161 2734 nominativum
2176 2696 2404 2744 proferebant.

1359 2755 1449 2785 Cato
1466 2759 1584 2784 contra
1604 2749 1781 2784 Veturium
1801 2754 1948 2798 Aquam
1960 2749 2130 2784 Anienem
2149 2747 2186 2781 in
2202 2747 2400 2793 sacrarium

1359 2799 1486 2842 inferre
1505 2797 1695 2847 oportebat,
1724 2812 1789 2835 non
1810 2801 1925 2836 minus
1947 2796 2056 2844 quam
2079 2796 2275 2844 quindecim
2289 2797 2402 2835 millia

1363 2849 1482 2885 Anien
1505 2849 1603 2894 abest.
1634 2850 1799 2890 Ovidius,
1814 2861 1964 2896 quasque
1979 2846 2121 2883 Numici
2136 2875 2143 2887 ,
2173 2859 2236 2884 aut
2253 2844 2403 2885 Anienis

1362 2912 1495 2947 aquae,
1525 2902 1690 2948 cursuque
1720 2897 1930 2944 breviffi'mus
1954 2897 2071 2933 Almo.
2111 2899 2226 2934 Cicero
2241 2908 2301 2946 pro
2318 2904 2404 2935 Cor-

1367 2951 1451 2985 nelio
1480 2950 1517 2985 in
1540 2950 1666 2997 primo:
1689 2959 1787 2984 trans
1815 2949 2001 2984 Anienem.
2043 2950 2207 2984 Horatius
2233 2950 2270 2984 in
2292 2949 2403 2996 primo

1370 3000 1581 3035 Carminum
1606 3012 1615 3035 ε
1646 3003 1690 3033 Et
1705 3008 1857 3046 praeceps
1877 2999 1972 3035 Anio
1987 3028 1997 3043 ,
2025 3013 2066 3035 ac
2089 2998 2352 3035 liburnilucus,

1371 3049 1411 3086 ln
1435 3049 1487 3085 bis
1510 3058 1631 3085 autem
1654 3049 1797 3085 Horatii
1820 3050 1958 3094 verbis,
1995 3050 2159 3092 Tiburni,
2186 3061 2261 3086 non
2284 3048 2407 3086 Tibur-

1374 3099 1423 3141 ti,
1455 3109 1494 3136 ut
1512 3112 1696 3147 perperam
1723 3101 1755 3136 in
1778 3100 1951 3148 impressis
1968 3101 2121 3149 legitur,
2148 3099 2284 3145 scripsi,
2312 3099 2411 3137 secu-

1374 3159 1430 3205 tus
1460 3152 1645 3198 optimum
1687 3149 1796 3199 atque
1819 3152 2104 3198 antiquissimum
2128 3149 2343 3187 Priscianum
2361 3151 2415 3194 bif

1374 3201 1579 3237 bliothecae
1607 3201 1809 3238 Vaticanae
1837 3214 1878 3238 ac
1907 3203 1999 3239 duos
2027 3202 2138 3244 alios,
2176 3212 2335 3249 quorum
2365 3200 2415 3237 al-

1375 3259 1494 3288 terum
1525 3251 1752 3289 duodecimo
1780 3252 1911 3289 abhinc
1937 3264 2037 3290 anno
2066 3254 2215 3289 Mureto
2234 3253 2337 3288 dono
2355 3250 2417 3288 de-

269 3302 353 3351 pios
378 3313 525 3352 poterat
553 3302 733 3353 speetafl'e.
761 3303 798 3343 id
830 3304 899 3349 est,
933 3303 1093 3343 necdum
1113 3304 1238 3342 aetatis
1259 3314 1323 3350 anf
1378 3302 1427 3341 cli:
1456 3302 1544 3343 alter
1573 3302 1622 3342 est
1648 3302 1754 3352 ipsius
1779 3303 1919 3343 Mureti
1941 3331 1954 3350 ,
1995 3303 2061 3353 qui
2087 3302 2246 3343 eundem
2275 3300 2420 3340 Horatii

2368 3350 2423 3397 102
