2483 3616
297 168 1532 268 MJETAMORPHOSEON
1604 213 1795 272 LIB.
1869 217 1964 278 IV,

2077 238 2176 288 255

329 304 550 364 Forma,
588 297 842 370 calorque
865 295 990 360 tibi,
1026 299 1335 375 radiataque
1358 303 1555 357 lumina
1578 303 1837 376 prosunt?-

327 376 536 443 Nempe
563 370 666 424 tuis
693 387 878 424 omnes
906 372 998 442 qui
1022 384 1187 427 terras
1212 374 1421 446 ignibus
1450 376 1586 440 uriS‚

201 465 295 517 1³95
332 445 513 500 Ureris
536 444 661 515 igne
686 460 859 496 novo:
901 444 1103 516 quique
1125 447 1302 500 omnia
1329 466 1551 504 cernere
1580 448 1777 513 debes;

331 518 690 572 Leucotheen
713 514 939 588 speffitas:
982 518 1032 570 ὅ(
1063 518 1269 590 virgine
1296 520 1412 592 figis
1437 522 1490 576 in
1515 524 1648 583 una,

334 594 488 661 Qios
517 588 723 643 mundo
752 588 944 653 debeS,
983 591 1182 646 oculos.
1222 594 1392 648 modo
1415 594 1580 666 surgis
1604 594 1743 649 Eoo

329 662 653 734 Temperius
677 663 860 716 coelo:
901 662 1069 716 modo
1093 663 1253 720 serius
1277 666 1467 721 incidis
1495 667 1682 731 undis;

335 735 730 808 Spestandique
753 736 906 794 mora
931 734 1191 792 brumales
1215 740 1443 811 porrigis
1469 741 1656 796 horas..

188 829 290 863 200
330 809 530 864 Deficis
555 807 852 863 interdum:
895 808 1192 882 vitiumque
1215 812 1270 865 in
1293 813 1488 868 lumina
1514 815 1708 868 mentis

335 881 579 942 Transit3
625 881 680 934 δε
705 880 955 935 obscurus
979 883 1220 937 mortalia
1244 884 1459 956 pestora
1489 901 1670 942 terres,

328 956 476 1018 Nee,
500 954 595 1009 tibi
621 953 767 1027 quod
794 953 983 1007 Lunae
1009 956 1161 1009 terris
1185 958 1449 1028 propioris
1472 960 1649 1030 imago

332 1028 641 1090 obstiterit,
677 1027 849 1098 palles,
886 1024 1010 1079 facit
1039 1025 1181 1082 hunc
1206 1047 1355 1084 amor
1379 1030 1473 1085 iste
1497 1034 1753 1089 colorem.

336 1101 527 1172 Diligis
553 1101 685 1154 hanc
715 1115 873 1152 unam
891 1116 902 1151 ε
920 1132 923 1135 ν
943 1115 1044 1152 1166
1069 1113 1122 1154 16
1148 1100 1507 1174 Clymeneve‚
1547 1105 1884 1174 Rhodosve,

190 1193 293 1244 205
331 1174 447 1228 Nec
472 1184 619 1227 tenet
643 1172 852 1224 Aeaeae
878 1173 1125 1240 genetrix
1146 1175 1501 1245 pulcherrima
1523 1178 1740 1244 CirceS,

336 1246 598 1318 Quaeque
624 1256 744 1298 tuos
769 1242 979 1316 Clytie,
1020 1248 1260 1318 quamvis
1289 1248 1566 1321 desptha,
1604 1253 1820 1323 petebat

35 1451 174 1502 periona
199 1449 278 1488 solis
300 1457 439 1498 equum
470 1443 541 1483 effe
562 1445 661 1483 dicit.
688 1446 737 1483 ita
763 1444 827 1483 vix
849 1445 988 1484 constat
1016 1446 1072 1484 in-

39 1511 92 1540 ter
113 1501 313 1539 fabularum
341 1498 540 1546 scriptores.
563 1496 692 1535 Euam.

96 1564 176 1601 193.
214 1559 338 1589 Forma
374 1549 524 1598 colorque
565 1548 692 1598 tibie]
731 1547 903 1597 Calorque
929 1547 1070 1596 primus

39 1603 229 1641 Mediceus
256 1603 293 1640 ὃ(
324 1600 493 1637 Noricus.
528 1598 631 1648 quod
682 1598 868 1648 sequentia
901 1598 1071 1636 videntur

41 1653 265 1692 confirmare.
284 1653 486 1689 Hmsms.

97 1704 176 1750 196.
203 1701 446 1750 Leucothea]
476 1701 566 1738 Non
593 1700 734 1738 variant
754 1700 790 1736 in
821 1699 894 1736 hoc
916 1699 1072 1737 nomine

39 1753 183 1792 codices
207 1783 218 1799 ‚
253 1765 343 1803 quos
375 1751 543 1789 Heinsius
575 1751 737 1800 inspexit.
770 1750 832 1787 sed
860 1750 1072 1787 Leucothoen

37 1805 246 1842 vocandum
278 1802 348 1841 effe
370 1802 448 1852 post
477 1803 565 1839 alios
596 1801 722 1839 docuit
753 1799 997 1838 Broulthufius
1026 1801 1071 1839 ad

38 1855 144 1904 P-rop.
176 1868 220 1892 11.
252 1868 313 1892 xx.
346 1867 390 1892 10
432 1853 654 1890 Munckerus
685 1860 810 1889 tamen
850 1851 895 1888 ad
922 1852 1066 1890 Anton.

39 1906 158 1944 Liber.
192 1918 270 1954 cap.
306 1918 360 1954 15.
391 1903 542 1941 diversas
574 1904 660 1940 facit
691 1901 913 1939 Leucotheam
938 1930 948 1946 ,
976 1915 1071 1952 quae

35 1967 138 1994 mox.
150 1968 240 1994 vers.
253 1968 332 2005 542.
360 1962 587 1992 memoratur
608 1953 652 1991 ab
668 1954 737 1990 hac
750 1952 934 1989 Leucothoe
948 1982 957 1996 ,
970 1965 989 1990 a
1003 1954 1071 1991 So-

35 2002 69 2045 le
90 2017 222 2044 amata.
249 2006 310 2043 sed
337 2005 473 2043 diversa
504 2004 654 2053 quidem
688 2004 756 2041 dea
787 2003 835 2040 est
858 2031 868 2047 ,
907 2003 1070 2051 ejusdem

35 2065 161 2095 tamen
197 2057 368 2094 nominis.
415 2057 453 2093 ὅ(
499 2055 636 2103 ubique
683 2054 778 2103 apud
817 2054 949 2090 Poe'tas
985 2061 1073 2092 Lete-

37 2106 152 2144 cethea
189 2107 248 2143 vel
280 2106 458 2142 Leucothee
498 2106 665 2142 meliores
698 2104 844 2142 codices
886 2105 1069 2144 exhibent.

35 2168 124 2194 n-am
146 2156 280 2193 dietam
302 2157 431 2193 volunt
451 2155 550 2203 quasi
573 2158 711 2195 Aetne->w
735 2156 826 2199 θέκυ,
854 2155 911 2191 vel
935 2166 954 2191 a
974 2161 1068 2191 Λευ-

35 2210 86 2253 κῷ
108 2207 211 2251 πεὲἱῳ
233 2207 295 2248 τῆς
321 2206 514 2251 Μεγάμέοε
530 2234 539 2250 ,
570 2207 607 2242 ὅ(
628 2218 648 2242 a
671 2207 785 2241 Θεῦσαι
810 2232 821 2248 ,
859 2205 874 2240 ὁ
903 2204 963 2246 ἐςῖ
986 2205 1069 2250 Σμι-

35 2259 122 2304 μεῖν.
148 2257 266 2294 Schol.
290 2257 447 2293 Homer.
475 2255 588 2304 Odys.
608 2257 650 2293 E.
674 2267 757 2304 334.
785 2255 883 2292 unde
915 2256 1009 2292 male
1031 2268 1068 2294 a-

35 2309 111 2358 pud
123 2307 298 2356 Virgil.in
314 2307 508 2343 Ceirivers.
525 2308 608 2355 396.
637 2305 821 2342 Leucothoe
838 2305 978 2353 legitur.
1008 2319 1068 2344 ce-

32 2368 154 2397 terum
177 2357 324 2394 tertiam
351 2356 571 2392 Leucotheam
602 2365 787 2393 memorat
820 2356 998 2393 Plutarch.
1021 2357 1067 2394 de

32 2407 241 2447 fluminibus
276 2407 313 2443 in
338 2405 488 2443 131161010
511 2434 521 2450 ,
556 2417 669 2454 quem
700 2407 785 2443 dicit
815 2406 885 2442 effe
925 2406 1067 2449 Εἰόλιος

33 2459 163 2510 (quod
193 2469 334 2495 nomen
367 2464 578 2505 corruptum
620 2457 736 2505 puto)
774 2456 839 2490 xx}
871 2457 1066 2499 Λευκσόέκς

34 2510 155 2548 παῖ-δα.
178 2509 283 2557 hujus
313 2519 403 2544 vero
427 2506 624 2543 Leztcotlsees
657 2508 694 2543 ὃ(
717 2505 807 2542 Solis
830 2504 921 2542 filius
943 2507 1067 2544 Ther-

30 2561 141 2598 sanon
174 2559 388 2606 Argonauta
414 2558 570 2605 Hygino
603 2556 732 2593 dicitur
763 2566 840 2602 cap.
878 2568 931 2601 14.
963 2557 1026 2605 qui
1045 2569 1066 2595 a

27 2611 104 2648 folo
127 2609 281 2658 Hygino
311 2608 405 2645 inter
435 2609 667 2655 Argonautas
695 2618 779 2643 cum
812 2615 1065 2655 memoretur,

25 2661 250 2699 Munckerus
288 2670 332 2696 ex
364 2670 442 2706 cap.
484 2658 563 2694 161.
618 2657 721 2694 11111111
764 2655 924 2697 eundem
957 2655 1027 2694 esse
1051 2686 1070 2703 ,.

29 2713 95 2761 qui
118 2711 349 2748 Philammon
379 2708 533 2752 dicitur,
561 2706 711 2744 credidit
735 2734 745 2750 ,
783 2719 896 2755 quem
931 2708 1064 2745 Noster

29 2761 88 2799 lib.
118 2774 170 2798 xx.
202 2772 287 2809 315.
322 2759 502 2806 Apollinis
542 2759 581 2795 ὅ(
624 2757 787 2795 Chiones
818 2757 932 2794 filium
963 2758 1062 2796 facit.

27 2823 122 2860 quae
145 2822 229 2848 cum
259 2809 344 2847 effer
375 2808 444 2845 filia
475 2808 712 2846 Daedalionis
735 2836 745 2851 ,
781 2808 944 2845 Luciferi
964 2808 1026 2845 filii
1049 2838 1060 2854 ,

26 2871 118 2910 puto
138 2861 176 2898 in
194 2861 349 2909 Hygino
377 2859 557 2896 mendum
590 2857 682 2902 effe,
711 2860 748 2896 &
777 2859 873 2895 hanc
902 2858 1062 2896 Philan]-

31 2921 144 2947 mona
172 2911 281 2958 longe
302 2909 481 2946 diversum
505 2907 574 2946 effe
595 2921 616 2945 a
639 2908 891 2946 Thersanone.
930 2908 990 2946 sed
1013 2909 1059 2946 de

29 2960 92 2996 illo
111 2959 157 2996 ad
171 2960 232 2996 lib.
251 2973 302 2996 xx.
320 2971 480 3008 agemus.
503 2959 610 3007 hujus
626 2971 715 2996 vero
738 2960 878 2996 fabulae
900 2958 945 2996 (16
959 2960 1060 2996 Leu-

33 3009 164 3046 cothea
192 3011 359 3047 meminit
379 3009 416 3046 8<
436 3009 601 3046 Valerius
617 3009 661 3047 ad
684 3009 860 3046 Rufinum
877 3037 887 3054 ,
900 3021 946 3047 ne
968 3022 1061 3047 uxo-

32 3070 111 3096 rem
135 3057 263 3103 ducat,
290 3061 350 3108 qui
368 3060 505 3097 libellus
527 3060 752 3107 Hieronymi
768 3060 901 3108 scriptis
915 3060 1061 3110 subjun-

32 3110 70 3158 gi
88 3107 190 3150 solet,
218 3118 256 3144 ut
276 3111 513 3146 adnotaverat
534 3109 715 3146 Heinsius.
741 3110 871 3147 Euam.

89 3157 169 3203 198.
201 3159 301 3194 Modo
312 3161 422 3208 surgis
444 3163 510 3195 E'o'o
537 3160 749 3208 Temporius‚
784 3159 890 3208 eya]
920 3160 1065 3198 Seneca¹

34 3207 79 3244 de
103 3207 192 3244 Solis
213 3219 338 3244 amore
352 3210 494 3253 ,multis
521 3209 654 3246 omiffis
678 3209 848 3256 versibus,
870 3211 919 3248 ita
939 3210 1060 3261 loqui-

28 3269 108 3295 tur:

182 3305 367 3355 Necsuum
386 3317 513 3356 tempus
536 3320 667 3346 tem-‘cre
689 3310 820 3352 nostes,
848 3305 851 3307 ¹

2021 1327 2187 1384 Con-2-

1279 1455 1327 1488 Et
1348 1450 1418 1488 dies
1439 1451 1540 1488 tardo
1563 1455 1733 1493 remeavit
1755 1466 1845 1493 ortu.

1125 1518 1270 1566 Quibus
1291 1520 1374 1558 sane
1397 1521 1514 1559 verbis
1532 1523 1676 1561 videtur
1694 1524 1740 1563 ad
1769 1525 1869 1562 hunc
1896 1523 2006 1562 nostri
2027 1524 2166 1562 Poetae

1125 1568 1253 1607 locum
1277 1570 1475 1620 respexisse.
1503 1574 1720 1612 ConANUS.
1758 1576 1802 1613 In
1832 1576 2007 1624 plerisque
2034 1575 2171 1623 scriptis

1128 1619 1200 1665 est,
1226 1623 1417 1672 temperius.
1454 1624 1492 1661 ὅ(
1522 1624 1570 1661 ita
1600 1626 1688 1662 olim
1719 1626 1864 1663 locutos
1894 1624 1965 1663 effe
1989 1654 1999 1670 ,
2043 1626 2168 1673 postea

1126 1673 1309 1721 temporius
1323 1702 1332 1718 ‚
1358 1672 1468 1711 docet
1491 1675 1680 1713 Manutius
1701 1676 1747 1714 ad
1771 1678 1889 1714 Cicer.
1900 1676 1960 1714 lib.
1982 1689 2033 1713 ix.
2055 1675 2166 1724 Epist.

1131 1722 1187 1759 16.
1216 1724 1254 1760 ὃ(
1274 1735 1319 1760 ex
1343 1735 1389 1761 eo
1417 1724 1580 1763 Taubm.
1603 1726 1647 1763 ad
1670 1727 1782 1765 Plaut.
1806 1726 1897 1764 Pers.
1920 1738 1954 1764 v.
1975 1739 2002 1764 1.
2031 1727 2089 1763 26.
2118 1725 2167 1763 sic·

1126 1784 1276 1822 quoque
1307 1775 1567 1824 antiquissimus
1588 1777 1707 1814 codex
1739 1778 1772 1814 S.
1807 1777 2019 1822 Germani,
2067 1776 2164 1825 apud

1126 1824 1324 1861 Columell.
1340 1825 1400 1862 lib.
1424 1838 1466 1863 11.
1491 1838 1567 1875 cap.
1594 1827 1650 1865 18.
1677 1842 1789 1865 omnes
1808 1828 1958 1877 lapides,
1985 1826 2074 1876 &fi
2093 1840 2164 1877 qua

1124 1874 1277 1923 objacent
1297 1875 1450 1922 falcibus
1473 1878 1601 1923 noxia,
1627 1878 1736 1927 colligi
1756 1892 1796 1915 ac
1828 1878 1957 1927 longius
1989 1878 2163 1927 exportari

1118 1925 1349 1976 sabmittique
1372 1936 1435 1976 pro
1456 1938 1588 1964 natura
1609 1928 1756 1966 locorum
1771 1958 1781 1975 ‚
1806 1939 1871 1966 aut
1893 1929 2086 1977 temperius,
2100 1939 2166 1964 aut

1116 1976 1240 2024 serius.
1264 1976 1314 2013 ita
1336 1977 1437 2014 enim
1467 1978 1664 2027 legendum
1681 2007 1691 2024 ‚
1719 1981 1766 2025 &⁴
1785 1992 1829 2017 ex
1853 1979 1989 2016 eodem
2013 1979 2166 2023 codice,

1116 2026 1270 2072 falcibus
1296 2028 1424 2072 noxia,
1458 2040 1526 2076 pro
1558 2029 1707 2079 vulgato
1737 2030 1882 2067 obnoxia
1914 2028 2165 2078 rescripsimus.

1125 2076 1269 2122 obnoxia
1281 2078 1380 2115 enim
1395 2078 1543 2117 falcibus
1553 2079 1781 2122 sunt,lierbae
1793 2091 1969 2128 eae‚quae
1979 2079 2087 2116 secari
2099 2079 2164 2116 de-

1124 2126 1235 2172 bent,
1263 2130 1389 2173 noxia,
1417 2141 1511 2178 quae
1541 2131 1660 2168 aciem
1694 2131 1793 2168 falcis
1821 2130 2030 2167 retundunt.
2067 2130 2163 2178 apud

1125 2178 1301 2216 eumdem
1330 2180 1443 2216 etiam
1474 2181 1534 2217 lib.
1556 2194 1645 2219 vm.
1670 2180 1727 2225 84.
1755 2180 1946 2230 Temperius
1966 2179 2064 2217 idem
2097 2192 2182 2216 1·οω-

1124 2228 1194 2265 dex
1225 2230 1344 2267 habet.
1380 2231 1493 2267 utitur
1517 2233 1555 2268 &
1586 2232 1731 2280 Apulej.
1762 2232 1920 2268 Metam.
1954 2230 2011 2267 lib.
2043 2242 2093 2266 tx.
2123 2232 2163 2268 ἃ

1122 2278 1297 2317 Palladius
1328 2281 1364 2317 in
1396 2281 1564 2318 Februar.
1591 2283 1646 2320 tit.
1680 2294 1757 2319 XXI.
1781 2279 1816 2331 st
1839 2281 1950 2330 rosam
1982 2280 2162 2330 temperius

1122 2327 1243 2366 habere
1264 2330 1423 2367 volueris.
1453 2332 1585 2369 Eum.

1178 2393 1258 2428 199.
1296 2382 1444 2430 Porrigis
1482 2382 1619 2433 horas.]
1658 2381 1803 2419 Umbras
1840 2380 1909 2419 sec.
1949 2379 2090 2419 Medic.
2120 2382 2161 2420 &

1121 2430 1306 2478 Neapolit.

1172 2492 1255 2521 203.
1283 2481 1395 2518 Palles
1409 2499 1418 2517 :
1439 2483 1535 2528 facit
1555 2482 1646 2519 hunc
1665 2496 1763 2518 amor
1785 2482 1847 2532 ipse
1866 2481 2043 2532 colorem]
2073 2483 2158 2520 Pal·-

1119 2529 1184 2566 lere
1205 2531 1350 2579 proprie
1371 2541 1563 2569 amantum
1585 2533 1643 2570 est.
1666 2546 1693 2569 1.
1716 2534 1795 2570 Art.
1819 2545 1905 2582 729.

1169 2591 1307 2627 Palleat
1329 2593 1438 2629 omnis
1459 2605 1584 2628 amans
1598 2620 1608 2636 ,
1621 2592 1663 2640 est
1684 2592 1739 2629 hic
1759 2592 1844 2628 color
1866 2602 1967 2641 aptus
1988 2593 2154 2631 amanti.-

1219 2649 1289 2678 Hoc
1309 2643 1399 2679 decet
1413 2643 1493 2688 ,hoc
1507 2643 1610 2679 multi
1623 2657 1691 2680 non
1712 2642 1854 2692 valuiffi’
1869 2652 2011 2693 putant.
2041 2645 2157 2682 Cxof.

1167 2716 1253 2755 203.
1281 2705 1384 2754 Ipse]
1415 2711 1529 2743 Amor
1552 2706 1607 2754 iste
1629 2719 1712 2743 curn
1738 2708 1959 2745 melioribus.
1992 2711 2131 2747 Hems,

1168 2767 1253 2802 204.
1279 2756 1449 2806 Rhodos.]
1478 2757 1593 2795 Insula
1613 2758 1661 2795 est
1692 2758 1832 2807 Lydae
1861 2759 2051 2808 adjacens,
2081 2760 2163 2797 Soli-

1116 2805 1210 2842 adeo
1231 2814 1330 2855 grata
1345 2834 1354 2851 ‚
1382 2815 1422 2844 ut
1452 2807 1593 2856 semper
1624 2809 1818 2857 (quamvis
1837 2809 2012 2847 nebuloso
2042 2812 2155 2859 a‘e're)

1116 2856 1234 2905 aliqua
1247 2856 1318 2894 diei
1328 2857 1419 2895 hora
1431 2859 1506 2907 ejus
1518 2858 1607 2896 raclii
1618 2859 1823 2903 videantur,
1832 2867 1872 2896 ut
1881 2859 1997 2897 scribit
2007 2861 2154 2898 Plinius.

1114 2907 1246 2943 Rhodos
1268 2916 1391 2944 autem
1416 2908 1490 2945 ἀπὸ
1509 2913 1571 2945 τοῦ
1594 2907 1726 2953 Ρόδευ,
1747 2911 1820 2947 hoc
1841 2910 1889 2947 est
1903 2939 1913 2955 ‚
1926 2909 1945 2946 a
1959 2910 2161 2959 rosa‚pro=-

1112 2965 1192 3005 pter
1210 2958 1518 3006 pulchritudinem
1551 2961 1606 3007 (ut
1628 2960 1777 3009 quidam
1800 2960 1970 2997 scribunti
1998 2962 2066 2997 suit
2087 2972 2152 3008 ap-

1112 3007 1252 3055 pellata.
1275 3009 1374 3045 Nam
1396 3010 1491 3057 prius
1515 3010 1551 3046 &
1581 3011 1747 3060 Ophioscz,
1770 3012 1808 3048 &
1829 3010 1849 3047 a
1871 3010 2057 3047 serenitate
2077 3015 2152 3045 Ae-

1114 3057 1230 3094 therea
1252 3060 1463 3097 vocabatur.
1484 3061 1598 3098 Diod.
1621 3073 1710 3098 vero
1731 3062 1780 3098 ait
1792 3062 1951 3098 Rhodon
1965 3060 2113 3096 insulam
2127 3058 2149 3097 {t

1115 3108 1254 3146 Rhodo
1274 3111 1392 3158 puella
1414 3111 1579 3159 Neptuni
1600 3111 1671 3148 filia
1687 3124 1731 3148 ex
1752 3111 1909 3160 quadam
1922 3109 2149 3146 Telchinum

1113 3158 1259 3204 sorore,
1287 3160 1350 3209 qui
1379 3161 1487 3209 primi
1517 3162 1668 3199 insulam
1691 3168 1886 3198 tenuerunt
1907 3187 1916 3202 ‚
1954 3158 2055 3195 fuiffe
2087 3171 2173 3207 ap-·

1114 3209 1296 3255 pellatam.
1325 3212 1487 3246 Rfioxus.
1514 3212 1603 3248 Non
1625 3211 1670 3248 de
1691 3212 1826 3247 Rhodo
1846 3208 1956 3244 insula
1980 3236 1990 3250 ‚
2015 3208 2074 3245 sed
2104 3209 2173 3246 de·

1116 3259 1254 3296 Rhodo
1276 3259 1393 3306 puella
1414 3268 1535 3298 amata
1556 3273 1575 3298 a
1598 3262 1680 3297 Sole
1704 3261 1818 3295 Poeta
1838 3258 2012 3307 intelligit.
2052 3259 2153 3296 Dio-

1116 3307 1224 3346 dorus
1255 3310 1292 3346 in
1322 3309 1423 3347 sexto
1449 3310 1597 3356 scribit,
1644 3310 1863 3357 Neptunum
1905 3320 1950 3347 ex
1989 3308 2171 3359 quadam«

2056 3361 2173 3399 Teis
