<?xml version="1.0" encoding="UTF-8"?>
<!DOCTYPE html PUBLIC "-//W3C//DTD XHTML 1.0 Transitional//EN"
    "http://www.w3.org/TR/xhtml1/DTD/xhtml1-transitional.dtd">
<html xmlns="http://www.w3.org/1999/xhtml" xml:lang="en" lang="en">
 <head>
  <title>
</title>
<meta http-equiv="Content-Type" content="text/html;charset=utf-8" />
  <meta name='ocr-system' content='tesseract 3.04.00' />
  <meta name='ocr-capabilities' content='ocr_page ocr_carea ocr_par ocr_line ocrx_word'/>
</head>
<body>
  <div class='ocr_page' id='page_1' title='image "./publiiovidiinaso02ovid_0027.png"; bbox 0 0 2483 3616; ppageno 0'>
   <div class='ocr_carea' id='block_1_1' title="bbox 473 156 2024 226">
    <p class='ocr_par' dir='ltr' id='par_1_1' title="bbox 473 156 2024 226">
     <span class='ocr_line' id='line_1_1' title="bbox 473 156 2024 226; baseline -0.001 -1"><span class='ocrx_word' id='word_1_1' title='bbox 473 156 1701 226; x_wconf 82' lang='lat' dir='ltr'>METAMORPHOSEON</span> <span class='ocrx_word' id='word_1_2' title='bbox 1772 162 1912 221; x_wconf 74' lang='lat' dir='ltr'><strong>L113&#39;.</strong></span> <span class='ocrx_word' id='word_1_3' title='bbox 1985 168 2024 224; x_wconf 94' lang='grc' dir='ltr'><strong>Ι.</strong></span> 
     </span>
    </p>
   </div>
   <div class='ocr_carea' id='block_1_2' title="bbox 2225 162 2286 238">
    <p class='ocr_par' dir='ltr' id='par_1_2' title="bbox 2225 162 2286 238">
     <span class='ocr_line' id='line_1_2' title="bbox 2225 162 2286 238; baseline 0 0"><span class='ocrx_word' id='word_1_4' title='bbox 2225 162 2286 238; x_wconf 63' lang='lat'><strong>17</strong></span> 
     </span>
    </p>
   </div>
   <div class='ocr_carea' id='block_1_3' title="bbox 333 261 2025 993">
    <p class='ocr_par' dir='ltr' id='par_1_3' title="bbox 447 261 1931 343">
     <span class='ocr_line' id='line_1_3' title="bbox 447 261 1931 343; baseline -0.001 -18"><span class='ocrx_word' id='word_1_5' title='bbox 447 271 689 343; x_wconf 88' lang='lat' dir='ltr'><strong>Quarum</strong></span> <span class='ocrx_word' id='word_1_6' title='bbox 713 282 849 339; x_wconf 90' lang='lat' dir='ltr'><strong>quae</strong></span> <span class='ocrx_word' id='word_1_7' title='bbox 873 262 1051 318; x_wconf 85' lang='lat' dir='ltr'><strong>media</strong></span> <span class='ocrx_word' id='word_1_8' title='bbox 1076 262 1179 326; x_wconf 87' lang='lat' dir='ltr'><strong>est,</strong></span> <span class='ocrx_word' id='word_1_9' title='bbox 1214 280 1326 317; x_wconf 92' lang='lat' dir='ltr'><strong>non</strong></span> <span class='ocrx_word' id='word_1_10' title='bbox 1352 261 1425 317; x_wconf 91' lang='lat' dir='ltr'><strong>est</strong></span> <span class='ocrx_word' id='word_1_11' title='bbox 1448 262 1740 318; x_wconf 86' lang='lat' dir='ltr'><strong>habitabilis</strong></span> <span class='ocrx_word' id='word_1_12' title='bbox 1764 266 1931 323; x_wconf 87' lang='lat' dir='ltr'><strong>aestu:</strong></span> 
     </span>
    </p>

    <p class='ocr_par' dir='ltr' id='par_1_4' title="bbox 338 334 2025 629">
     <span class='ocr_line' id='line_1_4' title="bbox 338 334 2025 416; baseline -0.002 -16"><span class='ocrx_word' id='word_1_13' title='bbox 338 362 407 416; x_wconf 84' lang='lat'><strong>50</strong></span> <span class='ocrx_word' id='word_1_14' title='bbox 442 344 553 398; x_wconf 81' lang='lat' dir='ltr'><strong>Nix</strong></span> <span class='ocrx_word' id='word_1_15' title='bbox 575 340 709 412; x_wconf 88' lang='lat' dir='ltr'><strong>tegit</strong></span> <span class='ocrx_word' id='word_1_16' title='bbox 732 339 833 392; x_wconf 84' lang='lat' dir='ltr'><strong>alta</strong></span> <span class='ocrx_word' id='word_1_17' title='bbox 855 336 1011 390; x_wconf 84' lang='lat' dir='ltr'><strong>duas:</strong></span> <span class='ocrx_word' id='word_1_18' title='bbox 1051 334 1285 390; x_wconf 83' lang='lat' dir='ltr'><strong>totidem</strong></span> <span class='ocrx_word' id='word_1_19' title='bbox 1321 336 1461 390; x_wconf 87' lang='lat' dir='ltr'><strong>inter</strong></span> <span class='ocrx_word' id='word_1_20' title='bbox 1484 349 1774 411; x_wconf 91' lang='lat' dir='ltr'><strong>utrumque</strong></span> <span class='ocrx_word' id='word_1_21' title='bbox 1799 339 2025 406; x_wconf 79' lang='lat' dir='ltr'><strong>locavit3</strong></span> 
     </span>
     <span class='ocr_line' id='line_1_5' title="bbox 441 407 1949 486; baseline -0.001 -16"><span class='ocrx_word' id='word_1_22' title='bbox 441 412 900 486; x_wconf 89' lang='lat' dir='ltr'><strong>Temperiemque</strong></span> <span class='ocrx_word' id='word_1_23' title='bbox 925 408 1106 471; x_wconf 82' lang='lat' dir='ltr'>dedit,</span> <span class='ocrx_word' id='word_1_24' title='bbox 1143 408 1312 463; x_wconf 67' lang='lat' dir='ltr'><strong>mixta</strong></span> <span class='ocrx_word' id='word_1_25' title='bbox 1336 425 1462 462; x_wconf 90' lang='lat' dir='ltr'><strong>cum</strong></span> <span class='ocrx_word' id='word_1_26' title='bbox 1488 407 1691 480; x_wconf 82' lang='lat' dir='ltr'>frigore</span> <span class='ocrx_word' id='word_1_27' title='bbox 1717 409 1949 469; x_wconf 64' lang='lat' dir='ltr'><strong>flamma.</strong></span> 
     </span>
     <span class='ocr_line' id='line_1_6' title="bbox 441 479 1884 554; baseline -0.003 -12"><span class='ocrx_word' id='word_1_28' title='bbox 441 487 688 541; x_wconf 85' lang='lat' dir='ltr'><strong>Imminet</strong></span> <span class='ocrx_word' id='word_1_29' title='bbox 714 483 793 537; x_wconf 89' lang='lat' dir='ltr'><strong>his</strong></span> <span class='ocrx_word' id='word_1_30' title='bbox 816 486 919 536; x_wconf 81' lang='lat' dir='ltr'><strong>aer.</strong></span> <span class='ocrx_word' id='word_1_31' title='bbox 958 480 1079 554; x_wconf 86' lang='lat' dir='ltr'><strong>qui,</strong></span> <span class='ocrx_word' id='word_1_32' title='bbox 1117 492 1318 552; x_wconf 90' lang='lat' dir='ltr'><strong>quanto</strong></span> <span class='ocrx_word' id='word_1_33' title='bbox 1345 479 1419 533; x_wconf 91' lang='lat' dir='ltr'><strong>est</strong></span> <span class='ocrx_word' id='word_1_34' title='bbox 1443 482 1686 552; x_wconf 91' lang='lat' dir='ltr'><strong>pondere</strong></span> <span class='ocrx_word' id='word_1_35' title='bbox 1711 495 1884 539; x_wconf 90' lang='lat' dir='ltr'><strong>terrae</strong></span> 
     </span>
     <span class='ocr_line' id='line_1_7' title="bbox 428 551 1800 629; baseline -0.004 -14"><span class='ocrx_word' id='word_1_36' title='bbox 428 558 650 615; x_wconf 89' lang='lat' dir='ltr'><strong>Pondus</strong></span> <span class='ocrx_word' id='word_1_37' title='bbox 673 573 842 629; x_wconf 87' lang='lat' dir='ltr'><strong>aquae</strong></span> <span class='ocrx_word' id='word_1_38' title='bbox 865 553 1056 617; x_wconf 85' lang='lat' dir='ltr'><strong>leviuS‚</strong></span> <span class='ocrx_word' id='word_1_39' title='bbox 1093 564 1244 606; x_wconf 85' lang='lat' dir='ltr'><strong>tanto</strong></span> <span class='ocrx_word' id='word_1_40' title='bbox 1267 551 1339 606; x_wconf 89' lang='lat' dir='ltr'><strong>est</strong></span> <span class='ocrx_word' id='word_1_41' title='bbox 1364 553 1638 610; x_wconf 77' lang='lat' dir='ltr'>onerosior</span> <span class='ocrx_word' id='word_1_42' title='bbox 1672 556 1800 627; x_wconf 79' lang='lat' dir='ltr'><strong>igni.</strong></span> 
     </span>
    </p>

    <p class='ocr_par' dir='ltr' id='par_1_5' title="bbox 333 624 1997 993">
     <span class='ocr_line' id='line_1_8' title="bbox 438 624 1539 690; baseline -0.005 -3"><span class='ocrx_word' id='word_1_43' title='bbox 438 632 548 687; x_wconf 89' lang='lat' dir='ltr'><strong>Illic</strong></span> <span class='ocrx_word' id='word_1_44' title='bbox 573 632 629 685; x_wconf 86' lang='lat'>&amp;</span> <span class='ocrx_word' id='word_1_45' title='bbox 653 628 896 690; x_wconf 80' lang='lat' dir='ltr'><strong>nebulaS,</strong></span> <span class='ocrx_word' id='word_1_46' title='bbox 933 625 1038 680; x_wconf 90' lang='lat' dir='ltr'><strong>illic</strong></span> <span class='ocrx_word' id='word_1_47' title='bbox 1065 624 1346 679; x_wconf 82' lang='lat' dir='ltr'><strong>consistere</strong></span> <span class='ocrx_word' id='word_1_48' title='bbox 1372 625 1539 681; x_wconf 89' lang='lat' dir='ltr'><strong>nubes</strong></span> 
     </span>
     <span class='ocr_line' id='line_1_9' title="bbox 333 699 1750 776; baseline -0.004 -16"><span class='ocrx_word' id='word_1_49' title='bbox 333 723 399 775; x_wconf 83' lang='lat'><strong>55</strong></span> <span class='ocrx_word' id='word_1_50' title='bbox 431 704 612 776; x_wconf 83' lang='lat' dir='ltr'><strong>Juffit,</strong></span> <span class='ocrx_word' id='word_1_51' title='bbox 653 701 981 757; x_wconf 79' lang='lat' dir='ltr'><strong>&amp;humanas</strong></span> <span class='ocrx_word' id='word_1_52' title='bbox 1016 711 1228 752; x_wconf 84' lang='lat' dir='ltr'><strong>motura</strong></span> <span class='ocrx_word' id='word_1_53' title='bbox 1251 699 1488 753; x_wconf 88' lang='lat' dir='ltr'><strong>tonitrua</strong></span> <span class='ocrx_word' id='word_1_54' title='bbox 1513 712 1750 764; x_wconf 74' lang='lat' dir='ltr'><strong>mente8‚</strong></span> 
     </span>
     <span class='ocr_line' id='line_1_10' title="bbox 440 770 1722 841; baseline -0.005 -8"><span class='ocrx_word' id='word_1_55' title='bbox 440 777 514 833; x_wconf 82' lang='lat' dir='ltr'><strong>Et</strong></span> <span class='ocrx_word' id='word_1_56' title='bbox 539 794 665 832; x_wconf 89' lang='lat' dir='ltr'><strong>cum</strong></span> <span class='ocrx_word' id='word_1_57' title='bbox 687 771 989 828; x_wconf 82' lang='lat' dir='ltr'><strong>fulminibus</strong></span> <span class='ocrx_word' id='word_1_58' title='bbox 1014 770 1267 825; x_wconf 85' lang='lat' dir='ltr'><strong>facientes</strong></span> <span class='ocrx_word' id='word_1_59' title='bbox 1294 770 1491 841; x_wconf 79' lang='lat' dir='ltr'><strong>frigora</strong></span> <span class='ocrx_word' id='word_1_60' title='bbox 1517 789 1722 828; x_wconf 82' lang='lat' dir='ltr'><strong>ventos,</strong></span> 
     </span>
     <span class='ocr_line' id='line_1_11' title="bbox 438 841 1997 922; baseline 0 -18"><span class='ocrx_word' id='word_1_61' title='bbox 438 849 547 905; x_wconf 87' lang='lat' dir='ltr'><strong>His</strong></span> <span class='ocrx_word' id='word_1_62' title='bbox 571 864 792 922; x_wconf 86' lang='lat' dir='ltr'><strong>quoque</strong></span> <span class='ocrx_word' id='word_1_63' title='bbox 816 861 927 899; x_wconf 91' lang='lat' dir='ltr'><strong>non</strong></span> <span class='ocrx_word' id='word_1_64' title='bbox 949 841 1134 914; x_wconf 84' lang='lat' dir='ltr'><strong>paffim</strong></span> <span class='ocrx_word' id='word_1_65' title='bbox 1156 842 1345 895; x_wconf 86' lang='lat' dir='ltr'><strong>mundi</strong></span> <span class='ocrx_word' id='word_1_66' title='bbox 1379 843 1663 900; x_wconf 87' lang='lat' dir='ltr'><strong>fabricator</strong></span> <span class='ocrx_word' id='word_1_67' title='bbox 1689 846 1997 904; x_wconf 87' lang='lat' dir='ltr'><strong>habendum</strong></span> 
     </span>
     <span class='ocr_line' id='line_1_12' title="bbox 440 913 1601 993; baseline -0.006 -16"><span class='ocrx_word' id='word_1_68' title='bbox 440 923 586 977; x_wconf 80' lang='lat' dir='ltr'><strong>Aera</strong></span> <span class='ocrx_word' id='word_1_69' title='bbox 607 917 857 993; x_wconf 72' lang='lat' dir='ltr'><strong>permisit.</strong></span> <span class='ocrx_word' id='word_1_70' title='bbox 896 915 989 972; x_wconf 82' lang='lat' dir='ltr'><strong>vix</strong></span> <span class='ocrx_word' id='word_1_71' title='bbox 1010 931 1153 969; x_wconf 82' lang='lat' dir='ltr'><strong>nunc</strong></span> <span class='ocrx_word' id='word_1_72' title='bbox 1188 913 1449 969; x_wconf 80' lang='lat' dir='ltr'><strong>obsistitur</strong></span> <span class='ocrx_word' id='word_1_73' title='bbox 1472 915 1601 979; x_wconf 78' lang='lat' dir='ltr'><strong>illis,</strong></span> 
     </span>
    </p>
   </div>
   <div class='ocr_carea' id='block_1_4' title="bbox 141 1126 1183 1536">
    <p class='ocr_par' dir='ltr' id='par_1_6' title="bbox 141 1126 1183 1536">
     <span class='ocr_line' id='line_1_13' title="bbox 148 1126 1183 1187; baseline -0.006 -13"><span class='ocrx_word' id='word_1_74' title='bbox 148 1135 344 1186; x_wconf 80' lang='lat' dir='ltr'><strong>regionum</strong></span> <span class='ocrx_word' id='word_1_75' title='bbox 365 1133 576 1185; x_wconf 79' lang='lat' dir='ltr'><strong>qualitatem</strong></span> <span class='ocrx_word' id='word_1_76' title='bbox 598 1126 883 1173; x_wconf 78' lang='lat' dir='ltr'><strong>discernendam.</strong></span> <span class='ocrx_word' id='word_1_77' title='bbox 911 1140 999 1170; x_wconf 89' lang='lat' dir='ltr'><strong>nam</strong></span> <span class='ocrx_word' id='word_1_78' title='bbox 1021 1141 1116 1187; x_wconf 88' lang='lat' dir='ltr'><strong>quae</strong></span> <span class='ocrx_word' id='word_1_79' title='bbox 1126 1129 1183 1168; x_wconf 91' lang='lat' dir='ltr'><strong>in-</strong></span> 
     </span>
     <span class='ocr_line' id='line_1_14' title="bbox 146 1181 1182 1236; baseline -0.007 -12"><span class='ocrx_word' id='word_1_80' title='bbox 146 1193 202 1224; x_wconf 69' lang='lat' dir='ltr'><strong>ter</strong></span> <span class='ocrx_word' id='word_1_81' title='bbox 223 1187 408 1236; x_wconf 90' lang='lat' dir='ltr'><strong>Tropicos</strong></span> <span class='ocrx_word' id='word_1_82' title='bbox 422 1187 521 1234; x_wconf 88' lang='lat' dir='ltr'><strong>jacet</strong></span> <span class='ocrx_word' id='word_1_83' title='bbox 540 1198 635 1223; x_wconf 89' lang='lat' dir='ltr'><strong>zona</strong></span> <span class='ocrx_word' id='word_1_84' title='bbox 657 1212 669 1230; x_wconf 88' lang='lat'>‚</span> <span class='ocrx_word' id='word_1_85' title='bbox 717 1195 833 1233; x_wconf 91' lang='lat' dir='ltr'><strong>quum</strong></span> <span class='ocrx_word' id='word_1_86' title='bbox 863 1181 915 1220; x_wconf 86' lang='lat' dir='ltr'><strong>sol</strong></span> <span class='ocrx_word' id='word_1_87' title='bbox 945 1193 1009 1219; x_wconf 89' lang='lat' dir='ltr'><strong>eos</strong></span> <span class='ocrx_word' id='word_1_88' title='bbox 1029 1181 1182 1219; x_wconf 80' lang='lat' dir='ltr'><strong>circulos</strong></span> 
     </span>
     <span class='ocr_line' id='line_1_15' title="bbox 147 1231 1182 1286; baseline -0.005 -11"><span class='ocrx_word' id='word_1_89' title='bbox 147 1248 229 1275; x_wconf 89' lang='lat' dir='ltr'><strong>non</strong></span> <span class='ocrx_word' id='word_1_90' title='bbox 251 1233 476 1286; x_wconf 80' lang='lat' dir='ltr'><strong>egrediatur,</strong></span> <span class='ocrx_word' id='word_1_91' title='bbox 509 1235 644 1274; x_wconf 87' lang='lat' dir='ltr'><strong>torrida</strong></span> <span class='ocrx_word' id='word_1_92' title='bbox 665 1241 840 1272; x_wconf 84' lang='lat' dir='ltr'><strong>vocatur:</strong></span> <span class='ocrx_word' id='word_1_93' title='bbox 880 1240 1066 1270; x_wconf 83' lang='lat' dir='ltr'><strong>extremae</strong></span> <span class='ocrx_word' id='word_1_94' title='bbox 1088 1231 1182 1270; x_wconf 83' lang='lat' dir='ltr'><strong>duae</strong></span> 
     </span>
     <span class='ocr_line' id='line_1_16' title="bbox 143 1282 1177 1336; baseline -0.005 -12"><span class='ocrx_word' id='word_1_95' title='bbox 143 1287 318 1336; x_wconf 78' lang='lat' dir='ltr'><strong>frigidae,</strong></span> <span class='ocrx_word' id='word_1_96' title='bbox 343 1294 460 1336; x_wconf 86' lang='lat' dir='ltr'><strong>quum</strong></span> <span class='ocrx_word' id='word_1_97' title='bbox 482 1297 503 1323; x_wconf 89' lang='lat' dir='ltr'><strong>a</strong></span> <span class='ocrx_word' id='word_1_98' title='bbox 521 1286 594 1323; x_wconf 91' lang='lat' dir='ltr'><strong>sole</strong></span> <span class='ocrx_word' id='word_1_99' title='bbox 614 1284 818 1334; x_wconf 86' lang='lat' dir='ltr'><strong>longiffime</strong></span> <span class='ocrx_word' id='word_1_100' title='bbox 839 1282 972 1320; x_wconf 85' lang='lat' dir='ltr'><strong>abfint:</strong></span> <span class='ocrx_word' id='word_1_101' title='bbox 996 1282 1154 1333; x_wconf 89' lang='lat' dir='ltr'><strong>denique</strong></span> <span class='ocrx_word' id='word_1_102' title='bbox 1165 1298 1177 1326; x_wconf 84' lang='lat'>;</span> 
     </span>
     <span class='ocr_line' id='line_1_17' title="bbox 145 1332 1180 1386; baseline -0.003 -12"><span class='ocrx_word' id='word_1_103' title='bbox 145 1336 240 1374; x_wconf 89' lang='lat' dir='ltr'><strong>duae</strong></span> <span class='ocrx_word' id='word_1_104' title='bbox 260 1336 418 1386; x_wconf 84' lang='lat' dir='ltr'><strong>reliquae</strong></span> <span class='ocrx_word' id='word_1_105' title='bbox 437 1344 660 1385; x_wconf 78' lang='lat' dir='ltr'><strong>temperatae</strong></span> <span class='ocrx_word' id='word_1_106' title='bbox 673 1365 684 1381; x_wconf 92' lang='lat'>,</span> <span class='ocrx_word' id='word_1_107' title='bbox 708 1334 817 1372; x_wconf 83' lang='lat' dir='ltr'><strong>altera</strong></span> <span class='ocrx_word' id='word_1_108' title='bbox 838 1332 1072 1382; x_wconf 88' lang='lat' dir='ltr'><strong>Antipodum</strong></span> <span class='ocrx_word' id='word_1_109' title='bbox 1085 1361 1096 1377; x_wconf 88' lang='lat'><strong>,</strong></span> <span class='ocrx_word' id='word_1_110' title='bbox 1135 1333 1180 1371; x_wconf 87' lang='lat' dir='ltr'><strong>ad</strong></span> 
     </span>
     <span class='ocr_line' id='line_1_18' title="bbox 142 1383 1176 1439; baseline -0.005 -14"><span class='ocrx_word' id='word_1_111' title='bbox 142 1397 257 1435; x_wconf 85' lang='lat' dir='ltr'><strong>quam</strong></span> <span class='ocrx_word' id='word_1_112' title='bbox 277 1385 391 1425; x_wconf 88' lang='lat' dir='ltr'><strong>hodie</strong></span> <span class='ocrx_word' id='word_1_113' title='bbox 412 1398 457 1425; x_wconf 85' lang='lat' dir='ltr'><strong>ex</strong></span> <span class='ocrx_word' id='word_1_114' title='bbox 479 1385 664 1424; x_wconf 87' lang='lat' dir='ltr'><strong>Lufitania</strong></span> <span class='ocrx_word' id='word_1_115' title='bbox 695 1386 864 1434; x_wconf 85' lang='lat' dir='ltr'><strong>frequens</strong></span> <span class='ocrx_word' id='word_1_116' title='bbox 887 1383 935 1420; x_wconf 90' lang='lat' dir='ltr'><strong>est</strong></span> <span class='ocrx_word' id='word_1_117' title='bbox 966 1383 1176 1439; x_wconf 72' lang='lat' dir='ltr'><strong>nayigatio,</strong></span> 
     </span>
     <span class='ocr_line' id='line_1_19' title="bbox 143 1435 1177 1483; baseline -0.002 -9"><span class='ocrx_word' id='word_1_118' title='bbox 143 1436 284 1482; x_wconf 79' lang='lat' dir='ltr'><strong>etiamst</strong></span> <span class='ocrx_word' id='word_1_119' title='bbox 314 1445 454 1475; x_wconf 88' lang='lat' dir='ltr'><strong>veteres</strong></span> <span class='ocrx_word' id='word_1_120' title='bbox 504 1449 636 1475; x_wconf 88' lang='lat' dir='ltr'><strong>omnes</strong></span> <span class='ocrx_word' id='word_1_121' title='bbox 677 1435 723 1473; x_wconf 89' lang='lat' dir='ltr'><strong>ad</strong></span> <span class='ocrx_word' id='word_1_122' title='bbox 764 1446 847 1472; x_wconf 86' lang='lat' dir='ltr'><strong>eam</strong></span> <span class='ocrx_word' id='word_1_123' title='bbox 879 1445 1060 1483; x_wconf 82' lang='lat' dir='ltr'><strong>perveniri</strong></span> <span class='ocrx_word' id='word_1_124' title='bbox 1098 1446 1177 1472; x_wconf 88' lang='lat' dir='ltr'><strong>non</strong></span> 
     </span>
     <span class='ocr_line' id='line_1_20' title="bbox 141 1483 1177 1536; baseline -0.001 -12"><span class='ocrx_word' id='word_1_125' title='bbox 141 1485 243 1535; x_wconf 82' lang='lat' dir='ltr'><strong>posse</strong></span> <span class='ocrx_word' id='word_1_126' title='bbox 256 1515 267 1532; x_wconf 93' lang='lat'>,</span> <span class='ocrx_word' id='word_1_127' title='bbox 293 1495 441 1536; x_wconf 84' lang='lat' dir='ltr'><strong>propter</strong></span> <span class='ocrx_word' id='word_1_128' title='bbox 459 1487 633 1525; x_wconf 88' lang='lat' dir='ltr'><strong>torridam</strong></span> <span class='ocrx_word' id='word_1_129' title='bbox 654 1484 902 1534; x_wconf 83' lang='lat' dir='ltr'><strong>interpofitam</strong></span> <span class='ocrx_word' id='word_1_130' title='bbox 918 1513 928 1528; x_wconf 93' lang='lat'>,</span> <span class='ocrx_word' id='word_1_131' title='bbox 953 1483 1177 1523; x_wconf 83' lang='lat' dir='ltr'><strong>tradiderint.</strong></span> 
     </span>
    </p>
   </div>
   <div class='ocr_carea' id='block_1_5' title="bbox 140 1535 1177 1643">
    <p class='ocr_par' dir='ltr' id='par_1_7' title="bbox 140 1535 1177 1643">
     <span class='ocr_line' id='line_1_21' title="bbox 140 1535 1177 1588; baseline -0.004 -13"><span class='ocrx_word' id='word_1_132' title='bbox 140 1537 252 1586; x_wconf 85' lang='lat' dir='ltr'><strong>porro</strong></span> <span class='ocrx_word' id='word_1_133' title='bbox 274 1537 594 1588; x_wconf 88' lang='lat' dir='ltr'><strong>quemadmodum</strong></span> <span class='ocrx_word' id='word_1_134' title='bbox 623 1537 662 1575; x_wconf 89' lang='lat' dir='ltr'><strong>in</strong></span> <span class='ocrx_word' id='word_1_135' title='bbox 694 1536 801 1574; x_wconf 81' lang='lat' dir='ltr'><strong>coelo</strong></span> <span class='ocrx_word' id='word_1_136' title='bbox 824 1543 999 1584; x_wconf 86' lang='lat' dir='ltr'><strong>aequator</strong></span> <span class='ocrx_word' id='word_1_137' title='bbox 1020 1535 1069 1572; x_wconf 88' lang='lat' dir='ltr'><strong>est</strong></span> <span class='ocrx_word' id='word_1_138' title='bbox 1100 1535 1177 1572; x_wconf 81' lang='lat' dir='ltr'><strong>alii-</strong></span> 
     </span>
     <span class='ocr_line' id='line_1_22' title="bbox 140 1584 1175 1643; baseline -0.003 -18"><span class='ocrx_word' id='word_1_139' title='bbox 140 1599 214 1643; x_wconf 82' lang='lat' dir='ltr'><strong>que</strong></span> <span class='ocrx_word' id='word_1_140' title='bbox 246 1588 399 1625; x_wconf 88' lang='lat' dir='ltr'><strong>circuli:</strong></span> <span class='ocrx_word' id='word_1_141' title='bbox 438 1588 488 1625; x_wconf 83' lang='lat' dir='ltr'><strong>ita</strong></span> <span class='ocrx_word' id='word_1_142' title='bbox 519 1588 630 1625; x_wconf 84' lang='lat' dir='ltr'><strong>etiam</strong></span> <span class='ocrx_word' id='word_1_143' title='bbox 661 1588 700 1624; x_wconf 91' lang='lat' dir='ltr'><strong>in</strong></span> <span class='ocrx_word' id='word_1_144' title='bbox 731 1594 824 1623; x_wconf 87' lang='lat' dir='ltr'><strong>terra</strong></span> <span class='ocrx_word' id='word_1_145' title='bbox 855 1584 1088 1633; x_wconf 77' lang='lat' dir='ltr'><strong>intelligendi.</strong></span> <span class='ocrx_word' id='word_1_146' title='bbox 1125 1586 1175 1623; x_wconf 92' lang='lat' dir='ltr'><strong>est</strong></span> 
     </span>
    </p>
   </div>
   <div class='ocr_carea' id='block_1_6' title="bbox 132 1634 1175 2191">
    <p class='ocr_par' dir='ltr' id='par_1_8' title="bbox 132 1634 1175 2079">
     <span class='ocr_line' id='line_1_23' title="bbox 141 1634 1175 1686; baseline -0.002 -11"><span class='ocrx_word' id='word_1_147' title='bbox 141 1649 243 1675; x_wconf 84' lang='lat' dir='ltr'><strong>enim</strong></span> <span class='ocrx_word' id='word_1_148' title='bbox 273 1646 388 1682; x_wconf 90' lang='lat' dir='ltr'><strong>terra,</strong></span> <span class='ocrx_word' id='word_1_149' title='bbox 424 1649 519 1686; x_wconf 86' lang='lat' dir='ltr'><strong>quae</strong></span> <span class='ocrx_word' id='word_1_150' title='bbox 548 1636 704 1685; x_wconf 67' lang='lat' dir='ltr'><strong>subjezsta</strong></span> <span class='ocrx_word' id='word_1_151' title='bbox 737 1636 785 1672; x_wconf 91' lang='lat' dir='ltr'><strong>est</strong></span> <span class='ocrx_word' id='word_1_152' title='bbox 806 1634 1085 1684; x_wconf 56' lang='lat' dir='ltr'><strong>aequinocti-am</strong></span> <span class='ocrx_word' id='word_1_153' title='bbox 1125 1636 1175 1673; x_wconf 86' lang='lat' dir='ltr'><strong>est</strong></span> 
     </span>
     <span class='ocr_line' id='line_1_24' title="bbox 139 1684 1175 1737; baseline -0.002 -12"><span class='ocrx_word' id='word_1_154' title='bbox 139 1688 230 1725; x_wconf 90' lang='lat' dir='ltr'><strong>item</strong></span> <span class='ocrx_word' id='word_1_155' title='bbox 244 1716 254 1733; x_wconf 89' lang='lat'><em>,</em></span> <span class='ocrx_word' id='word_1_156' title='bbox 281 1699 374 1737; x_wconf 83' lang='lat' dir='ltr'><strong>quae</strong></span> <span class='ocrx_word' id='word_1_157' title='bbox 393 1687 549 1736; x_wconf 60' lang='lat' dir='ltr'><strong>subjedia</strong></span> <span class='ocrx_word' id='word_1_158' title='bbox 571 1685 742 1734; x_wconf 85' lang='lat' dir='ltr'><strong>Tropicis</strong></span> <span class='ocrx_word' id='word_1_159' title='bbox 763 1700 774 1729; x_wconf 88' lang='lat'>;</span> <span class='ocrx_word' id='word_1_160' title='bbox 814 1684 972 1735; x_wconf 86' lang='lat' dir='ltr'><strong>denique</strong></span> <span class='ocrx_word' id='word_1_161' title='bbox 994 1696 1088 1734; x_wconf 86' lang='lat' dir='ltr'><strong>quae</strong></span> <span class='ocrx_word' id='word_1_162' title='bbox 1110 1697 1175 1723; x_wconf 84' lang='lat' dir='ltr'><strong>ex·-</strong></span> 
     </span>
     <span class='ocr_line' id='line_1_25' title="bbox 137 1734 1173 1786; baseline -0.002 -11"><span class='ocrx_word' id='word_1_163' title='bbox 137 1738 263 1776; x_wconf 88' lang='lat' dir='ltr'><strong>tremis</strong></span> <span class='ocrx_word' id='word_1_164' title='bbox 284 1738 443 1775; x_wconf 87' lang='lat' dir='ltr'><strong>circulis:</strong></span> <span class='ocrx_word' id='word_1_165' title='bbox 479 1738 530 1775; x_wconf 86' lang='lat' dir='ltr'><strong>ita</strong></span> <span class='ocrx_word' id='word_1_166' title='bbox 550 1749 617 1786; x_wconf 91' lang='lat' dir='ltr'><strong>pro</strong></span> <span class='ocrx_word' id='word_1_167' title='bbox 637 1736 697 1773; x_wconf 87' lang='lat' dir='ltr'><strong>sua</strong></span> <span class='ocrx_word' id='word_1_168' title='bbox 717 1735 889 1784; x_wconf 88' lang='lat' dir='ltr'><strong>portione</strong></span> <span class='ocrx_word' id='word_1_169' title='bbox 920 1734 965 1772; x_wconf 92' lang='lat' dir='ltr'><strong>de</strong></span> <span class='ocrx_word' id='word_1_170' title='bbox 985 1736 1086 1773; x_wconf 87' lang='lat' dir='ltr'><strong>zonis</strong></span> <span class='ocrx_word' id='word_1_171' title='bbox 1109 1747 1173 1773; x_wconf 86' lang='lat' dir='ltr'><strong>co-</strong></span> 
     </span>
     <span class='ocr_line' id='line_1_26' title="bbox 134 1785 1173 1838; baseline -0.001 -13"><span class='ocrx_word' id='word_1_172' title='bbox 134 1788 340 1838; x_wconf 83' lang='lat' dir='ltr'><strong>gitandum.</strong></span> <span class='ocrx_word' id='word_1_173' title='bbox 365 1787 469 1838; x_wconf 83' lang='lat' dir='ltr'><strong>quod</strong></span> <span class='ocrx_word' id='word_1_174' title='bbox 488 1799 603 1825; x_wconf 91' lang='lat' dir='ltr'><strong>nemo</strong></span> <span class='ocrx_word' id='word_1_175' title='bbox 625 1785 830 1836; x_wconf 67' lang='lat' dir='ltr'><strong>exquilinus</strong></span> <span class='ocrx_word' id='word_1_176' title='bbox 846 1813 856 1829; x_wconf 90' lang='lat'>,</span> <span class='ocrx_word' id='word_1_177' title='bbox 891 1796 1005 1823; x_wconf 89' lang='lat' dir='ltr'><strong>nemo</strong></span> <span class='ocrx_word' id='word_1_178' title='bbox 1028 1785 1173 1824; x_wconf 88' lang='lat' dir='ltr'><strong>brevio-</strong></span> 
     </span>
     <span class='ocr_line' id='line_1_27' title="bbox 135 1835 1172 1885; baseline -0.001 -9"><span class='ocrx_word' id='word_1_179' title='bbox 135 1839 232 1876; x_wconf 80' lang='lat' dir='ltr'><strong>ribus</strong></span> <span class='ocrx_word' id='word_1_180' title='bbox 252 1838 368 1876; x_wconf 86' lang='lat' dir='ltr'><strong>verbis</strong></span> <span class='ocrx_word' id='word_1_181' title='bbox 391 1867 401 1883; x_wconf 95' lang='lat'>,</span> <span class='ocrx_word' id='word_1_182' title='bbox 427 1849 541 1876; x_wconf 90' lang='lat' dir='ltr'><strong>nemo</strong></span> <span class='ocrx_word' id='word_1_183' title='bbox 564 1837 706 1876; x_wconf 72' lang='lat' dir='ltr'><strong>doffius</strong></span> <span class='ocrx_word' id='word_1_184' title='bbox 724 1837 799 1874; x_wconf 90' lang='lat' dir='ltr'><strong>hoc</strong></span> <span class='ocrx_word' id='word_1_185' title='bbox 819 1835 943 1881; x_wconf 88' lang='lat' dir='ltr'><strong>nostro</strong></span> <span class='ocrx_word' id='word_1_186' title='bbox 974 1840 1087 1885; x_wconf 80' lang='lat' dir='ltr'><strong>poeta</strong></span> <span class='ocrx_word' id='word_1_187' title='bbox 1108 1836 1172 1875; x_wconf 89' lang='lat' dir='ltr'><strong>de-</strong></span> 
     </span>
     <span class='ocr_line' id='line_1_28' title="bbox 132 1886 554 1938; baseline -0.005 -11"><span class='ocrx_word' id='word_1_188' title='bbox 132 1886 278 1938; x_wconf 86' lang='lat' dir='ltr'><strong>scripfit.</strong></span> <span class='ocrx_word' id='word_1_189' title='bbox 305 1889 554 1926; x_wconf 77' lang='lat' dir='ltr'><strong>GLAREANUS.</strong></span> 
     </span>
     <span class='ocr_line' id='line_1_29' title="bbox 151 1936 1172 1990; baseline -0.001 -13"><span class='ocrx_word' id='word_1_190' title='bbox 151 1983 154 1986; x_wconf 16' lang='lat'><strong>⁴</strong></span> <span class='ocrx_word' id='word_1_191' title='bbox 187 1940 246 1986; x_wconf 84' lang='lat'><strong>48.</strong></span> <span class='ocrx_word' id='word_1_192' title='bbox 274 1946 370 1977; x_wconf 82' lang='lat' dir='ltr'><strong>Cara</strong></span> <span class='ocrx_word' id='word_1_193' title='bbox 391 1939 497 1990; x_wconf 88' lang='lat' dir='ltr'><strong>Dei.]</strong></span> <span class='ocrx_word' id='word_1_194' title='bbox 525 1939 628 1976; x_wconf 85' lang='lat' dir='ltr'><strong>Deus</strong></span> <span class='ocrx_word' id='word_1_195' title='bbox 648 1936 741 1987; x_wconf 91' lang='lat' dir='ltr'><strong>ipse:</strong></span> <span class='ocrx_word' id='word_1_196' title='bbox 771 1948 877 1975; x_wconf 90' lang='lat' dir='ltr'><strong>more</strong></span> <span class='ocrx_word' id='word_1_197' title='bbox 908 1937 1065 1975; x_wconf 89' lang='lat' dir='ltr'><strong>Graeco.</strong></span> <span class='ocrx_word' id='word_1_198' title='bbox 1113 1938 1172 1976; x_wconf 87' lang='lat' dir='ltr'><strong>Sic</strong></span> 
     </span>
     <span class='ocr_line' id='line_1_30' title="bbox 134 1988 1170 2039; baseline 0 -12"><span class='ocrx_word' id='word_1_199' title='bbox 134 1989 193 2028; x_wconf 80' lang='lat' dir='ltr'><strong>lib.</strong></span> <span class='ocrx_word' id='word_1_200' title='bbox 206 2002 232 2026; x_wconf 89' lang='lat'><strong>1.</strong></span> <span class='ocrx_word' id='word_1_201' title='bbox 246 1990 332 2027; x_wconf 81' lang='lat' dir='ltr'><strong>Fast.</strong></span> <span class='ocrx_word' id='word_1_202' title='bbox 362 1997 451 2027; x_wconf 85' lang='lat' dir='ltr'><strong>Haec</strong></span> <span class='ocrx_word' id='word_1_203' title='bbox 471 1990 578 2039; x_wconf 78' lang='lat' dir='ltr'><strong>igitur</strong></span> <span class='ocrx_word' id='word_1_204' title='bbox 599 1989 694 2026; x_wconf 82' lang='lat' dir='ltr'><strong>vidit</strong></span> <span class='ocrx_word' id='word_1_205' title='bbox 715 1988 866 2026; x_wconf 76' lang='lat' dir='ltr'><strong>trabeati</strong></span> <span class='ocrx_word' id='word_1_206' title='bbox 898 2002 981 2026; x_wconf 86' lang='lat' dir='ltr'><strong>cura</strong></span> <span class='ocrx_word' id='word_1_207' title='bbox 1014 1989 1170 2038; x_wconf 72' lang='lat' dir='ltr'><strong>Qirini.</strong></span> 
     </span>
     <span class='ocr_line' id='line_1_31' title="bbox 132 2041 353 2079; baseline 0 0"><span class='ocrx_word' id='word_1_208' title='bbox 132 2041 353 2079; x_wconf 58' lang='lat' dir='ltr'><strong>emamus.</strong></span> 
     </span>
    </p>

    <p class='ocr_par' dir='ltr' id='par_1_9' title="bbox 134 2089 986 2191">
     <span class='ocr_line' id='line_1_32' title="bbox 186 2089 610 2140; baseline -0.007 -11"><span class='ocrx_word' id='word_1_209' title='bbox 186 2103 245 2139; x_wconf 76' lang='grc'><strong>49.</strong></span> <span class='ocrx_word' id='word_1_210' title='bbox 272 2094 372 2140; x_wconf 77' lang='lat' dir='ltr'><strong>Qae</strong></span> <span class='ocrx_word' id='word_1_211' title='bbox 393 2090 507 2127; x_wconf 85' lang='lat' dir='ltr'><strong>media</strong></span> <span class='ocrx_word' id='word_1_212' title='bbox 528 2089 610 2139; x_wconf 85' lang='lat' dir='ltr'><strong>est.]</strong></span> 
     </span>
     <span class='ocr_line' id='line_1_33' title="bbox 134 2138 986 2191; baseline -0.004 -12"><span class='ocrx_word' id='word_1_213' title='bbox 134 2151 226 2187; x_wconf 84' lang='lat' dir='ltr'><strong>nUS,</strong></span> <span class='ocrx_word' id='word_1_214' title='bbox 251 2142 353 2191; x_wconf 91' lang='lat' dir='ltr'><strong>quod</strong></span> <span class='ocrx_word' id='word_1_215' title='bbox 374 2141 463 2178; x_wconf 90' lang='lat' dir='ltr'><strong>olim</strong></span> <span class='ocrx_word' id='word_1_216' title='bbox 486 2152 564 2178; x_wconf 91' lang='lat' dir='ltr'><strong>non</strong></span> <span class='ocrx_word' id='word_1_217' title='bbox 587 2139 790 2188; x_wconf 86' lang='lat' dir='ltr'><strong>displicebat</strong></span> <span class='ocrx_word' id='word_1_218' title='bbox 818 2138 986 2177; x_wconf 74' lang='lat' dir='ltr'><strong>Heinfio.</strong></span> 
     </span>
    </p>
   </div>
   <div class='ocr_carea' id='block_1_7' title="bbox 187 2189 1175 2241">
    <p class='ocr_par' dir='ltr' id='par_1_10' title="bbox 187 2189 1175 2241">
     <span class='ocr_line' id='line_1_34' title="bbox 187 2189 1175 2241; baseline -0.001 -12"><span class='ocrx_word' id='word_1_219' title='bbox 187 2205 244 2239; x_wconf 83' lang='grc' dir='ltr'><strong>ςο.</strong></span> <span class='ocrx_word' id='word_1_220' title='bbox 272 2198 366 2228; x_wconf 84' lang='lat' dir='ltr'><strong>Inter</strong></span> <span class='ocrx_word' id='word_1_221' title='bbox 387 2189 611 2241; x_wconf 57' lang='lat' dir='ltr'><strong>utramque]</strong></span> <span class='ocrx_word' id='word_1_222' title='bbox 641 2196 736 2227; x_wconf 84' lang='lat' dir='ltr'><strong>Inter</strong></span> <span class='ocrx_word' id='word_1_223' title='bbox 757 2199 943 2239; x_wconf 80' lang='lat' dir='ltr'><strong>utrumque</strong></span> <span class='ocrx_word' id='word_1_224' title='bbox 974 2189 1048 2226; x_wconf 89' lang='lat' dir='ltr'><strong>duo</strong></span> <span class='ocrx_word' id='word_1_225' title='bbox 1085 2189 1175 2228; x_wconf 80' lang='lat' dir='ltr'><strong>Lei-</strong></span> 
     </span>
    </p>
   </div>
   <div class='ocr_carea' id='block_1_8' title="bbox 136 2236 1171 2289">
    <p class='ocr_par' dir='ltr' id='par_1_11' title="bbox 136 2236 1171 2289">
     <span class='ocr_line' id='line_1_35' title="bbox 136 2236 1171 2289; baseline 0.001 -12"><span class='ocrx_word' id='word_1_226' title='bbox 136 2237 259 2277; x_wconf 83' lang='lat' dir='ltr'><strong>denses</strong></span> <span class='ocrx_word' id='word_1_227' title='bbox 280 2243 318 2279; x_wconf 90' lang='lat'>&amp;</span> <span class='ocrx_word' id='word_1_228' title='bbox 332 2242 416 2287; x_wconf 81' lang='lat' dir='ltr'><strong>alius</strong></span> <span class='ocrx_word' id='word_1_229' title='bbox 437 2252 504 2289; x_wconf 93' lang='lat' dir='ltr'><strong>pro</strong></span> <span class='ocrx_word' id='word_1_230' title='bbox 528 2236 626 2277; x_wconf 85' lang='lat' dir='ltr'><strong>varia</strong></span> <span class='ocrx_word' id='word_1_231' title='bbox 645 2240 827 2278; x_wconf 71' lang='lat' dir='ltr'><strong>leffione:</strong></span> <span class='ocrx_word' id='word_1_232' title='bbox 855 2251 934 2277; x_wconf 91' lang='lat' dir='ltr'><strong>non</strong></span> <span class='ocrx_word' id='word_1_233' title='bbox 956 2239 1062 2277; x_wconf 89' lang='lat' dir='ltr'><strong>male.</strong></span> <span class='ocrx_word' id='word_1_234' title='bbox 1083 2252 1171 2278; x_wconf 86' lang='lat' dir='ltr'><strong>nam</strong></span> 
     </span>
    </p>
   </div>
   <div class='ocr_carea' id='block_1_9' title="bbox 136 2288 1240 2340">
    <p class='ocr_par' dir='ltr' id='par_1_12' title="bbox 136 2288 1240 2340">
     <span class='ocr_line' id='line_1_36' title="bbox 136 2288 1240 2340; baseline 0.003 -13"><span class='ocrx_word' id='word_1_235' title='bbox 136 2290 177 2327; x_wconf 74' lang='grc' dir='ltr'><strong>δε</strong></span> <span class='ocrx_word' id='word_1_236' title='bbox 195 2290 245 2326; x_wconf 86' lang='lat' dir='ltr'><strong>ita</strong></span> <span class='ocrx_word' id='word_1_237' title='bbox 265 2290 366 2337; x_wconf 82' lang='lat' dir='ltr'><strong>saepe</strong></span> <span class='ocrx_word' id='word_1_238' title='bbox 388 2290 532 2328; x_wconf 88' lang='lat' dir='ltr'><strong>codices</strong></span> <span class='ocrx_word' id='word_1_239' title='bbox 552 2290 691 2340; x_wconf 86' lang='lat' dir='ltr'><strong>antiqui</strong></span> <span class='ocrx_word' id='word_1_240' title='bbox 705 2318 716 2336; x_wconf 93' lang='lat'><strong>,</strong></span> <span class='ocrx_word' id='word_1_241' title='bbox 739 2289 824 2335; x_wconf 84' lang='lat' dir='ltr'><strong>licet</strong></span> <span class='ocrx_word' id='word_1_242' title='bbox 846 2288 1025 2329; x_wconf 70' lang='lat' dir='ltr'><strong>diversum</strong></span> <span class='ocrx_word' id='word_1_243' title='bbox 1056 2301 1172 2340; x_wconf 84' lang='lat' dir='ltr'><strong>genus</strong></span> <span class='ocrx_word' id='word_1_244' title='bbox 1234 2319 1240 2325; x_wconf 85' lang='lat'><em>-</em></span> 
     </span>
    </p>
   </div>
   <div class='ocr_carea' id='block_1_10' title="bbox 130 2338 684 2449">
    <p class='ocr_par' dir='ltr' id='par_1_13' title="bbox 130 2338 684 2449">
     <span class='ocr_line' id='line_1_37' title="bbox 130 2338 684 2388; baseline 0.007 -12"><span class='ocrx_word' id='word_1_245' title='bbox 130 2338 334 2388; x_wconf 86' lang='lat' dir='ltr'><strong>praecedat.</strong></span> <span class='ocrx_word' id='word_1_246' title='bbox 360 2346 400 2375; x_wconf 91' lang='lat' dir='ltr'><strong>ut</strong></span> <span class='ocrx_word' id='word_1_247' title='bbox 421 2351 466 2377; x_wconf 80' lang='lat' dir='ltr'><strong>n.</strong></span> <span class='ocrx_word' id='word_1_248' title='bbox 487 2342 580 2378; x_wconf 85' lang='lat' dir='ltr'><strong>Met.</strong></span> <span class='ocrx_word' id='word_1_249' title='bbox 605 2353 684 2388; x_wconf 70' lang='lat'>140.</span> 
     </span>
     <span class='ocr_line' id='line_1_38' title="bbox 183 2406 594 2449; baseline 0.002 -14"><span class='ocrx_word' id='word_1_250' title='bbox 183 2406 279 2435; x_wconf 86' lang='lat' dir='ltr'><strong>Inter</strong></span> <span class='ocrx_word' id='word_1_251' title='bbox 299 2409 484 2449; x_wconf 79' lang='lat' dir='ltr'><strong>utrumque</strong></span> <span class='ocrx_word' id='word_1_252' title='bbox 509 2407 594 2436; x_wconf 79' lang='lat' dir='ltr'><strong>tene.</strong></span> 
     </span>
    </p>
   </div>
   <div class='ocr_carea' id='block_1_11' title="bbox 110 2460 956 2573">
    <p class='ocr_par' dir='ltr' id='par_1_14' title="bbox 110 2460 956 2573">
     <span class='ocr_line' id='line_1_39' title="bbox 110 2460 409 2506; baseline -0.007 -7"><span class='ocrx_word' id='word_1_253' title='bbox 110 2472 194 2499; x_wconf 56' lang='grc' dir='ltr'><strong>ιιι.</strong></span> <span class='ocrx_word' id='word_1_254' title='bbox 216 2460 305 2498; x_wconf 88' lang='lat' dir='ltr'><strong>Fast.</strong></span> <span class='ocrx_word' id='word_1_255' title='bbox 328 2471 409 2506; x_wconf 82' lang='lat'><strong>774.</strong></span> 
     </span>
     <span class='ocr_line' id='line_1_40' title="bbox 182 2520 956 2573; baseline 0.003 -14"><span class='ocrx_word' id='word_1_256' title='bbox 182 2527 231 2559; x_wconf 86' lang='lat' dir='ltr'><strong>Et</strong></span> <span class='ocrx_word' id='word_1_257' title='bbox 250 2520 364 2559; x_wconf 86' lang='lat' dir='ltr'><strong>media</strong></span> <span class='ocrx_word' id='word_1_258' title='bbox 385 2520 430 2569; x_wconf 85' lang='lat' dir='ltr'><strong>est</strong></span> <span class='ocrx_word' id='word_1_259' title='bbox 449 2530 545 2558; x_wconf 80' lang='lat' dir='ltr'><strong>aetas</strong></span> <span class='ocrx_word' id='word_1_260' title='bbox 566 2520 657 2558; x_wconf 87' lang='lat' dir='ltr'><strong>inter</strong></span> <span class='ocrx_word' id='word_1_261' title='bbox 676 2531 861 2573; x_wconf 78' lang='lat' dir='ltr'><strong>utrumque</strong></span> <span class='ocrx_word' id='word_1_262' title='bbox 880 2522 956 2562; x_wconf 78' lang='lat' dir='ltr'><strong>tibi.</strong></span> 
     </span>
    </p>
   </div>
   <div class='ocr_carea' id='block_1_12' title="bbox 131 2583 1016 2699">
    <p class='ocr_par' dir='ltr' id='par_1_15' title="bbox 131 2583 1016 2699">
     <span class='ocr_line' id='line_1_41' title="bbox 131 2583 602 2631; baseline -0.002 -9"><span class='ocrx_word' id='word_1_263' title='bbox 131 2590 185 2623; x_wconf 72' lang='lat' dir='ltr'><strong>rv.</strong></span> <span class='ocrx_word' id='word_1_264' title='bbox 212 2585 301 2622; x_wconf 85' lang='lat' dir='ltr'><strong>Fast.</strong></span> <span class='ocrx_word' id='word_1_265' title='bbox 323 2584 406 2631; x_wconf 77' lang='lat'><strong>864.</strong></span> <span class='ocrx_word' id='word_1_266' title='bbox 428 2594 473 2622; x_wconf 84' lang='lat' dir='ltr'><strong>ex</strong></span> <span class='ocrx_word' id='word_1_267' title='bbox 494 2583 602 2621; x_wconf 89' lang='lat' dir='ltr'><strong>MSS.</strong></span> 
     </span>
     <span class='ocr_line' id='line_1_42' title="bbox 156 2646 1016 2699; baseline 0 -15"><span class='ocrx_word' id='word_1_268' title='bbox 156 2689 159 2692; x_wconf 53' lang='grc'>,</span> <span class='ocrx_word' id='word_1_269' title='bbox 182 2653 258 2684; x_wconf 87' lang='lat' dir='ltr'><strong>Una</strong></span> <span class='ocrx_word' id='word_1_270' title='bbox 279 2658 397 2685; x_wconf 87' lang='lat' dir='ltr'><strong>tamen</strong></span> <span class='ocrx_word' id='word_1_271' title='bbox 417 2647 531 2685; x_wconf 83' lang='lat' dir='ltr'><strong>media</strong></span> <span class='ocrx_word' id='word_1_272' title='bbox 552 2646 595 2694; x_wconf 81' lang='lat' dir='ltr'><strong>est</strong></span> <span class='ocrx_word' id='word_1_273' title='bbox 615 2646 707 2684; x_wconf 82' lang='lat' dir='ltr'><strong>inter</strong></span> <span class='ocrx_word' id='word_1_274' title='bbox 728 2657 915 2699; x_wconf 79' lang='lat' dir='ltr'><strong>utrumque</strong></span> <span class='ocrx_word' id='word_1_275' title='bbox 937 2648 1016 2684; x_wconf 73' lang='lat' dir='ltr'><strong>dics.</strong></span> 
     </span>
    </p>
   </div>
   <div class='ocr_carea' id='block_1_13' title="bbox 132 2711 808 2825">
    <p class='ocr_par' dir='ltr' id='par_1_16' title="bbox 132 2711 808 2825">
     <span class='ocr_line' id='line_1_43' title="bbox 132 2711 456 2760; baseline -0.003 -10"><span class='ocrx_word' id='word_1_276' title='bbox 132 2721 184 2750; x_wconf 78' lang='lat' dir='ltr'><strong>xv,</strong></span> <span class='ocrx_word' id='word_1_277' title='bbox 211 2711 318 2749; x_wconf 84' lang='lat' dir='ltr'><strong>Pont.</strong></span> <span class='ocrx_word' id='word_1_278' title='bbox 340 2724 374 2749; x_wconf 86' lang='lat' dir='ltr'><strong>x.</strong></span> <span class='ocrx_word' id='word_1_279' title='bbox 399 2711 456 2760; x_wconf 83' lang='lat'><strong>56.</strong></span> 
     </span>
     <span class='ocr_line' id='line_1_44' title="bbox 181 2773 808 2825; baseline 0.005 -17"><span class='ocrx_word' id='word_1_280' title='bbox 181 2777 229 2809; x_wconf 88' lang='lat' dir='ltr'><strong>Et</strong></span> <span class='ocrx_word' id='word_1_281' title='bbox 249 2773 362 2822; x_wconf 74' lang='lat' dir='ltr'><strong>curfics</strong></span> <span class='ocrx_word' id='word_1_282' title='bbox 381 2774 472 2811; x_wconf 73' lang='lat' dir='ltr'><strong>inter</strong></span> <span class='ocrx_word' id='word_1_283' title='bbox 495 2776 692 2825; x_wconf 62' lang='lat' dir='ltr'><strong>:utrumque</strong></span> <span class='ocrx_word' id='word_1_284' title='bbox 703 2773 808 2822; x_wconf 81' lang='lat' dir='ltr'><strong>facit.</strong></span> 
     </span>
    </p>
   </div>
   <div class='ocr_carea' id='block_1_14' title="bbox 129 2837 1130 2939">
    <p class='ocr_par' dir='ltr' id='par_1_17' title="bbox 129 2837 1130 2939">
     <span class='ocr_line' id='line_1_45' title="bbox 129 2837 391 2877; baseline 0.004 -1"><span class='ocrx_word' id='word_1_285' title='bbox 129 2837 286 2877; x_wconf 88' lang='lat' dir='ltr'><strong>Remed.</strong></span> <span class='ocrx_word' id='word_1_286' title='bbox 308 2839 355 2877; x_wconf 89' lang='lat'><strong>80</strong></span> <span class='ocrx_word' id='word_1_287' title='bbox 384 2868 391 2877; x_wconf 93' lang='lat'><strong>.</strong></span> 
     </span>
     <span class='ocr_line' id='line_1_46' title="bbox 158 2852 1130 2939; baseline -0.001 -14"><span class='ocrx_word' id='word_1_288' title='bbox 158 2937 160 2939; x_wconf 25' lang='grc' dir='ltr'>Ι</span> <span class='ocrx_word' id='word_1_289' title='bbox 182 2893 263 2925; x_wconf 82' lang='lat' dir='ltr'><strong>Aut</strong></span> <span class='ocrx_word' id='word_1_290' title='bbox 283 2852 380 2925; x_wconf 74' lang='lat' dir='ltr'><strong>nullc9z</strong></span> <span class='ocrx_word' id='word_1_291' title='bbox 402 2888 543 2926; x_wconf 78' lang='lat' dir='ltr'><strong>ebrietas</strong></span> <span class='ocrx_word' id='word_1_292' title='bbox 556 2898 643 2933; x_wconf 80' lang='lat' dir='ltr'><strong>,aut</strong></span> <span class='ocrx_word' id='word_1_293' title='bbox 664 2898 767 2925; x_wconf 86' lang='lat' dir='ltr'><strong>tanta</strong></span> <span class='ocrx_word' id='word_1_294' title='bbox 780 2886 854 2937; x_wconf 84' lang='lat' dir='ltr'><strong>fit,</strong></span> <span class='ocrx_word' id='word_1_295' title='bbox 882 2897 924 2924; x_wconf 91' lang='lat' dir='ltr'><strong>ut</strong></span> <span class='ocrx_word' id='word_1_296' title='bbox 944 2886 1009 2924; x_wconf 87' lang='lat' dir='ltr'><strong>tibi</strong></span> <span class='ocrx_word' id='word_1_297' title='bbox 1031 2901 1130 2925; x_wconf 81' lang='lat' dir='ltr'><strong>curas</strong></span> 
     </span>
    </p>
   </div>
   <div class='ocr_carea' id='block_1_15' title="bbox 127 2938 1160 3320">
    <p class='ocr_par' dir='ltr' id='par_1_18' title="bbox 127 2938 1160 3319">
     <span class='ocr_line' id='line_1_47' title="bbox 232 2938 1057 2988; baseline 0 -14"><span class='ocrx_word' id='word_1_298' title='bbox 232 2939 388 2987; x_wconf 83' lang='lat' dir='ltr'><strong>Eripiat:</strong></span> <span class='ocrx_word' id='word_1_299' title='bbox 410 2938 445 2988; x_wconf 82' lang='lat' dir='ltr'><strong>si</strong></span> <span class='ocrx_word' id='word_1_300' title='bbox 462 2953 532 2988; x_wconf 78' lang='lat' dir='ltr'><strong>qua</strong></span> <span class='ocrx_word' id='word_1_301' title='bbox 552 2939 595 2986; x_wconf 83' lang='lat' dir='ltr'><strong>est</strong></span> <span class='ocrx_word' id='word_1_302' title='bbox 615 2939 704 2975; x_wconf 85' lang='lat' dir='ltr'><strong>inter</strong></span> <span class='ocrx_word' id='word_1_303' title='bbox 724 2949 844 2975; x_wconf 79' lang='lat' dir='ltr'><strong>utrum</strong></span> <span class='ocrx_word' id='word_1_304' title='bbox 870 2952 932 2982; x_wconf 86' lang='lat' dir='ltr'><strong>ue,</strong></span> <span class='ocrx_word' id='word_1_305' title='bbox 954 2948 1057 2975; x_wconf 82' lang='lat' dir='ltr'><strong>nocet.</strong></span> 
     </span>
     <span class='ocr_line' id='line_1_48' title="bbox 132 2983 1159 3037; baseline 0.003 -15"><span class='ocrx_word' id='word_1_306' title='bbox 132 2983 190 3022; x_wconf 76' lang='lat' dir='ltr'><strong>Ita</strong></span> <span class='ocrx_word' id='word_1_307' title='bbox 218 2987 387 3025; x_wconf 87' lang='lat' dir='ltr'><strong>omnibus</strong></span> <span class='ocrx_word' id='word_1_308' title='bbox 416 2988 481 3025; x_wconf 87' lang='lat' dir='ltr'><strong>illis</strong></span> <span class='ocrx_word' id='word_1_309' title='bbox 509 2988 599 3025; x_wconf 86' lang='lat' dir='ltr'><strong>locis</strong></span> <span class='ocrx_word' id='word_1_310' title='bbox 630 2988 761 3037; x_wconf 91' lang='lat' dir='ltr'><strong>optimi</strong></span> <span class='ocrx_word' id='word_1_311' title='bbox 792 2999 837 3025; x_wconf 91' lang='lat' dir='ltr'><strong>co</strong></span> <span class='ocrx_word' id='word_1_312' title='bbox 867 2988 947 3025; x_wconf 60' lang='lat' dir='ltr'><strong>ces,</strong></span> <span class='ocrx_word' id='word_1_313' title='bbox 984 2987 1031 3025; x_wconf 87' lang='lat' dir='ltr'><strong>fic</strong></span> <span class='ocrx_word' id='word_1_314' title='bbox 1062 2987 1159 3036; x_wconf 88' lang='lat' dir='ltr'><strong>apud</strong></span> 
     </span>
     <span class='ocr_line' id='line_1_49' title="bbox 134 3035 1160 3088; baseline 0.001 -15"><span class='ocrx_word' id='word_1_315' title='bbox 134 3035 307 3081; x_wconf 72' lang='lat' dir='ltr'><strong>Quinffil.</strong></span> <span class='ocrx_word' id='word_1_316' title='bbox 331 3037 390 3074; x_wconf 86' lang='lat' dir='ltr'><strong>lib.</strong></span> <span class='ocrx_word' id='word_1_317' title='bbox 405 3049 449 3073; x_wconf 51' lang='lat'><strong>11.</strong></span> <span class='ocrx_word' id='word_1_318' title='bbox 468 3050 522 3085; x_wconf 89' lang='lat'><strong>19.</strong></span> <span class='ocrx_word' id='word_1_319' title='bbox 550 3039 619 3074; x_wconf 80' lang='lat' dir='ltr'><strong>Scio</strong></span> <span class='ocrx_word' id='word_1_320' title='bbox 641 3038 782 3088; x_wconf 83' lang='lat' dir='ltr'><strong>quaeri,</strong></span> <span class='ocrx_word' id='word_1_321' title='bbox 805 3048 978 3075; x_wconf 79' lang='lat' dir='ltr'><strong>naturane</strong></span> <span class='ocrx_word' id='word_1_322' title='bbox 1002 3037 1080 3087; x_wconf 80' lang='lat' dir='ltr'><strong>plus</strong></span> <span class='ocrx_word' id='word_1_323' title='bbox 1111 3039 1160 3074; x_wconf 80' lang='lat' dir='ltr'><strong>ad</strong></span> 
     </span>
     <span class='ocr_line' id='line_1_50' title="bbox 136 3083 1158 3138; baseline 0.005 -19"><span class='ocrx_word' id='word_1_324' title='bbox 136 3083 358 3134; x_wconf 76' lang='lat' dir='ltr'><strong>eloquentiam</strong></span> <span class='ocrx_word' id='word_1_325' title='bbox 380 3089 531 3134; x_wconf 79' lang='lat' dir='ltr'><strong>confhrat</strong></span> <span class='ocrx_word' id='word_1_326' title='bbox 544 3114 555 3132; x_wconf 93' lang='lat'><strong>,</strong></span> <span class='ocrx_word' id='word_1_327' title='bbox 581 3101 629 3124; x_wconf 87' lang='lat' dir='ltr'><strong>an</strong></span> <span class='ocrx_word' id='word_1_328' title='bbox 650 3087 815 3124; x_wconf 47' lang='lat' dir='ltr'><strong>doc—trina.</strong></span> <span class='ocrx_word' id='word_1_329' title='bbox 853 3088 956 3137; x_wconf 76' lang='lat' dir='ltr'><strong>Qod</strong></span> <span class='ocrx_word' id='word_1_330' title='bbox 978 3088 1026 3124; x_wconf 84' lang='lat' dir='ltr'><strong>ad</strong></span> <span class='ocrx_word' id='word_1_331' title='bbox 1040 3097 1158 3138; x_wconf 86' lang='lat' dir='ltr'><strong>propo-</strong></span> 
     </span>
     <span class='ocr_line' id='line_1_51' title="bbox 127 3130 1160 3188; baseline 0.006 -19"><span class='ocrx_word' id='word_1_332' title='bbox 127 3130 238 3181; x_wconf 80' lang='lat' dir='ltr'><strong>fitum</strong></span> <span class='ocrx_word' id='word_1_333' title='bbox 260 3135 358 3183; x_wconf 77' lang='lat' dir='ltr'><strong>nostri</strong></span> <span class='ocrx_word' id='word_1_334' title='bbox 377 3137 478 3186; x_wconf 76' lang='lat' dir='ltr'><strong>operis·</strong></span> <span class='ocrx_word' id='word_1_335' title='bbox 500 3136 589 3174; x_wconf 86' lang='lat' dir='ltr'><strong>nihil</strong></span> <span class='ocrx_word' id='word_1_336' title='bbox 613 3137 774 3187; x_wconf 83' lang='lat' dir='ltr'><strong>pertinet.</strong></span> <span class='ocrx_word' id='word_1_337' title='bbox 806 3150 864 3174; x_wconf 84' lang='lat' dir='ltr'><strong>nec</strong></span> <span class='ocrx_word' id='word_1_338' title='bbox 893 3138 985 3175; x_wconf 86' lang='lat' dir='ltr'><strong>enim</strong></span> <span class='ocrx_word' id='word_1_339' title='bbox 1006 3138 1160 3188; x_wconf 87' lang='lat' dir='ltr'><strong>consum·-</strong></span> 
     </span>
     <span class='ocr_line' id='line_1_52' title="bbox 135 3185 1160 3238; baseline 0.009 -21"><span class='ocrx_word' id='word_1_340' title='bbox 135 3192 253 3219; x_wconf 83' lang='lat' dir='ltr'><strong>matus</strong></span> <span class='ocrx_word' id='word_1_341' title='bbox 280 3195 390 3222; x_wconf 89' lang='lat' dir='ltr'><strong>orator</strong></span> <span class='ocrx_word' id='word_1_342' title='bbox 412 3214 424 3230; x_wconf 92' lang='lat'>,</span> <span class='ocrx_word' id='word_1_343' title='bbox 469 3185 535 3235; x_wconf 82' lang='lat' dir='ltr'><strong>nisi</strong></span> <span class='ocrx_word' id='word_1_344' title='bbox 562 3200 606 3226; x_wconf 67' lang='lat' dir='ltr'><strong>eac</strong></span> <span class='ocrx_word' id='word_1_345' title='bbox 634 3197 776 3238; x_wconf 77' lang='lat' dir='ltr'><strong>utroque</strong></span> <span class='ocrx_word' id='word_1_346' title='bbox 789 3187 869 3235; x_wconf 87' lang='lat' dir='ltr'><strong>fieri</strong></span> <span class='ocrx_word' id='word_1_347' title='bbox 904 3187 1016 3237; x_wconf 85' lang='lat' dir='ltr'><strong>potest.</strong></span> <span class='ocrx_word' id='word_1_348' title='bbox 1064 3189 1160 3226; x_wconf 78' lang='lat' dir='ltr'><strong>male</strong></span> 
     </span>
     <span class='ocr_line' id='line_1_53' title="bbox 132 3234 1159 3319; baseline 0.007 -48"><span class='ocrx_word' id='word_1_349' title='bbox 132 3241 318 3319; x_wconf 51' lang='lat' dir='ltr'><strong>istriamque</strong></span> <span class='ocrx_word' id='word_1_350' title='bbox 317 3234 585 3319; x_wconf 64' lang='lat' dir='ltr'><strong>Icluida1n‚apud</strong></span> <span class='ocrx_word' id='word_1_351' title='bbox 597 3237 813 3277; x_wconf 83' lang='lat' dir='ltr'><strong>Suetonium</strong></span> <span class='ocrx_word' id='word_1_352' title='bbox 826 3249 976 3289; x_wconf 85' lang='lat' dir='ltr'><strong>quoque</strong></span> <span class='ocrx_word' id='word_1_353' title='bbox 987 3238 1159 3279; x_wconf 80' lang='lat' dir='ltr'><strong>inClaud.</strong></span> 
     </span>
    </p>

    <p class='ocr_par' dir='ltr' id='par_1_19' title="bbox 212 3289 345 3320">
     <span class='ocr_line' id='line_1_54' title="bbox 212 3289 345 3320; baseline 0.015 -2"><span class='ocrx_word' id='word_1_354' title='bbox 212 3295 278 3318; x_wconf 83' lang='lat' dir='ltr'><strong>om.</strong></span> <span class='ocrx_word' id='word_1_355' title='bbox 298 3289 320 3319; x_wconf 88' lang='lat' dir='ltr'><em>I</em></span> <span class='ocrx_word' id='word_1_356' title='bbox 334 3309 345 3320; x_wconf 86' lang='lat'><strong>.</strong></span> 
     </span>
    </p>
   </div>
   <div class='ocr_carea' id='block_1_16' title="bbox 649 2088 1177 2137">
    <p class='ocr_par' dir='ltr' id='par_1_20' title="bbox 649 2088 1177 2137">
     <span class='ocr_line' id='line_1_55' title="bbox 649 2088 1177 2137; baseline 0.002 -10"><span class='ocrx_word' id='word_1_357' title='bbox 649 2089 766 2127; x_wconf 82' lang='lat' dir='ltr'><strong>Medio</strong></span> <span class='ocrx_word' id='word_1_358' title='bbox 799 2102 868 2126; x_wconf 85' lang='lat' dir='ltr'><strong>non</strong></span> <span class='ocrx_word' id='word_1_359' title='bbox 898 2088 942 2137; x_wconf 85' lang='lat' dir='ltr'><strong>est</strong></span> <span class='ocrx_word' id='word_1_360' title='bbox 964 2089 1177 2128; x_wconf 68' lang='lat' dir='ltr'><strong>Gronoviu-</strong></span> 
     </span>
    </p>
   </div>
   <div class='ocr_carea' id='block_1_17' title="bbox 2135 997 2284 1052">
    <p class='ocr_par' dir='ltr' id='par_1_21' title="bbox 2135 997 2284 1052">
     <span class='ocr_line' id='line_1_56' title="bbox 2135 997 2284 1052; baseline 0 0"><span class='ocrx_word' id='word_1_361' title='bbox 2135 997 2284 1052; x_wconf 88' lang='lat' dir='ltr'><strong>Cum</strong></span> 
     </span>
    </p>
   </div>
   <div class='ocr_carea' id='block_1_18' title="bbox 1228 1129 2284 1852">
    <p class='ocr_par' dir='ltr' id='par_1_22' title="bbox 1236 1129 2280 1233">
     <span class='ocr_line' id='line_1_57' title="bbox 1240 1129 2280 1190; baseline 0.009 -22"><span class='ocrx_word' id='word_1_362' title='bbox 1240 1129 1298 1180; x_wconf 84' lang='lat'><strong>38.</strong></span> <span class='ocrx_word' id='word_1_363' title='bbox 1327 1135 1403 1168; x_wconf 86' lang='lat' dir='ltr'><strong>Irae</strong></span> <span class='ocrx_word' id='word_1_364' title='bbox 1433 1140 1540 1182; x_wconf 84' lang='lat' dir='ltr'><strong>atque</strong></span> <span class='ocrx_word' id='word_1_365' title='bbox 1570 1130 1772 1171; x_wconf 76' lang='lat' dir='ltr'><strong>iracundiae</strong></span> <span class='ocrx_word' id='word_1_366' title='bbox 1802 1135 1948 1185; x_wconf 74' lang='lat' dir='ltr'><strong>conscius</strong></span> <span class='ocrx_word' id='word_1_367' title='bbox 1972 1133 2065 1185; x_wconf 81' lang='lat' dir='ltr'><strong>fibi,</strong></span> <span class='ocrx_word' id='word_1_368' title='bbox 2089 1147 2280 1190; x_wconf 74' lang='lat' dir='ltr'><strong>utrumque</strong></span> 
     </span>
     <span class='ocr_line' id='line_1_58' title="bbox 1236 1182 2216 1233; baseline 0.008 -14"><span class='ocrx_word' id='word_1_369' title='bbox 1236 1182 1418 1231; x_wconf 72' lang='lat' dir='ltr'><strong>excusavit</strong></span> <span class='ocrx_word' id='word_1_370' title='bbox 1439 1184 1556 1219; x_wconf 59' lang='lat' dir='ltr'><strong>edicto.</strong></span> <span class='ocrx_word' id='word_1_371' title='bbox 1584 1184 1637 1221; x_wconf 87' lang='lat' dir='ltr'><strong>Ita</strong></span> <span class='ocrx_word' id='word_1_372' title='bbox 1659 1184 1804 1233; x_wconf 85' lang='lat' dir='ltr'><strong>plurimi</strong></span> <span class='ocrx_word' id='word_1_373' title='bbox 1826 1186 1924 1223; x_wconf 86' lang='lat' dir='ltr'><strong>editi.</strong></span> <span class='ocrx_word' id='word_1_374' title='bbox 1953 1187 2216 1227; x_wconf 65' lang='lat' dir='ltr'><strong>Buammnus.</strong></span> 
     </span>
    </p>

    <p class='ocr_par' dir='ltr' id='par_1_23' title="bbox 1228 1234 2284 1726">
     <span class='ocr_line' id='line_1_59' title="bbox 1291 1234 2279 1290; baseline 0.009 -22"><span class='ocrx_word' id='word_1_375' title='bbox 1291 1246 1347 1280; x_wconf 77' lang='lat'><strong>52.</strong></span> <span class='ocrx_word' id='word_1_376' title='bbox 1376 1234 1450 1281; x_wconf 73' lang='lat' dir='ltr'><strong>Qi</strong></span> <span class='ocrx_word' id='word_1_377' title='bbox 1461 1244 1591 1284; x_wconf 76' lang='lat' dir='ltr'><strong>quanto</strong></span> <span class='ocrx_word' id='word_1_378' title='bbox 1611 1234 1655 1281; x_wconf 86' lang='lat' dir='ltr'><strong>est</strong></span> <span class='ocrx_word' id='word_1_379' title='bbox 1669 1236 1814 1284; x_wconf 77' lang='lat' dir='ltr'><strong>pondere</strong></span> <span class='ocrx_word' id='word_1_380' title='bbox 1835 1247 1945 1272; x_wconf 81' lang='lat' dir='ltr'><strong>terrae</strong></span> <span class='ocrx_word' id='word_1_381' title='bbox 1958 1265 1969 1280; x_wconf 90' lang='lat'>,</span> <span class='ocrx_word' id='word_1_382' title='bbox 1998 1239 2147 1275; x_wconf 82' lang='lat' dir='ltr'><strong>Pondere</strong></span> <span class='ocrx_word' id='word_1_383' title='bbox 2166 1253 2279 1290; x_wconf 81' lang='lat' dir='ltr'><strong>aquae</strong></span> 
     </span>
     <span class='ocr_line' id='line_1_60' title="bbox 1234 1282 2284 1333; baseline 0.007 -13"><span class='ocrx_word' id='word_1_384' title='bbox 1234 1282 1372 1333; x_wconf 61' lang='lat' dir='ltr'><strong>lavian]</strong></span> <span class='ocrx_word' id='word_1_385' title='bbox 1398 1284 1580 1321; x_wconf 86' lang='lat' dir='ltr'><strong>Hiversus</strong></span> <span class='ocrx_word' id='word_1_386' title='bbox 1603 1286 1736 1322; x_wconf 87' lang='lat' dir='ltr'><strong>multos</strong></span> <span class='ocrx_word' id='word_1_387' title='bbox 1759 1285 1821 1323; x_wconf 87' lang='lat' dir='ltr'><strong>diu</strong></span> <span class='ocrx_word' id='word_1_388' title='bbox 1842 1286 2044 1331; x_wconf 86' lang='lat' dir='ltr'><strong>torserunt,</strong></span> <span class='ocrx_word' id='word_1_389' title='bbox 2071 1289 2191 1326; x_wconf 87' lang='lat' dir='ltr'><strong>multis</strong></span> <span class='ocrx_word' id='word_1_390' title='bbox 2211 1294 2284 1327; x_wconf 89' lang='lat' dir='ltr'><strong>an-&#39;</strong></span> 
     </span>
     <span class='ocr_line' id='line_1_61' title="bbox 1233 1333 2277 1388; baseline 0.01 -18"><span class='ocrx_word' id='word_1_391' title='bbox 1233 1333 1308 1370; x_wconf 88' lang='lat' dir='ltr'><strong>sam</strong></span> <span class='ocrx_word' id='word_1_392' title='bbox 1332 1333 1510 1371; x_wconf 84' lang='lat' dir='ltr'><strong>dederunt</strong></span> <span class='ocrx_word' id='word_1_393' title='bbox 1533 1334 1715 1373; x_wconf 87' lang='lat' dir='ltr'><strong>Ovidium</strong></span> <span class='ocrx_word' id='word_1_394' title='bbox 1747 1336 2061 1385; x_wconf 84' lang='lat' dir='ltr'><strong>reprehendendi,</strong></span> <span class='ocrx_word' id='word_1_395' title='bbox 2099 1347 2277 1388; x_wconf 85' lang='lat' dir='ltr'><strong>tanquam</strong></span> 
     </span>
     <span class='ocr_line' id='line_1_62' title="bbox 1232 1384 2280 1435; baseline 0.007 -15"><span class='ocrx_word' id='word_1_396' title='bbox 1232 1392 1385 1429; x_wconf 86' lang='lat' dir='ltr'><strong>naturae</strong></span> <span class='ocrx_word' id='word_1_397' title='bbox 1405 1384 1676 1423; x_wconf 87' lang='lat' dir='ltr'><strong>elementorum</strong></span> <span class='ocrx_word' id='word_1_398' title='bbox 1697 1397 1827 1435; x_wconf 83' lang='lat' dir='ltr'><strong>parum</strong></span> <span class='ocrx_word' id='word_1_399' title='bbox 1849 1387 2036 1424; x_wconf 87' lang='lat' dir='ltr'><strong>conscium</strong></span> <span class='ocrx_word' id='word_1_400' title='bbox 2051 1416 2061 1432; x_wconf 91' lang='lat'>‚</span> <span class='ocrx_word' id='word_1_401' title='bbox 2097 1400 2183 1426; x_wconf 87' lang='lat' dir='ltr'><strong>cum</strong></span> <span class='ocrx_word' id='word_1_402' title='bbox 2204 1398 2280 1427; x_wconf 73' lang='lat' dir='ltr'><strong>ter·</strong></span> 
     </span>
     <span class='ocr_line' id='line_1_63' title="bbox 1232 1436 2278 1487; baseline 0.006 -16"><span class='ocrx_word' id='word_1_403' title='bbox 1232 1446 1311 1472; x_wconf 90' lang='lat' dir='ltr'><strong>ram</strong></span> <span class='ocrx_word' id='word_1_404' title='bbox 1335 1436 1374 1472; x_wconf 90' lang='lat'>&amp;</span> <span class='ocrx_word' id='word_1_405' title='bbox 1397 1446 1531 1485; x_wconf 76' lang='lat' dir='ltr'><strong>aquam</strong></span> <span class='ocrx_word' id='word_1_406' title='bbox 1554 1436 1643 1473; x_wconf 89' lang='lat' dir='ltr'><strong>nihil</strong></span> <span class='ocrx_word' id='word_1_407' title='bbox 1663 1437 1757 1474; x_wconf 89' lang='lat' dir='ltr'><strong>inter</strong></span> <span class='ocrx_word' id='word_1_408' title='bbox 1779 1437 1813 1474; x_wconf 90' lang='lat' dir='ltr'><strong>se</strong></span> <span class='ocrx_word' id='word_1_409' title='bbox 1845 1438 2022 1487; x_wconf 83' lang='lat' dir='ltr'><strong>gravitate</strong></span> <span class='ocrx_word' id='word_1_410' title='bbox 2055 1437 2198 1476; x_wconf 88' lang='lat' dir='ltr'><strong>differre</strong></span> <span class='ocrx_word' id='word_1_411' title='bbox 2219 1440 2278 1478; x_wconf 83' lang='lat' dir='ltr'><strong>ni-</strong></span> 
     </span>
     <span class='ocr_line' id='line_1_64' title="bbox 1230 1484 2278 1536; baseline 0.008 -14"><span class='ocrx_word' id='word_1_412' title='bbox 1230 1485 1281 1523; x_wconf 87' lang='lat' dir='ltr'><strong>hil</strong></span> <span class='ocrx_word' id='word_1_413' title='bbox 1302 1484 1345 1523; x_wconf 82' lang='lat' dir='ltr'><strong>sit</strong></span> <span class='ocrx_word' id='word_1_414' title='bbox 1367 1485 1547 1524; x_wconf 85' lang='lat' dir='ltr'><strong>absurdius</strong></span> <span class='ocrx_word' id='word_1_415' title='bbox 1562 1515 1571 1531; x_wconf 91' lang='lat'>‚</span> <span class='ocrx_word' id='word_1_416' title='bbox 1600 1487 1688 1524; x_wconf 88' lang='lat' dir='ltr'><strong>nihil</strong></span> <span class='ocrx_word' id='word_1_417' title='bbox 1710 1499 1730 1524; x_wconf 91' lang='lat' dir='ltr'><strong>a</strong></span> <span class='ocrx_word' id='word_1_418' title='bbox 1753 1499 1843 1525; x_wconf 87' lang='lat' dir='ltr'><strong>vero</strong></span> <span class='ocrx_word' id='word_1_419' title='bbox 1874 1488 2028 1536; x_wconf 88' lang='lat' dir='ltr'><strong>longius.</strong></span> <span class='ocrx_word' id='word_1_420' title='bbox 2065 1488 2278 1531; x_wconf 82' lang='lat' dir='ltr'><strong>Alexander</strong></span> 
     </span>
     <span class='ocr_line' id='line_1_65' title="bbox 1230 1536 2278 1588; baseline 0.004 -15"><span class='ocrx_word' id='word_1_421' title='bbox 1230 1536 1469 1574; x_wconf 88' lang='lat' dir='ltr'><strong>Philomenus</strong></span> <span class='ocrx_word' id='word_1_422' title='bbox 1502 1536 1701 1585; x_wconf 86' lang='lat' dir='ltr'><strong>Lugenfis,</strong></span> <span class='ocrx_word' id='word_1_423' title='bbox 1724 1539 1780 1575; x_wconf 90' lang='lat' dir='ltr'><strong>vir</strong></span> <span class='ocrx_word' id='word_1_424' title='bbox 1801 1539 1838 1575; x_wconf 89' lang='lat' dir='ltr'><strong>in</strong></span> <span class='ocrx_word' id='word_1_425' title='bbox 1860 1547 2013 1587; x_wconf 87' lang='lat' dir='ltr'><strong>utraque</strong></span> <span class='ocrx_word' id='word_1_426' title='bbox 2043 1537 2165 1588; x_wconf 84' lang='lat' dir='ltr'><strong>lingua</strong></span> <span class='ocrx_word' id='word_1_427' title='bbox 2206 1540 2278 1577; x_wconf 93' lang='lat' dir='ltr'><strong>do-</strong></span> 
     </span>
     <span class='ocr_line' id='line_1_66' title="bbox 1232 1585 2277 1640; baseline 0.006 -18"><span class='ocrx_word' id='word_1_428' title='bbox 1232 1585 1428 1631; x_wconf 72' lang='lat' dir='ltr'><strong>ffiffimus,</strong></span> <span class='ocrx_word' id='word_1_429' title='bbox 1466 1588 1505 1623; x_wconf 68' lang='grc' dir='ltr'><strong>ὃ(</strong></span> <span class='ocrx_word' id='word_1_430' title='bbox 1536 1598 1599 1634; x_wconf 89' lang='lat' dir='ltr'><strong>per</strong></span> <span class='ocrx_word' id='word_1_431' title='bbox 1631 1587 1771 1636; x_wconf 80' lang='lat' dir='ltr'><strong>aliquot</strong></span> <span class='ocrx_word' id='word_1_432' title='bbox 1805 1588 1895 1625; x_wconf 91' lang='lat' dir='ltr'><strong>olim</strong></span> <span class='ocrx_word' id='word_1_433' title='bbox 1929 1588 2070 1627; x_wconf 88' lang='lat' dir='ltr'><strong>menses</strong></span> <span class='ocrx_word' id='word_1_434' title='bbox 2102 1601 2277 1640; x_wconf 84' lang='lat' dir='ltr'><strong>praecep-</strong></span> 
     </span>
     <span class='ocr_line' id='line_1_67' title="bbox 1229 1637 2276 1690; baseline 0.008 -18"><span class='ocrx_word' id='word_1_435' title='bbox 1229 1643 1288 1673; x_wconf 87' lang='lat' dir='ltr'><strong>tor</strong></span> <span class='ocrx_word' id='word_1_436' title='bbox 1310 1648 1413 1673; x_wconf 87' lang='lat' dir='ltr'><strong>meus</strong></span> <span class='ocrx_word' id='word_1_437' title='bbox 1437 1665 1447 1681; x_wconf 88' lang='lat'><em>‚</em></span> <span class='ocrx_word' id='word_1_438' title='bbox 1484 1637 1521 1673; x_wconf 88' lang='lat' dir='ltr'><strong>in</strong></span> <span class='ocrx_word' id='word_1_439' title='bbox 1553 1637 1762 1684; x_wconf 88' lang='lat' dir='ltr'><strong>pervetusto</strong></span> <span class='ocrx_word' id='word_1_440' title='bbox 1795 1637 1925 1677; x_wconf 89' lang='lat' dir='ltr'><strong>codice</strong></span> <span class='ocrx_word' id='word_1_441' title='bbox 1958 1640 2007 1678; x_wconf 88' lang='lat' dir='ltr'><strong>ita</strong></span> <span class='ocrx_word' id='word_1_442' title='bbox 2037 1639 2073 1678; x_wconf 90' lang='lat' dir='ltr'><strong>se</strong></span> <span class='ocrx_word' id='word_1_443' title='bbox 2102 1640 2276 1690; x_wconf 82' lang='lat' dir='ltr'><strong>scriptum</strong></span> 
     </span>
     <span class='ocr_line' id='line_1_68' title="bbox 1228 1685 1590 1726; baseline 0.006 -3"><span class='ocrx_word' id='word_1_444' title='bbox 1228 1685 1406 1724; x_wconf 86' lang='lat' dir='ltr'><strong>inveniffe</strong></span> <span class='ocrx_word' id='word_1_445' title='bbox 1427 1686 1590 1726; x_wconf 83' lang='lat' dir='ltr'><strong>dicebat:</strong></span> 
     </span>
    </p>

    <p class='ocr_par' dir='ltr' id='par_1_24' title="bbox 1280 1750 2251 1801">
     <span class='ocr_line' id='line_1_69' title="bbox 1280 1750 2251 1801; baseline 0.005 -16"><span class='ocrx_word' id='word_1_446' title='bbox 1280 1750 1443 1786; x_wconf 83' lang='lat' dir='ltr'><strong>Imminet</strong></span> <span class='ocrx_word' id='word_1_447' title='bbox 1464 1750 1517 1788; x_wconf 77' lang='lat' dir='ltr'><strong>his</strong></span> <span class='ocrx_word' id='word_1_448' title='bbox 1538 1754 1624 1795; x_wconf 65' lang='lat' dir='ltr'><strong>aer,</strong></span> <span class='ocrx_word' id='word_1_449' title='bbox 1647 1751 1707 1800; x_wconf 82' lang='lat' dir='ltr'><strong>qui</strong></span> <span class='ocrx_word' id='word_1_450' title='bbox 1719 1778 1730 1796; x_wconf 89' lang='lat'><em>‚</em></span> <span class='ocrx_word' id='word_1_451' title='bbox 1758 1759 1888 1801; x_wconf 82' lang='lat' dir='ltr'><strong>quanto</strong></span> <span class='ocrx_word' id='word_1_452' title='bbox 1910 1751 1954 1799; x_wconf 82' lang='lat' dir='ltr'><strong>est</strong></span> <span class='ocrx_word' id='word_1_453' title='bbox 1971 1754 2116 1801; x_wconf 86' lang='lat' dir='ltr'><strong>pondere</strong></span> <span class='ocrx_word' id='word_1_454' title='bbox 2139 1763 2251 1790; x_wconf 82' lang='lat' dir='ltr'><strong>terrae</strong></span> 
     </span>
    </p>

    <p class='ocr_par' dir='ltr' id='par_1_25' title="bbox 1275 1800 2168 1852">
     <span class='ocr_line' id='line_1_70' title="bbox 1275 1800 2168 1852; baseline 0.004 -16"><span class='ocrx_word' id='word_1_455' title='bbox 1275 1801 1413 1838; x_wconf 66' lang='lat' dir='ltr'><strong>Pondus</strong></span> <span class='ocrx_word' id='word_1_456' title='bbox 1433 1814 1544 1852; x_wconf 77' lang='lat' dir='ltr'><strong>aquae</strong></span> <span class='ocrx_word' id='word_1_457' title='bbox 1563 1800 1674 1838; x_wconf 82' lang='lat' dir='ltr'><strong>levius</strong></span> <span class='ocrx_word' id='word_1_458' title='bbox 1688 1828 1699 1846; x_wconf 89' lang='lat'><em>‚</em></span> <span class='ocrx_word' id='word_1_459' title='bbox 1726 1811 1826 1838; x_wconf 86' lang='lat' dir='ltr'><strong>tanto</strong></span> <span class='ocrx_word' id='word_1_460' title='bbox 1846 1801 1890 1849; x_wconf 88' lang='lat' dir='ltr'><strong>est</strong></span> <span class='ocrx_word' id='word_1_461' title='bbox 1912 1800 2073 1852; x_wconf 73' lang='lat' dir='ltr'><strong>onerosior</strong></span> <span class='ocrx_word' id='word_1_462' title='bbox 2095 1806 2168 1840; x_wconf 80' lang='lat' dir='ltr'><strong>ae&#39;r.</strong></span> 
     </span>
    </p>
   </div>
   <div class='ocr_carea' id='block_1_19' title="bbox 1226 1864 2275 2117">
    <p class='ocr_par' dir='ltr' id='par_1_26' title="bbox 1226 1864 2275 2117">
     <span class='ocr_line' id='line_1_71' title="bbox 1228 1864 2273 1916; baseline 0.003 -14"><span class='ocrx_word' id='word_1_463' title='bbox 1228 1865 1337 1913; x_wconf 90' lang='lat' dir='ltr'><strong>Quae</strong></span> <span class='ocrx_word' id='word_1_464' title='bbox 1356 1865 1467 1903; x_wconf 61' lang='lat' dir='ltr'><strong>lediio</strong></span> <span class='ocrx_word' id='word_1_465' title='bbox 1499 1865 1641 1914; x_wconf 90' lang='lat' dir='ltr'><strong>penitus</strong></span> <span class='ocrx_word' id='word_1_466' title='bbox 1673 1864 1850 1916; x_wconf 82' lang='lat' dir='ltr'><strong>quadrare</strong></span> <span class='ocrx_word' id='word_1_467' title='bbox 1883 1865 2038 1904; x_wconf 81' lang='lat' dir='ltr'><strong>videtur.</strong></span> <span class='ocrx_word' id='word_1_468' title='bbox 2072 1866 2138 1904; x_wconf 89' lang='lat' dir='ltr'><strong>erit</strong></span> <span class='ocrx_word' id='word_1_469' title='bbox 2171 1867 2273 1906; x_wconf 79' lang='lat' dir='ltr'><strong>enim</strong></span> 
     </span>
     <span class='ocr_line' id='line_1_72' title="bbox 1226 1915 2273 1968; baseline 0.005 -17"><span class='ocrx_word' id='word_1_470' title='bbox 1226 1915 1341 1954; x_wconf 88' lang='lat' dir='ltr'><strong>sensus</strong></span> <span class='ocrx_word' id='word_1_471' title='bbox 1355 1944 1365 1960; x_wconf 93' lang='lat'>,</span> <span class='ocrx_word' id='word_1_472' title='bbox 1391 1917 1532 1954; x_wconf 76' lang='lat' dir='ltr'><strong>Aerem</strong></span> <span class='ocrx_word' id='word_1_473' title='bbox 1553 1924 1658 1954; x_wconf 88' lang='lat' dir='ltr'><strong>tanto</strong></span> <span class='ocrx_word' id='word_1_474' title='bbox 1677 1917 1887 1966; x_wconf 85' lang='lat' dir='ltr'><strong>graviorem</strong></span> <span class='ocrx_word' id='word_1_475' title='bbox 1911 1915 1981 1954; x_wconf 82' lang='lat' dir='ltr'><strong>effe</strong></span> <span class='ocrx_word' id='word_1_476' title='bbox 2012 1917 2097 1966; x_wconf 87' lang='lat' dir='ltr'><strong>igne</strong></span> <span class='ocrx_word' id='word_1_477' title='bbox 2111 1946 2122 1962; x_wconf 88' lang='lat'><strong>,</strong></span> <span class='ocrx_word' id='word_1_478' title='bbox 2157 1929 2273 1968; x_wconf 89' lang='lat' dir='ltr'><strong>quan-</strong></span> 
     </span>
     <span class='ocr_line' id='line_1_73' title="bbox 1226 1965 2274 2017; baseline 0.003 -14"><span class='ocrx_word' id='word_1_479' title='bbox 1226 1973 1307 2003; x_wconf 90' lang='lat' dir='ltr'><strong>tum</strong></span> <span class='ocrx_word' id='word_1_480' title='bbox 1349 1978 1465 2015; x_wconf 84' lang='lat' dir='ltr'><strong>aquae</strong></span> <span class='ocrx_word' id='word_1_481' title='bbox 1505 1965 1649 2015; x_wconf 84' lang='lat' dir='ltr'><strong>pondus</strong></span> <span class='ocrx_word' id='word_1_482' title='bbox 1690 1967 1919 2004; x_wconf 86' lang='lat' dir='ltr'><strong>elementum</strong></span> <span class='ocrx_word' id='word_1_483' title='bbox 1949 1976 2065 2006; x_wconf 89' lang='lat' dir='ltr'><strong>terrae</strong></span> <span class='ocrx_word' id='word_1_484' title='bbox 2096 1969 2274 2017; x_wconf 73' lang='lat' dir='ltr'><strong>gravitate</strong></span> 
     </span>
     <span class='ocr_line' id='line_1_74' title="bbox 1231 2016 2275 2069; baseline 0.002 -16"><span class='ocrx_word' id='word_1_485' title='bbox 1231 2016 1424 2064; x_wconf 83' lang='lat' dir='ltr'><strong>praecedit.</strong></span> <span class='ocrx_word' id='word_1_486' title='bbox 1453 2019 1654 2054; x_wconf 62' lang='lat' dir='ltr'><strong>Coxsmn.</strong></span> <span class='ocrx_word' id='word_1_487' title='bbox 1680 2019 1885 2055; x_wconf 56' lang='lat' dir='ltr'><strong>Fauaxsrs.</strong></span> <span class='ocrx_word' id='word_1_488' title='bbox 1899 2018 2150 2069; x_wconf 55' lang='lat' dir='ltr'><strong>Pondusaqua</strong></span> <span class='ocrx_word' id='word_1_489' title='bbox 2161 2018 2275 2056; x_wconf 75' lang='lat' dir='ltr'><strong>levius</strong></span> 
     </span>
     <span class='ocr_line' id='line_1_75' title="bbox 1232 2066 2271 2117; baseline 0.002 -14"><span class='ocrx_word' id='word_1_490' title='bbox 1232 2067 1446 2104; x_wconf 83' lang='lat' dir='ltr'><strong>veterrimus</strong></span> <span class='ocrx_word' id='word_1_491' title='bbox 1470 2067 1672 2105; x_wconf 80' lang='lat' dir='ltr'><strong>Constantii</strong></span> <span class='ocrx_word' id='word_1_492' title='bbox 1693 2066 1861 2105; x_wconf 80' lang='lat' dir='ltr'><strong>Fanensis</strong></span> <span class='ocrx_word' id='word_1_493' title='bbox 1875 2097 1885 2113; x_wconf 94' lang='lat'>,</span> <span class='ocrx_word' id='word_1_494' title='bbox 1913 2069 1951 2105; x_wconf 69' lang='grc' dir='ltr'><strong>δε</strong></span> <span class='ocrx_word' id='word_1_495' title='bbox 1973 2077 2142 2117; x_wconf 88' lang='lat' dir='ltr'><strong>excerpta</strong></span> <span class='ocrx_word' id='word_1_496' title='bbox 2163 2068 2271 2105; x_wconf 84' lang='lat' dir='ltr'><strong>Vati-</strong></span> 
     </span>
    </p>
   </div>
   <div class='ocr_carea' id='block_1_20' title="bbox 1215 2117 2271 2167">
    <p class='ocr_par' dir='ltr' id='par_1_27' title="bbox 1215 2117 2271 2167">
     <span class='ocr_line' id='line_1_76' title="bbox 1215 2117 2271 2167; baseline 0.001 -13"><span class='ocrx_word' id='word_1_497' title='bbox 1215 2128 1322 2155; x_wconf 85' lang='lat' dir='ltr'><strong>-cana</strong></span> <span class='ocrx_word' id='word_1_498' title='bbox 1342 2118 1517 2165; x_wconf 85' lang='lat' dir='ltr'><strong>Johannis</strong></span> <span class='ocrx_word' id='word_1_499' title='bbox 1541 2117 1754 2156; x_wconf 84' lang='lat' dir='ltr'><strong>Calandrae.</strong></span> <span class='ocrx_word' id='word_1_500' title='bbox 1782 2126 1918 2166; x_wconf 82' lang='lat' dir='ltr'><strong>argute.</strong></span> <span class='ocrx_word' id='word_1_501' title='bbox 1945 2130 2039 2167; x_wconf 88' lang='lat' dir='ltr'><strong>quae</strong></span> <span class='ocrx_word' id='word_1_502' title='bbox 2049 2118 2160 2156; x_wconf 68' lang='lat' dir='ltr'><strong>leffio</strong></span> <span class='ocrx_word' id='word_1_503' title='bbox 2173 2130 2271 2155; x_wconf 84' lang='lat' dir='ltr'><strong>mar·</strong></span> 
     </span>
    </p>
   </div>
   <div class='ocr_carea' id='block_1_21' title="bbox 1228 2168 2271 2384">
    <p class='ocr_par' dir='ltr' id='par_1_28' title="bbox 1228 2168 2271 2269">
     <span class='ocr_line' id='line_1_77' title="bbox 1228 2168 2271 2220; baseline 0.002 -16"><span class='ocrx_word' id='word_1_504' title='bbox 1228 2168 1353 2216; x_wconf 86' lang='lat' dir='ltr'><strong>ginem</strong></span> <span class='ocrx_word' id='word_1_505' title='bbox 1376 2180 1527 2218; x_wconf 89' lang='lat' dir='ltr'><strong>quoque</strong></span> <span class='ocrx_word' id='word_1_506' title='bbox 1548 2168 1783 2220; x_wconf 82' lang='lat' dir='ltr'><strong>Gryphianae</strong></span> <span class='ocrx_word' id='word_1_507' title='bbox 1794 2168 1963 2207; x_wconf 85' lang='lat' dir='ltr'><strong>editionis</strong></span> <span class='ocrx_word' id='word_1_508' title='bbox 1984 2169 2190 2218; x_wconf 83' lang='lat' dir='ltr'><strong>occupavit.</strong></span> <span class='ocrx_word' id='word_1_509' title='bbox 2202 2168 2271 2207; x_wconf 73' lang='lat' dir='ltr'><strong>alia</strong></span> 
     </span>
     <span class='ocr_line' id='line_1_78' title="bbox 1229 2219 1621 2269; baseline 0.003 -13"><span class='ocrx_word' id='word_1_510' title='bbox 1229 2227 1398 2269; x_wconf 79' lang='lat' dir='ltr'><strong>excerpta</strong></span> <span class='ocrx_word' id='word_1_511' title='bbox 1418 2219 1621 2259; x_wconf 76' lang='lat' dir='ltr'><strong>Vaticana:</strong></span> 
     </span>
    </p>

    <p class='ocr_par' dir='ltr' id='par_1_29' title="bbox 1404 2280 2033 2336">
     <span class='ocr_line' id='line_1_79' title="bbox 1404 2280 2033 2336; baseline -0.002 -17"><span class='ocrx_word' id='word_1_512' title='bbox 1404 2282 1465 2333; x_wconf 79' lang='lat' dir='ltr'><strong>qui</strong></span> <span class='ocrx_word' id='word_1_513' title='bbox 1484 2291 1615 2333; x_wconf 80' lang='lat' dir='ltr'><strong>quanto</strong></span> <span class='ocrx_word' id='word_1_514' title='bbox 1635 2280 1679 2329; x_wconf 89' lang='lat' dir='ltr'><strong>est</strong></span> <span class='ocrx_word' id='word_1_515' title='bbox 1694 2282 1840 2332; x_wconf 83' lang='lat' dir='ltr'><strong>pondere</strong></span> <span class='ocrx_word' id='word_1_516' title='bbox 1860 2290 1954 2319; x_wconf 83' lang='lat' dir='ltr'><strong>terra</strong></span> <span class='ocrx_word' id='word_1_517' title='bbox 1986 2303 2033 2336; x_wconf 41' lang='grc' dir='ltr'>ἦ</span> 
     </span>
    </p>

    <p class='ocr_par' dir='ltr' id='par_1_30' title="bbox 1278 2332 1731 2384">
     <span class='ocr_line' id='line_1_80' title="bbox 1278 2332 1731 2384; baseline 0 -15"><span class='ocrx_word' id='word_1_518' title='bbox 1278 2332 1429 2370; x_wconf 86' lang='lat' dir='ltr'><strong>Pondere</strong></span> <span class='ocrx_word' id='word_1_519' title='bbox 1448 2347 1560 2384; x_wconf 77' lang='lat' dir='ltr'><strong>aquae</strong></span> <span class='ocrx_word' id='word_1_520' title='bbox 1576 2333 1731 2383; x_wconf 82' lang='lat' dir='ltr'><strong>gravior.</strong></span> 
     </span>
    </p>
   </div>
   <div class='ocr_carea' id='block_1_22' title="bbox 1221 2391 2267 2845">
    <p class='ocr_par' dir='ltr' id='par_1_31' title="bbox 1221 2391 2267 2688">
     <span class='ocr_line' id='line_1_81' title="bbox 1227 2391 2168 2480; baseline 0 -51"><span class='ocrx_word' id='word_1_521' title='bbox 1227 2391 1436 2432; x_wconf 63' lang='lat' dir='ltr'><strong>Hnmsms.</strong></span> <span class='ocrx_word' id='word_1_522' title='bbox 1465 2395 1609 2451; x_wconf 75' lang='lat' dir='ltr'><strong>Qantq</strong></span> <span class='ocrx_word' id='word_1_523' title='bbox 1624 2394 1780 2480; x_wconf 53' lang='lat' dir='ltr'><strong>pffidere.</strong></span> <span class='ocrx_word' id='word_1_524' title='bbox 1804 2392 1899 2430; x_wconf 88' lang='lat' dir='ltr'><strong>Cod.</strong></span> <span class='ocrx_word' id='word_1_525' title='bbox 1920 2391 2091 2449; x_wconf 55' lang='lat' dir='ltr'><strong>Douzaeg</strong></span> <span class='ocrx_word' id='word_1_526' title='bbox 2144 2442 2168 2480; x_wconf 61' lang='lat' dir='ltr'>s</span> 
     </span>
     <span class='ocr_line' id='line_1_82' title="bbox 1224 2442 2267 2543; baseline 0.002 -13"><span class='ocrx_word' id='word_1_527' title='bbox 1224 2444 1634 2533; x_wconf 49' lang='lat' dir='ltr'><strong>stigiael‘ff’issdefgssfd.</strong></span> <span class='ocrx_word' id='word_1_528' title='bbox 1656 2444 1855 2543; x_wconf 56' lang='grc' dir='ltr'><strong>..ξῗὲἓῧὲἷ</strong></span> <span class='ocrx_word' id='word_1_529' title='bbox 1875 2442 2186 2531; x_wconf 39' lang='lat' dir='ltr'><strong>*aassssffffissfzff</strong></span> <span class='ocrx_word' id='word_1_530' title='bbox 2199 2443 2267 2541; x_wconf 63' lang='grc' dir='ltr'><strong>..ἐξ</strong></span> 
     </span>
     <span class='ocr_line' id='line_1_83' title="bbox 1221 2544 2266 2643; baseline 0.007 -17"><span class='ocrx_word' id='word_1_531' title='bbox 1221 2544 1576 2642; x_wconf 43' lang='lat' dir='ltr'><strong>&amp;ngonfisterefl</strong></span> <span class='ocrx_word' id='word_1_532' title='bbox 1623 2593 1757 2630; x_wconf 79' lang='lat' dir='ltr'><strong>Malim</strong></span> <span class='ocrx_word' id='word_1_533' title='bbox 1782 2620 1793 2638; x_wconf 88' lang='lat'><strong>,</strong></span> <span class='ocrx_word' id='word_1_534' title='bbox 1841 2591 2016 2643; x_wconf 80' lang='lat' dir='ltr'><strong>confidere.</strong></span> <span class='ocrx_word' id='word_1_535' title='bbox 2058 2593 2266 2633; x_wconf 58' lang='lat' dir='ltr'>HEXNSWS</span> 
     </span>
     <span class='ocr_line' id='line_1_84' title="bbox 1222 2638 1889 2688; baseline 0.004 -11"><span class='ocrx_word' id='word_1_536' title='bbox 1222 2638 1387 2688; x_wconf 79' lang='lat' dir='ltr'><strong>conststere</strong></span> <span class='ocrx_word' id='word_1_537' title='bbox 1409 2641 1540 2678; x_wconf 82' lang='lat' dir='ltr'><strong>nimbos</strong></span> <span class='ocrx_word' id='word_1_538' title='bbox 1562 2641 1681 2680; x_wconf 84' lang='lat' dir='ltr'><strong>codex</strong></span> <span class='ocrx_word' id='word_1_539' title='bbox 1707 2642 1889 2680; x_wconf 89' lang='lat' dir='ltr'><strong>Menardi.</strong></span> 
     </span>
    </p>

    <p class='ocr_par' dir='ltr' id='par_1_32' title="bbox 1276 2691 2043 2738">
     <span class='ocr_line' id='line_1_85' title="bbox 1276 2691 2043 2738; baseline 0.008 -13"><span class='ocrx_word' id='word_1_540' title='bbox 1276 2703 1334 2738; x_wconf 78' lang='grc' dir='ltr'><strong>ςς.</strong></span> <span class='ocrx_word' id='word_1_541' title='bbox 1361 2691 1534 2738; x_wconf 76' lang='lat' dir='ltr'><strong>Mentes.]</strong></span> <span class='ocrx_word' id='word_1_542' title='bbox 1562 2691 1660 2730; x_wconf 91' lang='lat' dir='ltr'><strong>Vide</strong></span> <span class='ocrx_word' id='word_1_543' title='bbox 1679 2693 1765 2730; x_wconf 89' lang='lat' dir='ltr'><strong>Infr.</strong></span> <span class='ocrx_word' id='word_1_544' title='bbox 1787 2692 1835 2730; x_wconf 91' lang='lat' dir='ltr'><strong>ad</strong></span> <span class='ocrx_word' id='word_1_545' title='bbox 1855 2703 1936 2731; x_wconf 89' lang='lat' dir='ltr'><strong>vers</strong></span> <span class='ocrx_word' id='word_1_546' title='bbox 1963 2704 2043 2732; x_wconf 82' lang='lat' dir='ltr'><strong>roo.</strong></span> 
     </span>
    </p>

    <p class='ocr_par' dir='ltr' id='par_1_33' title="bbox 1222 2740 2260 2845">
     <span class='ocr_line' id='line_1_86' title="bbox 1276 2740 2260 2792; baseline 0.009 -16"><span class='ocrx_word' id='word_1_547' title='bbox 1276 2740 1333 2787; x_wconf 76' lang='lat'><strong>56.</strong></span> <span class='ocrx_word' id='word_1_548' title='bbox 1363 2741 1533 2778; x_wconf 82' lang='lat' dir='ltr'><strong>Facientes</strong></span> <span class='ocrx_word' id='word_1_549' title='bbox 1546 2743 1682 2791; x_wconf 81' lang='lat' dir='ltr'><strong>frigora</strong></span> <span class='ocrx_word' id='word_1_550' title='bbox 1713 2742 1874 2792; x_wconf 78' lang='lat' dir='ltr'><strong>ventos.]</strong></span> <span class='ocrx_word' id='word_1_551' title='bbox 1903 2744 2056 2791; x_wconf 79' lang='lat' dir='ltr'><strong>Fulgura</strong></span> <span class='ocrx_word' id='word_1_552' title='bbox 2088 2743 2260 2785; x_wconf 85' lang='lat' dir='ltr'><strong>substitui-</strong></span> 
     </span>
     <span class='ocr_line' id='line_1_87' title="bbox 1222 2792 2125 2845; baseline 0.006 -18"><span class='ocrx_word' id='word_1_553' title='bbox 1222 2800 1328 2837; x_wconf 85' lang='lat' dir='ltr'><strong>mus,</strong></span> <span class='ocrx_word' id='word_1_554' title='bbox 1355 2799 1435 2829; x_wconf 90' lang='lat' dir='ltr'><strong>tum</strong></span> <span class='ocrx_word' id='word_1_555' title='bbox 1456 2792 1553 2830; x_wconf 86' lang='lat' dir='ltr'><strong>moti</strong></span> <span class='ocrx_word' id='word_1_556' title='bbox 1573 2793 1626 2831; x_wconf 88' lang='lat' dir='ltr'><strong>his</strong></span> <span class='ocrx_word' id='word_1_557' title='bbox 1647 2792 1803 2832; x_wconf 84' lang='lat' dir='ltr'><strong>verfibus</strong></span> <span class='ocrx_word' id='word_1_558' title='bbox 1823 2794 1921 2831; x_wconf 85' lang='lat' dir='ltr'><strong>tertii</strong></span> <span class='ocrx_word' id='word_1_559' title='bbox 1939 2794 2019 2832; x_wconf 87' lang='lat' dir='ltr'><strong>libri</strong></span> <span class='ocrx_word' id='word_1_560' title='bbox 2042 2807 2125 2845; x_wconf 87' lang='lat'><strong>300.</strong></span> 
     </span>
    </p>
   </div>
   <div class='ocr_carea' id='block_1_23' title="bbox 1281 2308 1379 2317">
    <p class='ocr_par' dir='ltr' id='par_1_34' title="bbox 1281 2308 1379 2317">
     <span class='ocr_line' id='line_1_88' title="bbox 1281 2308 1379 2317; baseline 0 1299"><span class='ocrx_word' id='word_1_561' title='bbox 1281 2308 1379 2317; x_wconf 95' lang='lat' dir='ltr'><strong> </strong></span> 
     </span>
    </p>
   </div>
   <div class='ocr_carea' id='block_1_24' title="bbox 1271 2865 2231 3017">
    <p class='ocr_par' dir='ltr' id='par_1_35' title="bbox 1271 2865 2231 3017">
     <span class='ocr_line' id='line_1_89' title="bbox 1524 2865 2030 2917; baseline 0.002 -16"><span class='ocrx_word' id='word_1_562' title='bbox 1524 2866 1696 2916; x_wconf 79' lang='lat' dir='ltr'><strong>Vultaque</strong></span> <span class='ocrx_word' id='word_1_563' title='bbox 1707 2865 1887 2917; x_wconf 72' lang='lat' dir='ltr'><strong>sequentia</strong></span> <span class='ocrx_word' id='word_1_564' title='bbox 1914 2866 2030 2903; x_wconf 82' lang='lat' dir='ltr'><strong>traxit</strong></span> 
     </span>
     <span class='ocr_line' id='line_1_90' title="bbox 1273 2914 2231 2967; baseline 0.001 -17"><span class='ocrx_word' id='word_1_565' title='bbox 1273 2914 1406 2951; x_wconf 80' lang='lat' dir='ltr'><strong>Nubila</strong></span> <span class='ocrx_word' id='word_1_566' title='bbox 1419 2943 1430 2959; x_wconf 92' lang='lat'>‚</span> <span class='ocrx_word' id='word_1_567' title='bbox 1457 2914 1535 2967; x_wconf 66' lang='lat' dir='ltr'><strong>quis</strong></span> <span class='ocrx_word' id='word_1_568' title='bbox 1555 2917 1687 2953; x_wconf 86' lang='lat' dir='ltr'><strong>nimbos</strong></span> <span class='ocrx_word' id='word_1_569' title='bbox 1698 2917 1931 2967; x_wconf 81' lang='lat' dir='ltr'><strong>immixtaque</strong></span> <span class='ocrx_word' id='word_1_570' title='bbox 1945 2916 2095 2966; x_wconf 80' lang='lat' dir='ltr'><strong>fulgura</strong></span> <span class='ocrx_word' id='word_1_571' title='bbox 2116 2916 2231 2954; x_wconf 73' lang='lat' dir='ltr'><strong>ventis</strong></span> 
     </span>
     <span class='ocr_line' id='line_1_91' title="bbox 1271 2965 2176 3017; baseline 0.002 -16"><span class='ocrx_word' id='word_1_572' title='bbox 1271 2965 1453 3012; x_wconf 81' lang='lat' dir='ltr'><strong>Addidit,</strong></span> <span class='ocrx_word' id='word_1_573' title='bbox 1481 2978 1525 3006; x_wconf 74' lang='lat' dir='ltr'><strong>ey</strong></span> <span class='ocrx_word' id='word_1_574' title='bbox 1546 2967 1695 3005; x_wconf 82' lang='lat' dir='ltr'><strong>tonitrus</strong></span> <span class='ocrx_word' id='word_1_575' title='bbox 1709 2995 1720 3012; x_wconf 94' lang='lat'>‚</span> <span class='ocrx_word' id='word_1_576' title='bbox 1747 2979 1791 3008; x_wconf 68' lang='lat' dir='ltr'><strong>ey</strong></span> <span class='ocrx_word' id='word_1_577' title='bbox 1811 2966 2013 3005; x_wconf 80' lang='lat' dir='ltr'><strong>inevitabile</strong></span> <span class='ocrx_word' id='word_1_578' title='bbox 2026 2967 2176 3017; x_wconf 80' lang='lat' dir='ltr'><strong>fulmen.</strong></span> 
     </span>
    </p>
   </div>
   <div class='ocr_carea' id='block_1_25' title="bbox 1215 3033 2342 3097">
    <p class='ocr_par' dir='ltr' id='par_1_36' title="bbox 1215 3033 2342 3097">
     <span class='ocr_line' id='line_1_92' title="bbox 1215 3033 2342 3097; baseline -0.007 -20"><span class='ocrx_word' id='word_1_579' title='bbox 1215 3036 1321 3077; x_wconf 83' lang='lat' dir='ltr'><strong>Tum</strong></span> <span class='ocrx_word' id='word_1_580' title='bbox 1342 3038 1506 3077; x_wconf 84' lang='lat' dir='ltr'><strong>maxime</strong></span> <span class='ocrx_word' id='word_1_581' title='bbox 1526 3039 1637 3078; x_wconf 88' lang='lat' dir='ltr'><strong>sensu.</strong></span> <span class='ocrx_word' id='word_1_582' title='bbox 1674 3040 1809 3097; x_wconf 88' lang='lat' dir='ltr'><strong>quippe</strong></span> <span class='ocrx_word' id='word_1_583' title='bbox 1842 3038 1906 3095; x_wconf 77' lang='lat' dir='ltr'><strong>qui</strong></span> <span class='ocrx_word' id='word_1_584' title='bbox 1926 3038 2071 3079; x_wconf 86' lang='lat' dir='ltr'><strong>insulsus</strong></span> <span class='ocrx_word' id='word_1_585' title='bbox 2093 3065 2105 3081; x_wconf 88' lang='lat'>,</span> <span class='ocrx_word' id='word_1_586' title='bbox 2142 3035 2181 3071; x_wconf 65' lang='grc' dir='ltr'><strong>ὃς</strong></span> <span class='ocrx_word' id='word_1_587' title='bbox 2201 3033 2261 3072; x_wconf 60' lang='lat' dir='ltr'><strong>fao,</strong></span> <span class='ocrx_word' id='word_1_588' title='bbox 2339 3078 2342 3081; x_wconf 19' lang='lat' dir='ltr'>v</span> 
     </span>
    </p>
   </div>
   <div class='ocr_carea' id='block_1_26' title="bbox 1213 3083 2254 3238">
    <p class='ocr_par' dir='ltr' id='par_1_37' title="bbox 1213 3083 2254 3238">
     <span class='ocr_line' id='line_1_93' title="bbox 1213 3083 2254 3140; baseline -0.006 -14"><span class='ocrx_word' id='word_1_589' title='bbox 1213 3096 1297 3126; x_wconf 82' lang='lat' dir='ltr'><strong>tuus</strong></span> <span class='ocrx_word' id='word_1_590' title='bbox 1329 3090 1449 3134; x_wconf 86' lang='lat' dir='ltr'><strong>foret,</strong></span> <span class='ocrx_word' id='word_1_591' title='bbox 1497 3101 1567 3128; x_wconf 89' lang='lat' dir='ltr'><strong>nec</strong></span> <span class='ocrx_word' id='word_1_592' title='bbox 1599 3090 1783 3140; x_wconf 83' lang='lat' dir='ltr'><strong>Majestan</strong></span> <span class='ocrx_word' id='word_1_593' title='bbox 1815 3089 1931 3129; x_wconf 77' lang='lat' dir='ltr'><strong>divini</strong></span> <span class='ocrx_word' id='word_1_594' title='bbox 1962 3087 2077 3137; x_wconf 84' lang='lat' dir='ltr'><strong>operis</strong></span> <span class='ocrx_word' id='word_1_595' title='bbox 2108 3083 2254 3131; x_wconf 83' lang='lat' dir='ltr'><strong>respon-</strong></span> 
     </span>
     <span class='ocr_line' id='line_1_94' title="bbox 1216 3131 2253 3191; baseline -0.005 -15"><span class='ocrx_word' id='word_1_596' title='bbox 1216 3138 1327 3184; x_wconf 88' lang='lat' dir='ltr'><strong>dens,</strong></span> <span class='ocrx_word' id='word_1_597' title='bbox 1364 3139 1391 3176; x_wconf 91' lang='lat' dir='ltr'><strong>fi</strong></span> <span class='ocrx_word' id='word_1_598' title='bbox 1413 3140 1549 3190; x_wconf 86' lang='lat' dir='ltr'><strong>frigora</strong></span> <span class='ocrx_word' id='word_1_599' title='bbox 1578 3140 1737 3191; x_wconf 87' lang='lat' dir='ltr'><strong>legeres:</strong></span> <span class='ocrx_word' id='word_1_600' title='bbox 1775 3153 1863 3179; x_wconf 83' lang='lat' dir='ltr'><strong>nam</strong></span> <span class='ocrx_word' id='word_1_601' title='bbox 1894 3138 1994 3175; x_wconf 86' lang='lat' dir='ltr'><strong>venti</strong></span> <span class='ocrx_word' id='word_1_602' title='bbox 2025 3145 2103 3172; x_wconf 90' lang='lat' dir='ltr'><strong>non</strong></span> <span class='ocrx_word' id='word_1_603' title='bbox 2134 3131 2253 3188; x_wconf 83' lang='lat' dir='ltr'><strong>modo</strong></span> 
     </span>
     <span class='ocr_line' id='line_1_95' title="bbox 1214 3184 2253 3238; baseline -0.004 -12"><span class='ocrx_word' id='word_1_604' title='bbox 1214 3189 1381 3238; x_wconf 56' lang='lat' dir='ltr'><strong>frigorem,</strong></span> <span class='ocrx_word' id='word_1_605' title='bbox 1433 3202 1564 3229; x_wconf 86' lang='lat' dir='ltr'><strong>verum</strong></span> <span class='ocrx_word' id='word_1_606' title='bbox 1596 3193 1709 3230; x_wconf 82' lang='lat' dir='ltr'><strong>etiam</strong></span> <span class='ocrx_word' id='word_1_607' title='bbox 1750 3192 1885 3229; x_wconf 83' lang='lat' dir='ltr'><strong>calores</strong></span> <span class='ocrx_word' id='word_1_608' title='bbox 1922 3184 2102 3233; x_wconf 84' lang='lat' dir='ltr'><strong>aestusque</strong></span> <span class='ocrx_word' id='word_1_609' title='bbox 2141 3190 2253 3222; x_wconf 84' lang='lat' dir='ltr'><strong>inter·</strong></span> 
     </span>
    </p>
   </div>
   <div class='ocr_carea' id='block_1_27' title="bbox 1215 3235 2251 3334">
    <p class='ocr_par' dir='ltr' id='par_1_38' title="bbox 1215 3235 2251 3334">
     <span class='ocr_line' id='line_1_96' title="bbox 1215 3235 2251 3334; baseline -0.002 -55"><span class='ocrx_word' id='word_1_610' title='bbox 1215 3239 1306 3280; x_wconf 78' lang='lat' dir='ltr'><strong>dum</strong></span> <span class='ocrx_word' id='word_1_611' title='bbox 1327 3241 1609 3296; x_wconf 64' lang='lat' dir='ltr'><strong>ferventiffimos</strong></span> <span class='ocrx_word' id='word_1_612' title='bbox 1626 3242 1799 3328; x_wconf 56' lang='lat' dir='ltr'><strong>infergnt.</strong></span> <span class='ocrx_word' id='word_1_613' title='bbox 1825 3240 1842 3288; x_wconf 90' lang='lat' dir='ltr'>J</span> <span class='ocrx_word' id='word_1_614' title='bbox 1849 3248 1961 3278; x_wconf 66' lang='lat' dir='ltr'><strong>Acon.</strong></span> <span class='ocrx_word' id='word_1_615' title='bbox 1983 3248 2006 3275; x_wconf 73' lang='lat' dir='ltr'>A</span> <span class='ocrx_word' id='word_1_616' title='bbox 2019 3235 2251 3334; x_wconf 52' lang='lat' dir='ltr'><strong>CmSJgsacm</strong></span> 
     </span>
    </p>
   </div>
  </div>
 </body>
</html>
