2483 3616
268 158 399 238 8905,

728 170 788 227 P.
862 160 1277 226 OVIDII
1347 164 1877 225 NASONIS

418 289 516 343 415
556 268 800 331 Mittitur
823 273 1090 343 Astyanax
1114 267 1213 323 illis
1237 267 1307 322 de
1330 269 1562 348 turribus
1577 307 1594 332 ,
1631 271 1778 328 unde

563 346 897 420 Pugnantem
923 359 1022 414 pro
1046 343 1097 395 se
1112 379 1128 404 ‚
1164 350 1511 412 proavltaque
1533 358 1696 411 regna
1720 356 1965 400 tuentem
1981 381 1998 406 ,

567 420 732 492 Saepe
756 417 942 472 videre
965 427 1202 487 patrem,
1226 410 1575 467 monstratum
1602 414 1632 465 a
1656 428 1852 480 matre,
1874 415 2089 472 solebat.

557 494 782 564 Jamque
807 490 944 544 viam
971 487 1155 542 suadet
1178 485 1409 545 Boreas;
1449 484 1689 556 flatuque
1712 485 1948 544 secundo

565 563 792 618 Carbasa
814 573 961 616 mota
984 560 1171 615 sonant
1197 576 1208 611 :
1244 556 1395 628 jubet
1422 556 1501 610 uti
1526 555 1703 610 navita
1725 559 1912 613 ventis,

418 657 522 707 420
559 635 760 707 Troja‚
797 636 953 690 vale:
995 632 1257 704 rapimur,
1293 630 1560 684 clamant:
1601 627 1838 701 dantque
1862 632 2035 688 oscula
2057 646 2230 692 terrae

560 709 810 765 Troades
837 727 848 762 :
890 707 944 760 &
970 705 1167 777 patriae
1193 702 1448 757 fumantia
1475 700 1615 756 tesia
1639 701 1963 773 relinquunt.

563 780 769 845 ⁴Ultima
792 778 1103 835 conscendit
1129 774 1338 830 classem
1360 774 1678 837 <miserabile
1703 774 1841 843 visu)

556 854 615 909 In
641 855 830 908 mediis
856 850 1090 906 Hecube
1114 862 1366 904 natorum
1390 847 1603 903 inventa
1628 847 1894 917 sepulcriS.

562 926 905 980 Prensantem
932 923 1197 985 tumulos,
1238 934 1399 994 atque
1429 920 1626 974 offibus
1653 921 1828 974 oscula
1853 919 2074 977 dantem

416 1019 518 1074 425
558 998 841 1053 Dulichiae
866 997 1075 1051 traxere
1101 1011 1300 1050 manus.
1337 1007 1516 1047 tamen
1540 992 1693 1047 unius
1717 991 1910 1055 hausit,

557 1071 723 1144 Inque
750 1072 862 1127 finu
886 1069 1087 1124 cineres
1111 1068 1292 1123 secum
1315 1066 1435 1121 tulit
1461 1064 1718 1120 Hecioris
1742 1065 1967 1121 haustos,

267 1287 318 1327 bo
350 1288 388 1326 ὅ(
415 1287 640 1326 Ciceronem
667 1284 772 1325 usum
802 1291 934 1323 monet
964 1283 1011 1321 A.
1034 1282 1174 1321 Gellius
1196 1279 1311 1319 Noet.

268 1340 385 1377 Attic.
416 1351 505 1376 xxxx.
529 1349 606 1387 cap.
633 1349 689 1382 19.
722 1336 917 1373 Sacerdotes
938 1334 1073 1372 Cereris
1092 1344 1198 1384 atque
1217 1332 1314 1369 illius

258 1395 349 1437 sunt
375 1389 563 1437 antistitae.
594 1389 707 1426 Plaut.
727 1386 888 1425 Rudent.
913 1398 969 1425 11.
1001 1397 1056 1424 11.
1087 1396 1145 1422 10.
1173 1383 1315 1421 Veneria

266 1439 437 1487 antistita.
466 1440 540 1477 Ubi
563 1439 637 1478 vid.
661 1438 824 1478 Taubm.
843 1438 946 1486 Virg.
966 1436 1045 1474 Ciri
1071 1435 1151 1474 166.
1176 1433 1317 1484 Cybeles

264 1491 438 1538 antistita.
468 1491 612 1528 Hans,
797 1496 802 1499 ’

315 1554 398 1589 4ῐς.
428 1541 594 1578 Mittitur
610 1540 800 1590 Astyanax
816 1538 890 1577 illis
908 1539 949 1576 de
968 1534 1162 1585 turribus]
1192 1535 1246 1574 Ita
1258 1536 1315 1575 su-

264 1594 384 1641 perius
413 1592 578 1642 loquitur
606 1591 667 1629 lib.
688 1603 798 1629 vx11.
821 1602 880 1639 39.
907 1590 965 1637 Est
984 1590 1130 1639 impetus
1148 1586 1204 1625 illi
1225 1592 1314 1623 Tur-

2296 1141 2416 1203 He-

1417 1279 1502 1326 416.
1531 1284 1751 1328 pugnantem
1765 1286 1825 1328 pro
1836 1278 1874 1327 se
1881 1277 2112 1331 proavitaque
2122 1292 2224 1329 regna
2235 1282 2419 1336 tuentem]

1367 1330 1462 1368 Illud
1474 1330 1535 1378 ft,
1563 1332 1601 1367 ὃς
1626 1329 1832 1368 Hectorem
1855 1330 1894 1367 &
1918 1330 2133 1379 Astyanacta
2145 1332 2278 1370 referre
2291 1334 2420 1382 potest.

1364 1380 1531 1432 proavita
1549 1390 1674 1418 autem
1693 1379 1911 1429 generaliter
1932 1380 2045 1425 dixit,
2075 1392 2142 1430 pro
2162 1383 2347 1432 majorum
2367 1396 2424 1424 re-
2444 1380 2455 1410 ·'

1369 1444 1470 1482 gno,
1499 1432 1538 1470 ὃς
1569 1441 1724 1468 tuentem
1754 1431 1901 1480 proprie
1933 1430 1954 1469 a
1986 1442 2105 1476 tueor,
2132 1434 2232 1471 unde
2254 1435 2292 1472 δὲ
2315 1445 2422 1476 tutor.
2444 1444 2451 1461 -’

1370 1484 1483 1521 GLAR
1493 1494 1583 1521 Em.
1612 1488 1795 1519 Tonantem
1812 1479 1916 1520 Voff.
1931 1482 2099 1522 Leidens.
2112 1483 2150 1521 &
2163 1483 2260 1523 Flor.
2272 1485 2306 1524 S.
2316 1486 2421 1526 Mar-

1371 1536 1404 1573 ci
1420 1562 1432 1580 ,
1455 1535 1494 1572 &
1517 1534 1683 1583 quinque
1695 1533 1767 1571 alii.
2446 1539 2449 1541 ’

1419 1584 1505 1632 418.
1533 1585 1692 1634 Jamque
1727 1583 1829 1622 viam
1861 1585 2027 1635 suadet.]
2078 1585 2268 1625 Leidenfis
2297 1587 2421 1628 codex
2447 1584 2449 1586 ’

264 1642 359 1688 ribus
379 1644 397 1680 ἒ
416 1643 568 1692 summis
590 1642 628 1680 in
648 1641 772 1690 Gnofia
799 1642 937 1692 mitterf
957 1650 1071 1689 corpus
1091 1639 1225 1687 Castra.
1260 1638 1310 1676 Et
1363 1636 1529 1685 spondet,
1555 1636 1661 1685 quod
1688 1635 1912 1685 elegantius,
1940 1648 2053 1682 quam
2076 1644 2116 1675 ut
2134 1649 2155 1675 a
2172 1638 2318 1677 librario
2338 1639 2421 1679 rudi

264 1693 341 1731 ibid
368 1706 453 1741 250.
490 1700 662 1743 Sacraque
690 1707 731 1730 ex
758 1705 836 1730 arce
866 1692 1054 1729 Minervae
1082 1688 1309 1739 Praecipitem

265 1742 372 1794 mifit.
397 1745 487 1783 Alio
509 1744 628 1783 modo
645 1744 810 1794 loquitur
831 1743 937 1782 Silius
956 1743 1018 1780 lib.
1042 1752 1099 1780 11.
1125 1753 1206 1789 145.

316 1824 418 1838 ·—
444 1809 562 1858 vastae
573 1810 611 1858 se
629 1809 777 1847 culmine
796 1808 903 1846 turris
922 1807 1146 1857 Praecipitem
1158 1806 1262 1854 jacit.

267 1867 421 1907 Calchas
454 1870 550 1919 apud
581 1870 758 1908 Senecam
785 1870 823 1906 in
854 1868 1035 1906 Troadib.
1064 1867 1316 1917 praedixerat,

270 1926 352 1956 tum
385 1921 547 1959 Graecos
572 1920 691 1970 Troja
708 1921 805 1958 abire
827 1916 951 1968 poffe,
980 1918 1064 1956 cum
1087 1918 1275 1967 Astyanax
1293 1915 1314 1955 ὲ

266 1971 355 2007 turri
375 1971 512 2020 ejectus
534 1970 663 2009 fuiffet.
684 1972 786 2021 cujus
806 1971 897 2008 haec
917 1970 1008 2009 sunt.
1028 1970 1084 2013 jis.
1100 1970 1185 2020 368.

495 2026 603 2059 Turre
621 2023 662 2060 de
674 2023 821 2071 summa
843 2020 947 2058 cadat

316 2071 455 2109 Priami
474 2082 570 2123 nepos
588 2076 766 2110 Hectoreas
779 2101 788 2117 ‚
815 2082 858 2111 <9¹
877 2071 986 2109 letum
1008 2080 1153 2122 oppetat.

317 2128 406 2159 Tum
424 2123 520 2160 mille
542 2123 630 2160 velis
651 2124 797 2174 impleat
815 2120 917 2170 claffis
929 2124 1043 2170 freta.

269 2172 318 2210 Et
339 2185 430 2211 mox
447 2175 604 2212 nuncius
622 2174 677 2217 ybs.
700 2176 806 2212 1062.

318 2227 482 2262 Mactata
501 2225 599 2274 virgo
619 2224 663 2274 est
675 2253 686 2271 ,
714 2225 831 2275 missus
854 2224 871 2262 ὶ
890 2223 1000 2262 muris
1014 2231 1110 2273 puer.

263 2271 404 2314 Ennius
423 2289 432 2313 ι

317 2327 469 2363 Hectoris
491 2336 617 2364 natam
636 2326 677 2364 de
695 2339 793 2364 muro
804 2326 948 2376 jaffari.

262 2372 316 2412 Et
332 2377 427 2425 apud
448 2378 661 2427 Euripidem
682 2380 732 2416 ita
750 2378 914 2428 loquitur
934 2376 1170 2426 Talthybius.

320 2426 432 2471 P‘lsscct
452 2430 492 2465 δὲ
514 2431 652 2475 πύργων
673 2428 731 2465 δεῖ
745 2430 819 2475 σφε
840 2429 997 2474 Τρωϊκῶν
1017 2428 1106 2464 ἀπὸ.

264 2475 495 2527 Praecipitari
510 2480 625 2528 ipsum
645 2489 794 2530 oportet
814 2480 859 2518 de
878 2479 1032 2517 turribus
1053 2477 1241 2528 Trojanis.
1265 2477 1314 2515 Et

270 2525 556 2576 Tryphiodorus
571 2544 579 2568 :

322 2577 406 2616 H‘ss
427 2582 676 2626 κυβιςῆσαντοι
694 2582 844 2629 Sin-spiam
864 2580 941 2621 ἀπὸ
962 2582 1126 2627 πύργων,

314 2631 431 2673 Χειρὶς
452 2630 638 2676 Ο’Συσσῆος
657 2633 753 2671 ὀλοὸν
773 2636 882 2678 μέλος
896 2635 1083 2680 diffidam

315 2679 548 2729 Αὐδρομίιχη
566 2687 722 2728 μινύωρον
741 2685 913 2722 {adauctu
937 2681 1184 2728 A'evcc'uoemoe.

318 2732 393 2779 Ipsa
414 2732 496 2768 verb
513 2734 776 2782 praecipitatum
799 2736 840 2772 de
859 2736 943 2773 altis
964 2735 1119 2773 turribus

317 2786 437 2817 Manu
459 2781 568 2819 Ulixis
589 2784 751 2832 miserum
765 2785 885 2832 filium
903 2787 1092 2835 conspicata

317 2832 567 2869 Andromache
580 2860 590 2876 ,
612 2842 772 2882 parvum
793 2835 928 2883 lugebat
949 2837 1184 2884 Astyanabia.

265 2880 453 2921 Ausonius
479 2883 647 2932 Epitaph.
668 2897 729 2922 xv.

316 2931 392 2970 Flos
413 2932 538 2982 Aſsae,
566 2944 737 2984 tantaque
756 2948 845 2972 unus
863 2935 902 2971 de
917 2945 1015 2983 gente
1031 2935 1214 2984 superstes,

318 2984 498 3021 Parvulas
512 3013 522 3029 ,
550 2985 699 3033 Argivis
712 2986 775 3034 sed
786 2985 865 3034 jam
887 2986 928 3022 de
942 2995 1041 3034 patre
1060 2986 1236 3023 timendus
1248 3013 1260 3031 ,

314 3034 382 3071 Hic
392 3036 489 3083 jaceo
508 3035 695 3082 Astyanax
710 3064 718 3080 ,
746 3036 854 3072 Scaeis
877 3036 1021 3084 dejectus
1041 3036 1085 3071 ab
1105 3037 1200 3074 altis.

313 3091 381 3122 Pro
403 3085 524 3122 dolor!
547 3086 667 3131 iliaci,
697 3086 872 3135 Neptunia
895 3088 1027 3123 moenia
1042 3115 1052 3130 ,
1082 3087 1178 3123 muri

313 3136 484 3173 Viderunt
499 3136 636 3185 aliquid
654 3138 824 3174 crudelius
848 3139 982 3174 Hefiore
1003 3139 1127 3174 tracio.

262 3186 432 3225 Cxorau.
466 3188 541 3226 Alii
574 3187 721 3226 tradunt
754 3188 971 3237 Astyanacta
1001 3199 1155 3237 regnum
1187 3188 1310 3237 postea

262 3236 471 3286 Trojanum
494 3237 659 3276 tenuisse.
675 3239 747 3277 vid.
760 3240 858 3276 Serv.
871 3239 915 3276 ad
929 3239 1218 3287 Virgil.‘1x.264.
1245 3240 1317 3279 Sed

258 3290 455 3327 communi
470 3290 639 3339 opinioni
651 3290 792 3330 accedit
816 3290 861 3330 ad
880 3290 941 3330 lib.
954 3303 997 3330 11.
1011 3302 1094 3340 453.
1106 3292 1143 3338 &
1156 3291 1318 3342 tin-489.

1371 1687 1670 1736 proficisceretur.
1697 1697 1849 1736 agemus
1878 1687 1923 1725 de
1954 1688 2028 1725 hoc
2052 1687 2165 1726 verbo
2176 1688 2222 1727 ad
2237 1689 2433 1730 Va1.F1ac.-

1369 1748 1426 1777 vx.
1452 1749 1532 1785 117.
1559 1738 1608 1776 ita
1625 1737 1722 1787 apud
1743 1737 1873 1776 Claud.
1898 1750 1930 1776 1.
1949 1739 1987 1776 in
2011 1739 2099 1777 Ruf.
2124 1750 2205 1788 143.

1421 1808 1499 1841 Heu
1519 1803 1622 1853 nescis
1640 1802 1726 1853 quid
1735 1804 1821 1850 fata
1843 1801 1931 1848 tibi,
1958 1804 2045 1853 quid
2056 1803 2173 1855 sidera
2182 1805 2364 1856 spondent.

1369 1877 1411 1908 ut
1439 1869 1489 1907 est
1517 1870 1555 1907 in
1580 1869 1721 1907 Moreti
1743 1867 1887 1906 codice.
1907 1869 2010 1917 quod
2030 1869 2230 1920 elegantius
2250 1869 2422 1921 vulgati,¹
2438 1888 2440 1890 ’

1369 1922 1409 1958 &
1427 1920 1682 1970 sequentibus,
1710 1919 1811 1968 Qid
1821 1919 1974 1965 fortuna
1994 1929 2119 1969 paret,
2147 1923 2262 1972 magis
2283 1934 2426 1961 conve-

1367 1972 1473 2010 niens
1494 1972 1587 2009 mihi
1608 1971 1765 2009 videtur.
1793 1968 1840 2006 fic
1862 1968 1961 2005 idem
1986 1982 2031 2007 11.
2053 1971 2090 2008 in
2116 1972 2267 2022 Eutrop.
2293 1984 2353 2022 57.

1420 2029 1675 2071 Hortantesque
1695 2021 1772 2057 licet
1784 2019 1989 2068 sponderent
2007 2022 2159 2071 prospera
2181 2024 2286 2061 Divi.

1368 2072 1514 2121 vulgata
1538 2083 1664 2110 tamen
1688 2068 1928 2109 defendisatis
1941 2071 2068 2118 potest.
2097 2072 2422 2125 ficEpist.v11.5-5.
2482 2113 2483 2117 ,

1420 2129 1465 2160 Ut
1489 2123 1609 2173 Pelago
1621 2122 1793 2173 suadente
1812 2120 1920 2159 etiam
1942 2121 2137 2161 retinacula
2147 2125 2304 2173 fhlvam.
2482 2131 2483 2139 ¹

1369 2173 1502 2212 Bum.

1419 2238 1506 2274 419.
1534 2224 1693 2271 Carbasa
1706 2223 1841 2274 mota]
1873 2224 1979 2273 Tenstt
1990 2236 2084 2264 unus
2097 2236 2216 2266 meus.
2229 2226 2344 2277 Ep.x.
2361 2238 2423 2278 30.

1419 2276 1501 2314 Vidi
1514 2277 1693 2326 praecipiti
1710 2276 1851 2325 carbasa
1873 2287 1972 2313 tenta
1992 2287 2080 2315 noto.

1368 2327 1453 2365 Val.
1475 2328 1624 2366 Flaccus
1644 2328 1736 2364 libro
1759 2339 1809 2364 1v.
1832 2339 1919 2374 422.

1593 2377 1722 2427 placidi
1741 2377 1930 2415 tendebant
1948 2378 2091 2428 carbasa
2108 2378 2220 2418 venti.

1368 2429 1502 2477 Virgil.
1530 2428 1622 2470 AEn.
1644 2441 1724 2468 111.
1743 2429 1829 2467 268.
1858 2429 2019 2468 Tendunt
2037 2430 2118 2469 vela
2139 2431 2237 2469 Noti²
2264 2431 2303 2470 &
2323 2431 2418 2472 libro
2479 2422 2483 2476 J

1369 2493 1405 2519 v.
1435 2492 1495 2530 32.

1830 2532 1913 2569 vela
1923 2532 2069 2581 secundi

1421 2583 1619 2622 latendum
1640 2583 1799 2633 Zephyri.
1854 2585 2000 2622 Hnms.

1421 2646 1507 2681 420.
1538 2641 1637 2672 Dant
1655 2634 1806 2683 oscula]
1838 2640 2005 2685 Dantque
2023 2645 2068 2673 ex
2090 2633 2238 2683 scriptis.
2266 2634 2384 2675 IDEM.
2427 2683 2429 2686 Ι

1420 2697 1504 2731 421.
1533 2685 1765 2735 fumantia]
1795 2685 2040 2725 flammantia
2058 2685 2249 2729 duolibri,
2277 2687 2417 2735 quodfl
2475 2683 2483 2728 Ξ

1369 2737 1585 2783 recipiatur,
1606 2749 1650 2774 ex
1671 2736 1746 2784 ipso
1769 2737 1943 2774 incendio
1957 2734 2418 2784 adhucgraffanteintedta
2473 2749 2483 2783 4

1366 2795 1488 2874 {laptos
1518 2788 1706 2825 indicaret,
1733 2788 1782 2825 ita
1815 2788 1881 2837 ins.
1912 2786 1972 2825 lib.
1993 2798 2073 2824 xxv.
2095 2785 2153 2823 86.
2176 2787 2329 2836 quidam
2352 2801 2418 2836 co·e
2472 2807 2483 2831 η

1393 2847 1488 2875 1ces:
2481 2862 2483 2865 ·

1809 2896 1986 2936 terrasque
2006 2886 2133 2924 calenti

1417 2938 1557 2984 Sulfm‘e
1570 2937 1812 2987 flammantes.

1367 2986 1405 3023 &
1426 2989 1500 3025 hoc
1521 2989 1612 3026 libro
1635 2988 1716 3033 848.
1745 2999 1789 3024 ex
1813 2986 1896 3025 Mff.

1420 3039 1539 3086 Turpis
1555 3052 1660 3086 equus
1675 3067 1684 3082 ‚
1707 3037 1772 3086 nisi
1787 3037 1872 3074 colla
1887 3038 1994 3088 jubae
2006 3039 2239 3091 flammantia
2261 3043 2390 3082 velent.

1366 3086 1426 3124 ubi
1458 3090 1568 3137 vulgo
1596 3088 1793 3137 flaventia,
1822 3101 1916 3138 quae
1946 3103 2022 3128 vox
2050 3091 2153 3139 saepe
2185 3103 2416 3134 commutata

1365 3149 1451 3176 curn
1464 3138 1691 3226 fliqmmante.
1721 3141 1770 3178 ita
1789 3140 1885 3189 apud
1904 3141 2033 3180 Claud.
2057 3154 2138 3180 111.
2157 3142 2194 3180 in
2214 3143 2332 3184 Stilict
2357 3146 2415 3186 18.

1365 3200 1414 3227 ex
1434 3191 1491 3227 Mi
1510 3219 1518 3227 .

1662 3240 1738 3280 Illic
1752 3239 1963 3292 flammante
1979 3240 2161 3293 Sygambri

1421 3290 1594 3342 Caesarie.
1798 3306 1801 3308 ·
1936 3309 1940 3311 ·
