2483 3616
307 171 1542 241 METAMORPHOSEON
1613 173 1756 232 Lm.
1808 176 1981 238 XIV.

615 375 783 423 ΕΑΒ.

2091 196 2188 254 941

850 373 1615 426 1V.AR<÷u1v1.2N1-u-M.

894 539 1068 606 Sibylla
1101 541 1149 589 in
1181 556 1361 591 vocem.

119 705 300 771 'Apollo‚
323 708 456 769 Jovis
480 707 534 760 δέ
556 708 750 755 Latonae
761 706 913 767 filius,
952 713 973 732 ²*
998 708 1201 766 Sibyllam
1215 710 1367 755 Glauci
1377 708 1524 769 filiam
1538 722 1629 753 cum
1652 707 1875 771 diligeret,
1901 708 1921 736 Β
1944 722 2024 771 pro
2046 726 2189 759 concu-

57 774 146 821 bitu
169 774 341 833 optandi
370 778 386 797 ⁰
421 776 592 819 veniam
615 774 782 819 tribuit.

851 768 869 796 ‘¹
902 777 970 819 At
993 775 1069 818 illa
1088 776 1134 819 in
1156 776 1318 835 longum
1339 777 1511 819 viHura
1534 783 1720 832 tempus,
1766 779 1783 798 ³
1803 774 2001 835 spatians
2024 779 2069 823 in
2090 780 2187 824 lito-

57 854 129 897 re,
173 838 318 898 hausto
359 834 375 861 s
390 851 526 899 pugno
562 852 739 895 arenae,
773 840 888 898 petit
923 848 987 883 tot
1020 853 1224 883 annorum
1246 838 1468 898 spatium,
1513 848 1610 898 quot
1631 848 1780 897 partes
1813 839 1900 898 ejus
1926 843 2190 890 dinumerare

47 904 189 964 postet.

257 904 398 964 Igitur
423 901 641 962 praestata
663 901 754 960 fide
779 907 797 934 g
830 901 890 948 ad
920 911 1104 960 tempus,
1129 901 1338 962 seneotute
1378 903 1535 962 dilapso
1572 917 1761 962 corpore,
1807 906 1952 950 reliffta
1985 906 2039 965 est
2063 923 2147 954 vox
2171 941 2189 968 ‚

56 982 158 1028 quae
183 967 386 1026 Sibyllam
408 964 427 992 ¹²
460 967 680 1014 indicaret.
745 966 871 1013 Deus
889 981 988 1013 vero
1011 962 1019 989 ¹
1042 967 1232 1027 voluzffit
1255 970 1415 1014 morari
1435 982 1527 1014 eam
1548 970 1592 1016 in
1615 984 1659 1015 eo
1681 982 1846 1014 munere
1872 984 1888 1015 ,·
1917 968 2002 1032 sed
2021 972 2098 1019 illa
2117 988 2192 1032 ne:

50 1033 182 1093 glexit
203 1031 271 1078 dei
291 1034 568 1079 voluntatem.

52 1307 145 1336 num
172 1295 347 1335 describit.
372 1297 522 1348 Apulej.
545 1310 617 1337 vn.
644 1298 740 1348 Mjet.
767 1299 849 1348 Visa
875 1299 917 1337 ea*
938 1308 1096 1338 contorta

54 1358 97 1387 (9¹
115 1346 332 1396 vituperanti
351 1362 433 1385 nare
453 1348 601 1398 disceffi't.
620 1350 658 1387 δί
679 1351 800 1398 postea
814 1379 824 1396 ,
853 1357 949 1388 Nare
959 1351 1092 1388 detorta

56 1398 155 1433 varie
184 1397 368 1436 cavillans.
396 1400 495 1437 unde
523 1402 561 1436 δε
587 1400 707 1438 Persio
740 1403 857 1450 rugosa
869 1403 986 1450 sanna
1006 1402 1096 1440 dici-

54 1454 113 1485 tur
126 1475 136 1490 ‚
163 1447 264 1496 quod
283 1460 385 1486 nares
405 1451 443 1487 in
463 1450 571 1487 sanna
592 1461 829 1499 corrugantur
852 1454 889 1489 &
910 1451 1096 1491 fimantur.

55 1505 164 1546 atque
184 1499 271 1535 hinc
297 1500 391 1537 fiorte
414 1501 664 1539 emendandus
675 1502 893 1551 Hesychius,
913 1503 1013 1547 σιμὸς
1033 1515 1098 1540 τυ-

53 1547 162 1594 φλὸς·
196 1560 281 1586 cum
302 1549 531 1588 scribendum
553 1551 740 1596 videatur,
769 1553 1034 1602 ‘twaeagestu
1046 1555 1098 1592 fa-

53 1597 170 1635 stuoso
191 1598 428 1647 superborum
449 1602 663 1641 hominum.
689 1604 1098 1652 Marcian.Capellasub

60 1646 174 1686 finem
197 1649 276 1687 libri
299 1662 334 1687 v.

103 1711 208 1760 Qod
221 1710 256 1760 fi
269 1712 458 1760 probatur,
487 1722 530 1754 (ς’
545 1724 636 1751 caret
648 1715 790 1763 fastidio
804 1744 815 1760 ,

103 1762 288 1798 Nonnulla
305 1772 435 1812 promet
449 1792 459 1809 ,
487 1778 574 1812 quae
594 1767 731 1802 novella
749 1766 874 1806 texuit.

104 1811 164 1848 Sin
178 1816 295 1860 sanna
317 1814 423 1862 Typhi
443 1816 539 1851 naris
561 1816 672 1852 imum
695 1817 853 1867 torseris,

105 1861 237 1908 Pigebit
254 1876 355 1899 arma
374 1864 537 1913 horruiffi’
555 1866 697 1905 caelites.

53 1909 116 1949 ubi
135 1911 275 1950 fortaffe
298 1913 572 1963 retingendum,

106 1972 169 2027 'sin
183 1976 298 2022 sanna
319 1977 461 2025 typhum
483 1991 566 2015 nare
583 1977 671 2025 [ima
693 1979 878 2028 intorserit.

41 2019 312 2071 ‘Hieronymus
345 2028 383 2063 in
414 2029 592 2067 Psalmum
626 2042 685 2072 11,
722 2031 951 2079 subsannatio
967 2032 1098 2082 proprie

60 2081 186 2118 rugata
208 2074 323 2118 fronte
353 2087 394 2114 (φ’
422 2082 589 2116 contracto
609 2082 688 2128 nafi)
713 2083 928 2128 exprimitur.
955 2086 1098 2130 nasutas

50 2119 181 2168 fingere
197 2121 331 2169 sannas
357 2126 537 2174 Eugenius
558 2130 594 2166 in
617 2132 812 2178 opusculis.
840 2133 934 2174 Naso
948 2132 1094 2181 subsan-

58 2183 143 2207 nare
160 2171 292 2208 adunco
312 2174 518 2214 Guntherus
534 2178 624 2216 dixit
633 2180 693 2218 sub
705 2180 817 2219 finem
833 2183 1012 2231 Ligurini.
1030 2185 1095 2220 τῦ-

2068 1163 2188 1221 Has

1147 1309 1212 1338 aut
1231 1300 1443 1351 imputatum
1460 1301 1483 1340 a
1499 1301 1601 1352 servo
1622 1301 1806 1341 denarium
1823 1303 1894 1344 &c.
1923 1302 2013 1341 Inde
2025 1301 2194 1350 pugillus:

1148 1353 1235 1390 Vet.
1258 1353 1410 1402 Interpr.
1432 1353 1630 1392 Ecclefiast.
1654 1365 1730 1402 cap.
1750 1366 1803 1391 1v.
1824 1355 1858 1391 6.
1887 1353 2012 1390 Melior
2029 1352 2192 1401 estpugil-

1149 1402 1203 1440 lus
1222 1415 1299 1439 cum
1316 1404 1429 1453 requie
1442 1433 1452 1448 ‚
1481 1417 1588 1454 quam
1608 1404 1709 1453 plena
1729 1414 1876 1454 utraque
1892 1417 2018 1441 manus
2038 1415 2115 1439 cum
2135 1403 2192 1459 la-

1150 1453 1225 1490 bore
1239 1465 1311 1493 επ.
1338 1455 1559 1492 Momm-212..
1588 1455 1720 1501 Hausta
1726 1464 1835 1504 pugno
1845 1467 1951 1492 arena
1963 1464 2012 1491 tot
2015 1452 2084 1502 fibi
2090 1462 2192 1502 petit.

1152 1509 1341 1541 Annorum
1363 1506 1534 1554 spatium.
1579 1505 1684 1552 Quod
1704 1515 1836 1555 corpora
1853 1505 2007 1557 pulveris
2027 1503 2122 1542 illius
2141 1505 2193 1554 efig

1138 1555 1232 1603 sent.
1256 1556 1362 1603 igitur
1379 1566 1455 1593 tam
1472 1556 1565 1604 longo
1581 1566 1651 1594 επ.
1680 1555 1816 1594 Colon.

1199 1621 1217 1649 g
1245 1615 1309 1651 Ad
1340 1615 1506 1665 tempus.]
1548 1616 1684 1661 Forte,
1712 1616 1816 1664 §Quod
1842 1617 1891 1654 ad
1908 1626 2048 1667 tempus.
2100 1615 2192 1654 Hoc

1148 1664 1220 1709 est,
1256 1665 1359 1714 quod
1388 1667 1434 1704 ad
1460 1676 1604 1715 tempus
1630 1668 1770 1704 attinet.
1806 1667 1942 1706 Addidi
1966 1680 2011 1705 ex
2041 1668 2123 1705 MS.
2151 1668 2193 1705 &

1149 1723 1239 1752 vett.
1271 1716 1352 1754 edd.
1383 1717 1469 1754 duas
1497 1717 1574 1754 istas
1604 1729 1715 1754 voces
1745 1729 1933 1766 perperam
1959 1716 1980 1755 ὲ
2006 1719 2196 1755 Raenerio·

1150 1764 1308 1803 omissas.
1344 1766 1404 1803 De
1423 1766 1732 1816 Sibyll-&jucunda
1754 1768 1836 1806 sunt
1852 1780 1947 1817 quae
1966 1777 2084 1805 narrat
2104 1767 2195 1805 Tri-

1150 1815 1310 1854 malchio
1338 1817 1373 1853 in
1397 1816 1545 1855 Petron.
1574 1818 1795 1865 Fragmento
1821 1819 2076 1867 Traguriant),
2115 1830 2195 1866 cap.

1150 1877 1290 1904 xrvnx.
1316 1866 1483 1915 Sibyllam
1513 1867 1651 1918 quidem
1679 1868 1802 1905 Cumis
1832 1882 1885 1916 ego
1906 1869 1970 1917 ipse
1986 1868 2090 1905 oculis
2109 1869 2195 1907 meis

1150 1916 1228 1954 vidi
1255 1917 1294 1954 in
1314 1917 1462 1966 ampolla
1476 1918 1619 1966 pendere
1638 1934 1649 1954 .·
1677 1929 1720 1958 ω’
1739 1931 1816 1955 cum
1833 1918 1887 1956 illi
1899 1919 1996 1967 pueri
2018 1918 2193 1966 dicerent,

1151 1966 1281 2015 sibylla
1311 1968 1349 2004 τί
1368 1969 1479 2011 θέλεις
1487 1982 1499 2011 ;
1528 1968 1754 2017 Respondebat
1772 1968 1858 2012 illa,
1888 1968 2072 2006 ἀποθανεῖν
2091 1971 2190 2009 θέλω.

1152 2016 1260 2066 Fugit
1288 2019 1498 2067 interpretes
1529 2019 1645 2056 fimile
1666 2018 1754 2068 quid
1775 2019 1820 2056 de
1840 2019 1971 2067 Sibylla
1989 2022 2121 2058 narrari
2144 2021 2190 2058 ab

1152 2067 1331 2115 Ampelio
1362 2080 1438 2116 cap.
1466 2080 1555 2106 vm.
1584 2075 1719 2117 Argyre
1738 2069 1780 2116 est
1793 2070 1924 2114 fanum
1944 2070 2077 2106 Veneris
2087 2071 2193 2118 super

1153 2131 1249 2154 mare
1272 2134 1283 2154 .·
1320 2117 1369 2155 ibi
1385 2119 1428 2163 est
1445 2118 1583 2156 lucerna
1595 2120 1697 2167 super
1717 2119 1963 2155 candelabrum
1977 2119 2107 2168 posita,
2135 2120 2193 2157 lu·

1150 2180 1226 2204 cens
1243 2168 1293 2204 ad
1312 2182 1408 2205 mare
1417 2169 1482 2216 sub
1503 2170 1587 2205 divo
1607 2170 1689 2205 coelo
1701 2196 1711 2211 ‚
1740 2182 1846 2217 quam
1867 2182 1973 2224 neque
1991 2180 2117 2206 ventus
2136 2172 2194 2219 as-

55 2222 125 2266 Φος
145 2230 240 2259 certe
252 2223 416 2261 Hefiodo
431 2225 624 2273 ἀλαζονεία
635 2230 697 2273 est,
717 2232 848 2270 guidae
857 2235 984 2275 etjam,
998 2245 1092 2282 quos
1142 2219 1251 2266 pergit
1280 2219 1368 2274 fleg.
1391 2220 1562 2269 dispergit)
1594 2232 1653 2255 nec
1679 2219 1806 2267 pluvia
1825 2219 2009 2267 extinguit.
2060 2220 2123 2256 Sed
2148 2232 2194 2261 ωδ

54 2270 153 2308 vide.
181 2281 342 2310 ceterum
358 2280 474 2321 sanna
494 2278 531 2313 in
554 2278 727 2318 Marciani
751 2282 838 2320 loco
866 2295 932 2330 pro
947 2284 1091 2331 sannio-

54 2331 98 2356 ne
126 2320 284 2368 pofitum
311 2324 462 2362 videtur.
489 2325 621 2374 glossae
652 2338 789 2369 veteres
806 2360 816 2375 ,
849 2334 988 2381 semna,
1007 2332 1092 2382 sub-

47 2368 245 2419 sannator,
273 2376 396 2417 μῶκσς.
414 2373 525 2422 fimas
551 2389 648 2414 nares
669 2381 779 2417 etiam
802 2382 862 2419 dat
881 2384 1096 2432 hujusmodi

54 2419 289 2461 sannionibus
313 2425 495 2463 Arnobius
511 2426 571 2464 lib.
590 2440 640 2464 111
654 2456 663 2470 ‚
690 2436 757 2465 Hos
775 2430 918 2480 displosis
930 2433 1094 2477 naribus,

54 2469 133 2507 illos
151 2471 289 2521 resimis.
302 2474 345 2510 de
360 2475 484 2512 Sannis
505 2476 602 2523 plura
623 2478 667 2514 ad
679 2478 879 2517 Historiam
893 2481 1094 2530 Augustam

58 2520 98 2557 &
137 2522 182 2559 ad
211 2524 363 2561 Pallium
396 2525 613 2564 Tertulliani
644 2527 844 2566 Salmasius.
883 2531 1096 2570 Heiusxus.

57 2568 192 2609 Similis
216 2584 305 2611 vero
328 2574 509 2613 diverfitas
528 2576 719 2625 scripturae
738 2578 782 2616 ad
803 2579 902 2618 Livii
925 2581 1094 2620 Andron.

56 2618 265 2669 Fragment.
295 2636 339 2661 ex
365 2625 564 2674 Aegistho,
592 2627 654 2664 ubi
680 2639 746 2676 pro
777 2630 878 2666 Nerei
890 2628 1022 2679 fimum
1036 2641 1093 2681 pe-

58 2681 136 2714 cus,
164 2674 274 2709 etiam
296 2676 696 2726 necremissumlegitur,
725 2684 766 2715 ut
778 2679 1094 2719 observavitVOff.

57 2719 104 2758 ad
122 2721 262 2771 Fragm.
280 2723 470 2772 Tragicor.
489 2739 522 2775 p.
542 2739 576 2765 2.
603 2727 778 2765 contrahit
797 2731 909 2768 etiarn
920 2732 980 2769 hic
1001 2743 1093 2771 unus

2 2815 3 2821 ἵ
58 2769 159 2809 liber.
186 2774 330 2810 contulit
352 2776 469 2813 multi.
1004 2790 1015 2797 Χ

3 2844 4 2865 3
58 2867 75 2908 Ι
114 2832 193 2859 100.
222 2823 409 2875 Reliquit.]
438 2826 548 2865 Prim.
569 2827 809 2868 Palat.&tres
820 2830 895 2876 alii,
915 2830 1094 2883 relinquit.

76 2881 173 2908 DEM.

108 2927 124 2947 ³
151 2920 356 2972 Sibyllam]
386 2925 522 2964 Omisit
542 2928 696 2967 Raener.

109 2969 129 2996 b
156 2978 219 3008 Pro
239 2973 453 3024 concubitus]
485 2977 566 3014 Nec
583 2979 657 3017 hoc
678 2980 787 3019 habet
803 2982 962 3021 Raenen

108 3027 126 3047 ἓ
152 3022 293 3059 Veniam
311 3024 474 3074 tribuit]
505 3032 582 3063 Ven.
603 3029 696 3066 dedit
721 3032 750 3068 ei
773 3032 907 3070 Colon.

66 3068 130 3157 Εὖ
157 3076 212 3108 At
239 3073 304 3111 illa
330 3075 369 3112 in
397 3074 572 3127 longum]
600 3083 656 3115 At
681 3079 745 3116 illa
763 3082 922 3130 spatians
939 3083 980 3122 in
999 3082 1100 3122 litore

103 3131 220 3159 aener.

114 3177 132 3197 e
157 3172 350 3223 spatians]
379 3175 605 3227 spatiumque
622 3178 760 3216 Colon.

112 3218 128 3246 f
151 3227 263 3270 Pugno
281 3226 443 3275 arenae]
474 3226 610 3265 Seneca
635 3228 681 3266 de
702 3227 756 3265 Ira
779 3229 1095 3290 Lib.111.cap.33.

64 3269 163 3318 Qid
171 3270 207 3321 fi
223 3285 264 3310 ne
274 3283 407 3326 propter
420 3275 545 3326 fiscum
566 3273 704 3328 ‘quidem
716 3306 738 3327 ,,
748 3280 811 3330 fi’d
817 3289 977 3330 pugnum
986 3295 1074 3322 aeris
1084 3312 1106 3332 ,.

1147 2268 1302 2305 Herculis
1318 2269 1417 2306 aedes
1431 2271 1601 2320 antiquas
1628 2269 1676 2306 ibi
1695 2269 1854 2305 columna
1867 2269 1990 2318 pendet
2002 2282 2108 2307 cavea
2116 2272 2198 2318 fer-v

1149 2331 1206 2354 rea
1229 2320 1379 2356 rotunda
1401 2348 1412 2364 ,
1450 2321 1489 2357 in
1517 2319 1589 2368 qud
1612 2318 1765 2368 conclusa
1785 2318 1916 2368 sibylla
1936 2319 2076 2358 dicitur.
2128 2322 2192 2360 De

1149 2368 1296 2406 lucerna
1324 2370 1383 2407 illa
1409 2372 1446 2408 in
1471 2371 1558 2408 fano
1579 2370 1733 2407 Veneris
1749 2370 1851 2419 quod
1870 2370 1942 2414 ait,
1973 2370 2050 2419 ejus
2071 2373 2108 2409 δί
2129 2371 2194 2409 Ifi-

1152 2418 1262 2456 dorus
1284 2421 1454 2457 meminit
1484 2421 1588 2469 Orig.
1616 2420 1698 2457 Lib.
1716 2432 1796 2458 xvi.
1817 2431 1894 2468 cap.
1912 2431 1946 2464 4.
1973 2421 2132 2470 Denique
2151 2421 2191 2459 in

1149 2468 1271 2516 templo
1300 2470 1451 2518 quodam
1469 2470 1572 2519 fuiſje
1603 2470 1736 2507 Veneris
1758 2471 1891 2516 fanum
1907 2469 2047 2513 dicunt,
2075 2470 2191 2521 ibique

1150 2518 1396 2556 candelabrum
1412 2548 1422 2563 ,
1450 2532 1492 2559 ω’
1510 2522 1548 2556 in
1569 2534 1603 2556 eo
1623 2520 1800 2557 lucernam
1812 2519 1880 2568 sub
1898 2521 1981 2557 divo
1991 2518 2042 2567 sic
2064 2522 2193 2558 arden-

1149 2577 1218 2604 tem
1247 2580 1318 2607 cuc.
1357 2570 1473 2618 Quod
1493 2569 1559 2617 sub
1591 2570 1673 2606 divo
1704 2571 1820 2614 dicat,
1854 2570 1940 2608 inde
1970 2571 2126 2618 suspicor
2149 2574 2194 2610 τῦ

1149 2617 1232 2653 coelo
1252 2620 1289 2655 in
1309 2619 1510 2667 Ampelio,
1537 2629 1578 2658 ut
1589 2619 1762 2668 glossema
1775 2647 1784 2664 ‚
1813 2618 1883 2657 effe
1904 2622 2194 2662 cancellandum.

1150 2667 1260 2705 Certe
1287 2669 1466 2707 Latinitas
1483 2682 1558 2707 non
1581 2672 1714 2718 patitur
1728 2699 1738 2714 ,
1766 2679 1805 2708 ut
1825 2670 1951 2708 divum
1972 2672 2118 2710 coelum
2137 2673 2196 2711 di-

1149 2727 1260 2755 catur.
1288 2731 1354 2767 pro
1373 2719 1422 2756 ibi
1442 2719 1600 2756 columna
1618 2721 1838 2768 reposuerim
1852 2748 1863 2765 ,
1890 2721 1940 2758 ibi
1959 2721 1997 2757 in
2018 2722 2194 2769 columna,

1149 2768 1215 2805 nifi
1237 2770 1316 2817 quis
1337 2770 1441 2808 satius
1458 2778 1562 2819 putet
1581 2771 1781 2820 confugere
1798 2770 2014 2821 adEllipfin.
2046 2773 2195 2822 Morte-⁶

1153 2830 1243 2856 κεκ.

1202 2880 1221 2907 h
1251 2881 1459 2931 Indicant]
1497 2887 1590 2919 Deus
1608 2896 1687 2920 vero
1700 2891 1760 2932 pro
1778 2881 2004 2932 concubitus?
2019 2881 2193 2930 consensis-

1142 2933 1198 2980 set
1209 2959 1220 2976 ,
1255 2944 1443 2990 aeternam.
1451 2946 1581 2983 quoque
1592 2934 1783 2989 juventam
1802 2933 1937 2980 dedisset
1949 2960 1959 2976 ,
1989 2933 2050 2980 sed
2069 2933 2133 2968 illa
2155 2945 2192 2970 n.

1152 2983 1187 3019 d.
1208 2996 1245 3019 v.
1267 2982 1421 3020 Raener.
1434 2995 1470 3020 111
1485 2983 1700 3021 Colonienfi
1713 2986 1761 3021 ita
1773 2991 1847 3020 erat
1860 3010 1870 3026 ,
1901 2983 2007 3029 igitur
2027 2993 2101 3018 tam
2117 2982 2192 3017 lon-

1147 3046 1188 3081 go
1217 3033 1314 3069 vitae
1342 3036 1517 3070 transacto
1547 3043 1689 3082 tempore
1712 3033 1792 3068 adeo
1811 3034 1848 3080 se
1870 3031 2077 3080 postmodum
2100 3031 2193 3068 nulli

1150 3082 1343 3120 videndam
1371 3084 1558 3132 praebuit,
1598 3093 1637 3118 ut
1667 3093 1734 3119 toto
1763 3092 1892 3131 corpore>
1909 3090 1989 3129 prae
2018 3082 2192 3128 steneoiute

1149 3133 1338 3170 immutato
1357 3133 1499 3182 cognosci
1517 3143 1660 3183 nequeat
1674 3161 1684 3177 ,
1706 3132 1780 3180 sola
1798 3145 1899 3176 voce,
1927 3143 1995 3181 qua
2016 3133 2192 3179 noscatur,

1187 3184 1246 3219 lit-3
1274 3212 1280 3220 .

1150 3198 1212 3259 rei
1239 3197 1433 3282 attufit]
1473 3232 1610 3282 Voluisse
1638 3232 1757 3281 Lugd‚
1786 3231 1928 3281 Micyll.
1958 3233 2023 3281 qui
2054 3232 2192 3271 asteris-

1153 3295 1238 3322 cum
1260 3283 1410 3322 addidit.

1362 3332 1552 3382 §ceccc
1579 3343 1598 3382 3
2041 3344 2134 3373 101-
2152 3337 2203 3371 Er·
