2483 3616
719 177 780 232 P.
855 171 1272 239 OVIDII

796 333 962 377 ΕΑΒ.
1009 329 1112 376 XI.

1343 173 1874 234 NASONIS

1171 328 1781 380 ARGUMENTUM.

912 445 1126 510 Appulus
1148 443 1300 509 pastor
1323 445 1370 491 in
1395 442 1658 491 oleastrum.

282 573 301 592 ⁸
335 566 542 612 Dauniae
566 565 738 626 regionis
758 560 776 587 Β
799 565 932 611 Iocum
957 563 1175 610 arboribus
1201 561 1497 607 obumbratum
1524 565 1540 585 ⁰
1564 559 1669 605 Pan
1692 559 1905 608 Mercurii
1918 565 2041 622 filius
2063 568 2229 612 tenuit:
2253 580 2372 626 quem
2425 579 2427 583 ·

213 631 357 694 postea
391 629 615 689 Nymphae
650 625 667 652 ἀ
693 630 918 674 coluerunt.

988 629 1084 673 Has
1114 626 1259 686 pastor
1282 628 1475 687 Appulus
1499 640 1590 672 cum
1609 625 1853 685 procacibus
1878 630 2109 677 maledicit}
2132 631 2374 691 terrutffi’t‚

216 700 239 720 ἐ
273 714 320 743 ne
343 713 411 742 aux
428 699 522 741 alias
543 695 729 754 linguam
751 698 795 740 iu
814 696 1034 754 propatulo
1057 693 1255 746 baberet,
1294 693 1461 737 numine
1482 701 1628 736 earum
1650 692 1696 735 in
1716 690 1908 737 arborem
1931 693 2149 754 oleastrum
2161 697 2373 753 extabuit,

221 757 238 785 f
267 762 381 822 cujus
394 761 567 824 simius
577 759 657 821 suo
682 775 875 805 anzarore
901 761 1064 820 linguae
1081 757 1262 818 pastoris
1285 755 1562 818 asperitatem
1587 754 1734 815 refert.

660 872 892 927 Actenus
919 872 1175 927 Oenides,
1215 869 1460 926 Venulus
1484 869 1785 943 Calydonia
1810 887 2001 942 regna,

510 877 651 1011 H
672 946 1059 1017 Peucetiosque
1087 945 1253 1008 finuS,
1292 942 1655 1017 Messapiaque
1679 945 2094 1017 arvarelinquit.

510 1021 567 1074 ln
594 1018 785 1091 quibus
811 1033 959 1073 antra
986 1017 1135 1073 videt
1162 1036 1173 1071 :
1214 1035 1350 1090 quae
1378 1018 1543 1071 multa
1571 1016 1748 1072 nubila
1772 1016 1923 1081 mvii,

371 1112 468 1162 515
509 1093 580 1148 Et
605 1091 807 1146 levibus
833 1091 995 1164 guttis
1022 1093 1314 1155 manantia,
1351 1090 1639 1162 semicaper
1665 1089 1776 1144 Pan

510 1166 670 1221 Nunc
697 1176 877 1229 tenet;
918 1177 970 1218 at
996 1164 1235 1237 quodam
1261 1175 1549 1218 tenuerunt
1576 1174 1822 1235 tempore

1845 1129 2142 1236 Nymphae.

513 1238 758 1310 Appulus
784 1237 873 1292 has
896 1237 982 1291 illa
1009 1236 1431 1309 pastorregione
1462 1235 1665 1306 fugatas
1904 1292 1907 1296 ,

517 1310 779 1370 Terruit;
822 1311 878 1363 ἅ*
900 1310 1075 1381 primo
1103 1309 1271 1364 subita
1298 1308 1589 1364 formidine
1614 1308 1786 1363 movit
1814 1327 1826 1362 ε

515 1383 687 1447 Mox,
724 1382 815 1439 ubi
840 1400 989 1438 mens
1015 1382 1204 1448 rediit,
1243 1383 1297 1437 &
1325 1380 1662 1437 contemsere
1687 1382 2031 1457 sequentem;

273 1604 290 1624 ³
317 1594 521 1646 Dauniae]
550 1594 605 1634 Ita
625 1607 704 1634 non
716 1595 795 1634 sum
808 1596 944 1636 veritus
955 1595 1162 1642 rescribere,
1185 1608 1272 1636 curn

224 1649 377 1685 Daunae
419 1648 608 1686 exhiberet
638 1647 720 1684 MS.
750 1647 947 1696 Perperam
978 1648 1152 1685 Laviniae
1181 1648 1275 1686 Edd.

223 1705 334 1747 quas*
353 1698 479 1736 videre
510 1698 627 1736 licuit.
676 1698 899 1737 Muncxeu.
941 1699 1116 1736 Laviniae
1156 1699 1276 1736 Parm.

224 1748 349 1798 Lugd.
379 1750 534 1786 Raener.
567 1748 710 1799 Micyll.
738 1750 861 1798 quiin
890 1751 1081 1798 margine,
1111 1750 1278 1787 Dauniae

224 1799 300 1838 hoc
318 1807 578 1848 argumentum
600 1800 648 1837 ita
672 1799 904 1838 Colonienfis
928 1800 1127 1839 Ed.habet.
1158 1806 1278 1849 Appu-

224 1850 280 1888 lus
314 1849 426 1899 pastor
461 1849 625 1886 Dauniae
652 1850 817 1898 regionis,
844 1864 878 1887 eo
909 1851 999 1900 quod
1030 1851 1278 1901 Nympharum

225 1901 337 1938 choris
356 1899 476 1949 agresti
490 1903 589 1949 saltu
609 1899 738 1950 illusit,
767 1913 810 1939 (7¹
831 1901 991 1950 obscaena
1027 1902 1183 1939 convitia
1212 1903 1279 1939 ad-

227 1951 343 1995 didit,
371 1952 408 1988 in
430 1950 587 1988 arborem
618 1951 810 1998 oleastrum
832 1952 1102 2002 transfiguratus
1121 1953 1176 2000 est.

277 2001 296 2028 b
322 2001 490 2051 Locum]
527 2000 660 2047 Forte,
689 2002 817 2040 lucum.
847 2003 950 2041 Curt.
973 2004 1054 2041 Lib.
1075 2016 1129 2041 xx.
1150 2017 1178 2041 1.
1206 2010 1277 2042 Ne-

225 2065 306 2090 mus
323 2060 465 2101 opacum
483 2051 673 2089 arboribus.
701 2052 772 2099 Et,
790 2052 919 2102 sylvae
937 2053 1115 2091 arboribus
1137 2053 1277 2092 umbro-

221 2103 295 2153 sae.
323 2103 546 2140 Muncxea.

276 2162 294 2180 c
322 2160 401 2191 Pan
428 2152 598 2190 Mercurii
619 2151 758 2202 filius.]
787 2153 845 2191 Ex
868 2154 1056 2201 Penelope
1074 2161 1172 2204 ppta.
1201 2155 1282 2192 He·-

228 2204 383 2242 rodotus
416 2204 577 2253 Euterpe
596 2217 615 2246 :¹
648 2204 740 2241 Pani
772 2218 852 2241 vero
895 2204 1069 2252 Penelopes
1092 2220 1103 2241 .-
1145 2218 1186 2241 ex
1217 2205 1283 2241 hac

228 2255 322 2292 enim
350 2267 393 2295 ω’
423 2254 594 2291 Mercurio
624 2264 731 2291 natus
762 2255 840 2292 Pan
862 2254 919 2303 effe
938 2255 1070 2292 dicitur
1089 2255 1114 2292 a
1134 2256 1285 2295 Graecis.

231 2307 332 2354 Quia
366 2306 542 2343 Mercurii
563 2305 655 2343 filius
676 2306 750 2343 Pan
764 2334 774 2351 ,
803 2309 1031 2350 πολυπάτωρ
1052 2304 1073 2343 ὲ
1096 2307 1283 2344 Theocri-

229 2365 270 2394 to
291 2357 391 2395 audit
411 2357 446 2394 in
462 2357 615 2405 Syringe
636 2370 645 2393 2
674 2356 734 2394 sed
754 2356 814 2394 alii
835 2369 878 2394 ex
901 2357 1088 2405 Penelope
1110 2361 1147 2394 bc
1172 2359 1283 2395 Mne-

232 2407 379 2445 steribus
409 2418 538 2445 natum
571 2408 706 2444 dixere.
736 2407 834 2445 unde
857 2409 896 2445 ὅ(
917 2407 1070 2452 ἀπάτωρ
1093 2407 1198 2454 ἤγουν
1221 2420 1282 2444 πο-

233 2461 411 2501 Amavi-ap
435 2458 571 2495 ibidem
593 2465 757 2496 vocatur.
786 2457 1008 2496 Pediafimus
1031 2460 1068 2496 in
1089 2459 1176 2496 illud
1191 2463 1284 2508 poe-

233 2509 389 2546 matium
415 2521 423 2545 :
455 2509 667 2550 Πηνελόπῆς
691 2510 753 2545 καὶ
777 2511 844 2545 τῶν
865 2511 1052 2552 Mune-aipein
1075 2511 1210 2553 onaan,
1241 2508 1284 2556 ἐξ

235 2558 349 2601 οὐρίων
370 2560 486 2594 είτσυν
508 2560 823 2605 ἀνεμαέκνγάμων
832 2561 932 2596 aava
946 2559 1080 2605 μυθώδη
1095 2561 1287 2605 τερατείαν

233 2610 391 2651 σπαρείς.
421 2610 489 2647 Sed
512 2609 660 2659 copiose
681 2610 726 2647 de
746 2622 880 2659 genere
901 2612 1022 2649 Panos
1045 2613 1183 2649 Natalis
1205 2611 1288 2648 Lib.

235 2669 270 2694 v.
300 2671 376 2705 cap.
398 2661 429 2695 ὅ.
457 2668 496 2697 ut
515 2662 604 2698 nihil
627 2660 768 2698 necesse
788 2661 830 2699 fit
847 2661 961 2699 multa
979 2660 1000 2699 a
1022 2674 1083 2700 me
1104 2663 1187 2700 heic
1208 2674 1288 2699 cor-

237 2708 326 2747 radi.
356 2709 547 2757 Corrigam
570 2713 692 2758 potius
716 2712 900 2750 Natalem.
929 2714 995 2750 Ait
1010 2713 1071 2750 ilie
1091 2713 1186 2750 inter
1197 2714 1287 2750 alia:

237 2759 319 2796 :Alii
340 2758 511 2806 Penelopes
533 2772 576 2799 (9⁶
595 2759 709 2808 L'lyffis
719 2762 840 2808 filium
853 2772 1054 2811 putarunt.-
1077 2763 1141 2800 alii
1160 2777 1202 2801 ex
1221 2769 1284 2800 ΑΞ-

239 2808 334 2846 there
345 2807 424 2858 five
453 2810 593 2846 Nereide
612 2822 737 2846 natum
759 2812 940 2859 inquiunt.
993 2813 1120 2850 AEther
1139 2826 1216 2851 non
1237 2814 1286 2851 est

240 2861 386 2897 Nereis.
416 2860 651 2897 Scribendum
671 2887 679 2902 ,
700 2874 738 2896 ex
760 2861 887 2897 AEthre
911 2863 1126 2899 velAEthrd.
1154 2864 1287 2900 AEthra

239 2919 364 2948 autem
404 2910 669 2952 Oceanitidum
705 2911 740 2946 in
772 2923 931 2948 nurnero
967 2913 1142 2950 censetur.
1191 2914 1289 2951 Vide

239 2973 335 3012 quae
363 2962 541 2999 annotavi
570 2961 618 2999 ad
651 2960 791 3011 Hygin.
819 2961 931 2998 nostri
962 2961 1108 3000 Astron.
1140 2963 1222 3002 Lib.
1245 2976 1292 3001 11.

241 3018 567 3109 §ag-Zbluiginll]
620 3062 700 3100 MS.
736 3062 774 3098 &
809 3061 912 3098 Vett.
941 3061 1024 3099 edd.
1053 3062 1286 3101 occuluerunt.

239 3113 310 3151 Sed
322 3125 524 3164 perperam.
555 3113 672 3152 Imm.
687 3111 920 3150 occuluerunt
930 3112 1051 3151 Parin.
1067 3114 1188 3161 Lugd.
1212 3115 1287 3152 Mi-

236 3166 319 3241 cyll-
338 3221 391 3253 Ne
411 3213 600 3265 amplius]
631 3220 752 3271 Itaque
773 3214 985 3271 neamplius
1002 3215 1084 3253 MS.
1106 3215 1144 3253 &
1158 3215 1286 3254 Vene-

236 3272 284 3302 ta.
312 3267 393 3304 Nec
416 3266 618 3314 putandum
648 3267 750 3303 aliter
767 3265 938 3313 scriptum
959 3265 1062 3304 fuiffe
1085 3264 1103 3302 a
1125 3266 1285 3304 Lanam-

231 3316 300 3354 tio.
332 3317 426 3356 Vide
446 3327 543 3367 quae
561 3317 638 3358 dixi
655 3316 700 3357 ad
712 3315 879 3358 Fab,v11.
908 3316 990 3356 Lib.
1003 3329 1030 3357 1..
1059 3318 1281 3357 Menona.

2287 1455 2380 1512 Ad

1383 1595 1401 1624 f
1423 1596 1533 1646 Cujus
1553 1596 1695 1643 frustm
1712 1592 1813 1643 σα]
1851 1593 1923 1632 Pro
1942 1593 1998 1632 his
2018 1593 2101 1633 MS.
2115 1594 2154 1634 ὅτ
2174 1594 2277 1633 Vett.
2299 1594 2386 1635 edd.
2401 1621 2418 1640 ,.

1332 1651 1380 1684 Et
1408 1647 1462 1685 ita
1482 1648 1603 1694 faetus
1630 1646 1686 1695 est.
1720 1646 1946 1684 Muscam.
1974 1646 2022 1684 Et
2051 1646 2102 1684 ita
2122 1647 2241 1685 Parm.
2263 1645 2387 1696 Lugd-

1333 1698 1414 1736 Mic
1443 1699 1478 1737 ll.

1388 1710 1470 1796 532.
1505 1747 1727 1800 Puteolosque
1745 1745 1887 1798 fimes]
1926 1745 2102 1785 Puteolos
2133 1759 2153 1786 a
2182 1755 2385 1797 puteorum
2414 1766 2417 1768 ·

1333 1800 1438 1838 olore
1453 1827 1464 1844 ‚
1493 1799 1530 1837 id
1551 1799 1599 1837 est
1614 1828 1623 1843 ,
1652 1799 1751 1838 malo
1772 1799 1890 1837 odore
1910 1797 2027 1836 dictos
2038 1798 2219 1837 existimat
2234 1799 2388 1848 Stepha-

1334 1863 1401 1889 nus
1415 1879 1426 1896 ,
1454 1860 1564 1900 atque
1592 1849 1663 1888 effe
1682 1849 1934 1899 compositum
1954 1860 2108 1887 nomen.
2162 1849 2284 1887 Festus
2304 1860 2385 1888 non

1322 1901 1586 1953 *compositum
1600 1929 1610 1945 ‚
1638 1901 1697 1939 sed
1713 1901 1771 1939 vel
1790 1913 1810 1938 a
1826 1909 1925 1950 puteo
1944 1899 2058 1937 verbo
2072 1926 2083 1943 ‚
2109 1900 2145 1937 id
2160 1899 2209 1937 est
2231 1900 2360 1938 foeteo
2374 1926 2387 1944 ‚

1334 1953 1519 1991 derivatos
1533 1980 1545 1996 ,
1573 1960 1723 2001 propter
1746 1952 1892 1990 olidum
1922 1961 2040 1999 aquae
2058 1959 2231 1998 putorem
2245 1979 2255 1994 ‚
2285 1951 2343 1988 vel
2365 1961 2388 1988 a

1328 2004 1442 2053 puteis
1465 2004 1677 2046 arbitratur,
1703 2013 1865 2051 quorum
1897 2001 1946 2038 ibi
1974 1998 2062 2037 effet
2089 2001 2291 2039 multitudo
2307 2029 2317 2045 ,
2344 2008 2386 2039 ut

1334 2055 1452 2091 olidas
1485 2054 1559 2091 illas
1587 2064 1698 2102 aquas
1727 2053 1962 2099 exciperent,
2000 2050 2059 2088 sed
2080 2050 2246 2089 advertas
2271 2051 2387 2090 velim

1335 2104 1430 2141 Festi
1453 2103 1622 2141 codicem
1642 2101 1713 2140 effe
1735 2111 1961 2151 corruptum.
1991 2101 2140 2140 CONsT.
2169 2101 2263 2139 FAx.
2289 2108 2388 2139 Pau-

1337 2153 1494 2204 cefiosque
1513 2152 1612 2202 finus
1643 2153 1771 2202 legunt
1795 2154 1865 2190 viri
1887 2151 2001 2189 docti.
2029 2153 2126 2198 Alii,
2155 2151 2387 2202 Puteolosque.

1339 2205 1380 2242 In
1404 2217 1515 2250 meo,
1547 2204 1798 2253 Plauceiowyue.
1826 2203 1867 2240 In
1893 2215 1968 2240 uno
1982 2204 2103 2240 Vatic.
2132 2202 2388 2251 Pleurinosque.

1340 2256 1382 2293 In
1406 2256 1504 2300 alio,
1545 2255 1762 2304 Pleurosqae.
1806 2254 1849 2291 In
1870 2253 2022 2291 Caelest.
2060 2253 2294 2303 Pleuniosque.
2330 2254 2389 2292 Ex

1339 2314 1415 2345 tam
1469 2318 1602 2355 magna
1639 2306 1814 2343 librorum
1847 2306 2024 2342 varietate
2070 2305 2107 2342 ὃ(
2151 2304 2390 2353 discrepantia

1338 2359 1499 2406 priorem
1525 2358 1711 2394 veriorem
1731 2365 1837 2404 puto.
1865 2355 2034 2392 C1ofAu.
2063 2355 2195 2393 Nullus
2219 2367 2308 2392 vero
2323 2366 2389 2393 co-

1339 2409 1410 2445 dex
1440 2409 1535 2445 inter
1560 2407 1595 2445 se
1617 2407 1798 2445 consentit
1813 2435 1823 2451 ‚
1849 2406 1910 2443 sed
1931 2418 2064 2443 omnes
2084 2406 2159 2443 fere
2186 2406 2315 2443 iiversa
2335 2406 2390 2443 le-

1341 2458 1508 2496 &ionum
1528 2458 1686 2495 monstra
1698 2458 1885 2495 exhibent.
1911 2457 1970 2494 sed
1984 2457 2151 2493 Peucetios
2165 2458 2305 2493 rectum
2318 2455 2389 2494 effe

1342 2511 1504 2553 constat,
1531 2509 1615 2558 quia
1628 2508 1848 2557 Japygibus,
1878 2508 2058 2549 Dauniis,
2079 2505 2389 2554 Messapiisetiam

1342 2561 1506 2598 Peucetii
1527 2560 1723 2597 miscentur
1738 2587 1748 2603 ,
1768 2568 1808 2597 ut
1820 2558 1984 2607 ejusdem
1998 2559 2147 2606 originis
2170 2570 2178 2594 :
2206 2569 2291 2595 nam
2309 2559 2390 2607 Ly·

1345 2612 1468 2649 caonis
1498 2610 1562 2648 filii
1594 2611 1697 2648 fuere
1725 2610 1869 2658 Japyx,
1909 2609 2077 2646 Daunius
2108 2610 2146 2646 &
2176 2610 2391 2651 Peucetius,

1345 2663 1408 2711 qui
1433 2663 1494 2698 has
1517 2672 1597 2699 oras
1616 2669 1867 2708 occuparunt;
1900 2660 2043 2697 Anton.
2061 2659 2121 2696 lib.
2138 2671 2239 2695 xxxi,
2267 2659 2327 2695 ubi
2350 2659 2389 2696 &

1345 2713 1503 2750 fabulam
1533 2711 1578 2748 de
1611 2711 1796 2759 Nymphis
1825 2710 2090 2759 Epimelidibus
2120 2717 2237 2745 narrat
2259 2736 2268 2751 ,
2309 2721 2390 2748 non

1340 2763 1500 2801 multum
1521 2762 1563 2798 ab
1582 2761 1649 2797 hac
1673 2761 1803 2798 Ovidii
1824 2761 2031 2798 dissimilem
2049 2786 2058 2802 ,
2086 2758 2211 2801 sed,ut
2222 2769 2385 2806 apparet,

1343 2826 1390 2851 ex
1423 2814 1500 2850 aliis
1530 2811 1738 2850 auctoribus
1766 2812 1973 2859 repetitam.
1998 2808 2072 2846 vid.
2096 2809 2134 2845 &
2158 2809 2326 2848 Servium
2344 2809 2390 2849 ad

1343 2864 1447 2911 Virg.
1468 2875 1559 2900 viix.
1583 2863 1680 2899 Aen.
1697 2874 1732 2908 9.
1765 2862 1893 2897 ssunm.

1400 2927 1482 2961 5¹5·
1519 2917 1564 2948 Et
1592 2911 1725 2947 levibus
1752 2911 1862 2958 guttis
1886 2910 2075 2946 manantia
2096 2909 2282 2959 semicaper
2311 2917 2390 2949 Pan

1349 2971 1453 3000 Nunc
1485 2961 1614 3009 tenet.]
1656 2962 1694 2997 ln
1720 2960 1870 2997 Caelest.
1891 2961 1927 2997 δὲ
1950 2972 2038 2997 meo
2053 2989 2062 3004 ,
2084 2965 2129 2996 Et
2149 2961 2284 2998 levibus
2304 2975 2389 2999 can-

1339 3014 1402 3050 nis.
1433 3014 1601 3049 CxorAu.
1644 3010 1794 3047 Levibus
1821 3010 1940 3047 cannis
1968 3012 2001 3048 S.
2033 3011 2181 3055 Marci,
2228 3012 2389 3060 Neapol.
2466 3034 2469 3044 ·

1339 3066 1446 3112 prim.
1479 3063 1650 3098 Vatican.
1670 3071 1751 3098 tert.
1787 3062 1926 3099 Medic.
1948 3061 2006 3099 alii
2024 3061 2227 3106 tredecim,
2256 3064 2294 3099 ὃς
2318 3074 2386 3111 pro

1341 3112 1481 3151 diversd
1498 3112 1657 3150 lectione
1668 3111 1885 3161 Bernegger.
1898 3113 1935 3149 ὃ(
1949 3112 2127 3150 Arondel.
2137 3112 2217 3161 lege
2230 3140 2240 3157 ,
2254 3112 2390 3151 levibus

1335 3163 1469 3213 stagnis
1491 3163 1690 3200 manantia.
1718 3175 1804 3200 nam
1824 3164 1861 3201 in
1883 3162 2309 3209 exaratishbnsstammm
2321 3175 2387 3212 pro

1332 3216 1499 3264 stagnum
1521 3216 1732 3263 frequenter
1753 3213 1926 3251 scribitur.
1946 3215 1995 3251 ita
2016 3214 2147 3251 Noster
2160 3215 2234 3251 fere
2248 3214 2386 3263 semper

1341 3267 1510 3304 datrivos
1533 3265 1653 3303 antris.
1677 3265 1777 3312 supra
1794 3264 1853 3302 lib.
1875 3277 1928 3302 xi.
1952 3265 1989 3302 in
2006 3264 2246 3311 descriptione
2258 3263 2386 3303 Somni
2457 3295 2460 3312 3

1337 3327 1447 3368 atque
1466 3317 1515 3356 ita
1534 3316 1616 3355 alibi
1636 3316 1762 3366 paffim
1775 3343 1786 3363 ‚
1815 3315 2030 3355 flattendas.
2058 3315 2386 3365 Virgil.manantia
2456 3314 2460 3351 Γ

2300 3353 2457 3414 ,ἰοῦ-ἶ
