2483 3616
182 179 316 234 1092

181 289 247 327 vix
277 285 416 325 auditui
447 282 723 334 percipiendum
752 273 1164 334 discrimentrelinquiffi
1193 273 1234 311 &

185 339 231 377 de
262 339 424 376 numeris
451 347 530 374 non
559 335 776 376 oculorum,
804 329 864 367 sed
886 339 1028 365 aurium
1046 324 1234 382 judicium

185 390 247 428 est.
302 389 420 437 Quod
449 386 473 424 fi
504 385 632 424 Midae
659 383 766 420 alicui
796 392 871 417 non
906 378 1103 420 satisfacit,
1141 386 1170 414 is
1197 386 1237 413 in

185 441 411 479 memoriam
439 436 563 475 redeat
591 436 681 472 illius
702 431 919 480 Virgiliani‚
949 428 1127 466 vestibulo
1159 427 1236 464 lau-

185 491 357 530 datiflimi
387 490 527 537 operis,
558 484 661 532 filvis
690 483 834 526 vicina3
863 480 965 530 quod
994 480 1068 524 illi,
1096 478 1239 515 animus

185 554 370 586 mutatas,
397 540 587 590 geminum
619 536 655 572 &
675 533 789 584 quam
816 533 1044 571 simillimum
1068 530 1146 586 est?
1171 528 1239 567 nifi

186 592 292 643 quod
319 593 393 630 hoc
423 590 539 627 adhuc
568 587 685 624 lenius
716 584 784 623 effe
813 584 943 622 sentio.
998 585 1075 619 Aut
1102 582 1235 629 igitur,

185 643 291 695 quod
315 641 458 680 Ovidio
480 649 563 676 cum
585 636 748 686 Virgilio
768 645 971 673 commune
991 633 1039 670 est
1054 660 1064 675 ,
1092 632 1127 669 in
1151 632 1237 669 Vir-

185 695 279 745 gilio
301 703 452 744 quoque
473 688 739 738 reprehendam
769 698 830 724 aut
845 716 855 731 ,
883 685 986 734 quod
1005 683 1076 731 ipse
1098 682 1238 731 effuge-

187 758 228 784 re
247 757 323 783 non
345 743 487 790 potuit,
517 752 586 777 nec
607 738 782 787 Virgilius
804 739 948 780 voluit,
978 733 1170 772 inOvidio
1182 733 1240 772 su-

189 797 314 845 gillare
344 792 493 832 desinat.
548 789 617 827 Sed
642 790 756 837 pergit
781 787 994 825 calumniari
1015 784 1239 822 Aristarchus

188 846 311 885 noster
335 872 344 887 ,
391 844 427 880 &
453 844 589 886 formas
617 851 774 877 mutatas
803 841 841 875 in
869 847 1003 886 torpora
1031 835 1239 874 inusitatam

187 904 299 935 vocat
330 893 475 932 dicendi
503 894 710 933 rationem3
740 902 817 927 non
847 891 945 927 enim
971 888 1018 926 fic
1039 887 1072 925 se
1093 887 1241 925 locutu-

187 958 269 985 rum
287 974 297 991 ,
326 944 464 982 AEneas
482 952 641 981 mutatus
663 942 710 978 est
729 942 765 978 in
786 952 901 979 novas
923 939 1044 982 sedes,
1072 938 1132 977 sed
1157 950 1240 977 mu·

187 999 281 1036 tavit
305 997 415 1034 sedes.
470 993 709 1041 Philosophos
739 1004 891 1041 quoque
920 998 1061 1028 mutare
1085 1002 1240 1039 corpora

189 1047 253 1086 sub
283 1048 436 1085 formis:
471 1043 623 1082 mat-2:151
655 1046 753 1080 enim
786 1055 848 1091 per
871 1044 1031 1080 formam
1054 1041 1131 1079 fieri
1154 1042 1241 1079 hoc.

188 1097 381 1146 Accepisse
412 1097 521 1143 igitur
553 1094 734 1132 Ovidium
769 1105 927 1131 mutatas
949 1105 1014 1141 pro
1037 1103 1109 1135 eo,
1138 1092 1241 1142 quod

189 1150 261 1194 est,
289 1148 499 1191 translat-as,
528 1155 589 1184 aut
609 1146 750 1192 fhrmas
779 1157 843 1193 pro
867 1144 1000 1193 figuris.
1055 1144 1145 1180 Hoc
1168 1143 1242 1189 est,

189 1200 293 1249 quod
321 1200 425 1247 supra
452 1198 646 1242 dicebam,
675 1196 857 1245 Scaligero
880 1197 1045 1233 animum
1071 1195 1243 1243 carpendi

193 1250 327 1288 Ovidii
357 1250 472 1298 magis
508 1247 610 1286 fuiffe
648 1247 761 1297 quam
789 1249 993 1285 materiam.
1048 1247 1197 1284 Etenim
1218 1245 1243 1283 fi

193 1301 355 1339 Ovidius
386 1312 448 1349 per
478 1310 635 1337 mutatas
655 1298 825 1347 intelligit
856 1299 1063 1342 translatas,
1101 1309 1171 1335 nec
1204 1296 1241 1335 id

190 1352 353 1401 Scaliger
387 1353 591 1399 improbat,
622 1362 685 1388 cur
706 1349 850 1387 Ovidio
869 1349 1060 1387 inusitatae
1081 1348 1243 1386 locutio-

190 1404 246 1441 nis
274 1402 452 1441 invidiam
478 1403 563 1439 facit
585 1401 600 1439 ?
638 1399 764 1439 verum
787 1412 856 1449 ego
875 1401 1030 1438 Poetam
1054 1400 1244 1448 elegantis-

191 1454 304 1491 simae
344 1453 603 1502 perspicuitatis
640 1452 791 1490 mutatis
832 1464 897 1500 pro
936 1452 1111 1489 translatis
1141 1452 1244 1489 usum

192 1517 269 1543 non
293 1515 397 1553 puto.
452 1507 562 1552 Quae
583 1505 683 1541 enim
705 1503 892 1541 necessitas
906 1531 915 1547 ‚
944 1511 983 1540 ut
1004 1515 1069 1551 pro
1090 1502 1246 1540 meliore

194 1556 353 1594 deterius
373 1564 527 1605 poneret
547 1554 562 1592 ἓ
593 1556 668 1593 Aut
692 1567 786 1602 quae
809 1553 947 1598 caussa.
978 1563 1039 1598 ut,
1064 1552 1147 1591 cum
1161 1561 1245 1591 toto

193 1608 231 1645 in
256 1618 368 1655 opere
399 1619 451 1644 rar
470 1605 572 1643 ssime
602 1606 748 1654 usurpet
773 1609 963 1652 transferre
994 1617 1060 1653 pro
1080 1613 1247 1650 mutare,

193 1669 258 1707 per
278 1668 437 1694 mutatas
455 1657 639 1695 translatas
663 1657 817 1705 intelligi
842 1657 951 1694 vellet
971 1655 1007 1692 in
1031 1657 1108 1704 ipso
1130 1657 1250 1705 operis

196 1708 354 1746 exordio
379 1707 393 1745 ?
435 1709 495 1746 An
517 1708 601 1757 quia
622 1720 699 1745 non
723 1707 771 1745 fic
792 1707 949 1745 solemus
972 1707 1078 1755 loqui
1099 1735 1108 1751 ,
1137 1716 1176 1745 ut
1196 1707 1251 1745 di-

197 1770 342 1803 camus,
382 1758 520 1798 AEueas
549 1767 711 1797 mutatus
740 1758 788 1796 est
806 1759 844 1796 in
873 1769 988 1795 novas
1016 1758 1139 1803 sedes,
1164 1758 1250 1803 sed,

196 1808 336 1847 AEneas
358 1811 516 1848 mutavit
536 1809 634 1847 sedes
658 1808 672 1846 ?
710 1809 747 1847 id
767 1809 816 1847 est
836 1809 1018 1847 transtulit
1036 1809 1136 1847 sedes
1151 1838 1161 1854 ,
1188 1810 1249 1847 seu

195 1860 386 1897 translatus
410 1861 458 1897 est
478 1863 515 1898 in
538 1861 621 1898 alias
639 1860 738 1898 sedes
760 1859 774 1897 ?
804 1860 922 1910 Atqui
937 1862 1095 1897 mutatio
1108 1860 1248 1898 sedium

196 1911 236 1948 &
260 1911 465 1948 formarum
487 1911 662 1949 disfimilis
685 1911 733 1949 est
756 1925 765 1949 ι
794 1922 879 1948 nam
902 1912 965 1960 qui
988 1911 1087 1949 sedes
1108 1920 1249 1957 mutat,

195 1969 325 1998 manet
349 1961 449 1998 idem
482 1961 565 2004 ille,
601 1962 665 2009 qui
695 1962 784 2005 fuit;
813 1963 878 2010 qui
912 1965 1076 2000 formam
1102 1971 1249 2007 mutat,

193 2011 236 2048 fit
258 2011 346 2048 alius
369 2024 378 2048 :
417 2011 580 2058 ideoque
602 2010 701 2048 reete
725 2012 904 2056 dicimus,
932 2013 1072 2051 lEneas
1092 2016 1250 2052 mutavit

194 2063 390 2105 formam,
431 2062 470 2100 δε
508 2060 647 2098 AEneas
683 2069 843 2099 mutatus
882 2062 929 2099 est
968 2065 1005 2100 in
1044 2064 1151 2102 aliam
1189 2066 1250 2103 seu

198 2124 338 2150 novam
372 2113 548 2150 formam.
601 2111 652 2148 At
683 2111 841 2148 alterum
869 2112 959 2149 illud
991 2125 1081 2153 vero
1102 2115 1252 2162 propius

198 2163 272 2208 est,
306 2163 463 2201 Poe'tam
487 2166 627 2208 formas
658 2160 833 2209 accepiss'e
863 2172 929 2208 pto
958 2161 1101 2209 figuris,
1141 2165 1254 2212 idque

199 2213 283 2252 cum
316 2214 440 2263 paffim
475 2215 511 2251 in
537 2211 834 2261 Metamorphofi
864 2215 1047 2256 occurrit,
1082 2222 1163 2251 tum
1187 2226 1255 2261 po-

198 2265 373 2304 tissimum
415 2263 626 2314 perspicitur
655 2275 699 2301 ex
735 2275 781 2300 eo
813 2263 900 2300 loco
923 2291 933 2307 ,
975 2263 1035 2301 ubi
1065 2264 1255 2303 Achelous

200 2315 347 2354 Thesea
376 2316 430 2354 his
454 2316 568 2355 verbis
596 2315 734 2365 alloqui
753 2313 1026 2360 introducitur,
1052 2314 1250 2363 Lib.vur‚

197 2367 252 2410 sss.
281 2367 365 2415 728.

591 2420 703 2468 sunt,
733 2418 750 2455 ὂ
764 2418 970 2466 fortissime,
1001 2432 1155 2470 quorum·

252 2476 380 2507 Forma
386 2470 494 2518 semel
506 2480 599 2507 mota
611 2470 654 2517 est
665 2499 674 2515 ,
703 2470 793 2510 &in
806 2469 866 2506 lm
879 2471 1105 2507 renovamine
1115 2468 1257 2519 mansit.

253 2527 342 2558 Sunt
364 2522 486 2572 quibus
507 2521 546 2558 in
564 2521 678 2571 plures
689 2522 748 2570 jus
767 2521 810 2567 est
832 2521 982 2557 transire
999 2520 1143 2569 figuras.
1165 2532 1236 2561 φτ.

201 2572 258 2608 Ut
288 2573 347 2610 vel
374 2574 461 2609 irinc
491 2586 566 2609 non
591 2572 670 2610 satis
692 2572 815 2609 mirari
835 2572 965 2620 poflim
990 2571 1255 2610 confidentiam

201 2620 373 2669 Scaligeri
396 2652 406 2668 ,
443 2623 530 2672 qui,
561 2622 922 2671 Metamorphoseon
943 2623 1177 2660 conditorem
1200 2636 1256 2661 re⁹

201 2671 447 2718 formaturus,
472 2676 546 2712 hoc
579 2674 617 2711 in
648 2674 742 2712 illius
774 2673 1013 2722 prooemium
1047 2674 1256 2714 substituere

203 2721 305 2760 ausus
327 2721 368 2759 sit
390 2736 397 2759 ι

255 2775 357 2820 Qzas
377 2784 517 2809 mutata
540 2788 648 2812 novas
670 2776 824 2814 immotis
844 2784 978 2825 corpora
992 2775 1120 2824 formis

258 2823 442 2860 Induerint
451 2825 560 2869 facies
575 2853 584 2868 ‚
613 2839 683 2865 wc.

204 2888 306 2937 quod
338 2900 407 2925 nec
438 2887 663 2935 inscriptioni
692 2893 830 2941 operis,
858 2904 928 2930 nec
959 2891 1167 2930 tract-arioni
1199 2904 1255 2931 re-

204 2938 385 2987 spondet,
417 2940 452 2974 8<
478 2937 496 2975 a
522 2946 648 2975 mente
670 2940 823 2976 Nasonis
843 2946 981 2987 prorius
999 2944 1157 2980 alienum
1184 2945 1253 2988 est,

202 2990 549 3028 trans-formationes-
576 2989 888 3037 promittentis&
923 2993 1217 3037 repraesentantis
1245 3021 1254 3036 ‚

206 3051 248 3078 ac
279 3039 551 3088 repraesentaffe
578 3039 779 3087 profitentis
798 3048 892 3077 noto
910 3040 975 3076 illo
997 3041 1097 3077 versu
1120 3041 1147 3077 Ι.
1167 3041 1255 3079 Tri·

204 3091 325 3130 stium.
354 3092 455 3139 hieg.
481 3103 494 3127 1
532 3090 584 3131 5ss.
612 3103 688 3133 127.
719 3091 753 3127 ὅ(
779 3090 844 3128 111.
873 3089 973 3139 Eleg.
1003 3091 1127 3138 14.Jl's.
1153 3102 1211 3138 19.

258 3147 345 3179 Sunt
367 3155 498 3192 quoquc
518 3155 549 3176 m
556 3151 674 3177 uratae
685 3152 735 3177 ter
746 3143 897 3191 quinque
911 3142 1251 3189 volmmnafhrmae,

208 3193 378 3230 &altero
395 3221 404 3237 ‚
435 3193 460 3229 1.
487 3191 673 3229 Tristium.
705 3193 804 3241 [leg.
828 3195 859 3229 ί».
879 3192 932 3235 xrs.
958 3205 1014 3242 13.

258 3244 432 3281 Carmina
451 3255 607 3281 mutatas
628 3244 809 3281 hominum
832 3243 982 3281 dicentia
993 3245 1144 3291 formas.

434 153 752 230 JOAN.
830 147 1079 208 θυι.
1160 146 2078 206 CAPOFERREUS

1289 271 1394 329 quod
1430 272 1600 311 Poeticas
1633 275 1773 324 phrases
1809 276 1956 325 exigere
1994 276 2074 314 vult
2105 274 2150 314 ad
2179 275 2343 315 rationes-

1288 322 1562 380 Philosophicas
1584 336 1593 360 :
1621 324 1703 364 cum
1733 339 1804 365 nec
1834 326 1934 364 Naso
1955 326 2209 374 Philosophiae
2229 329 2340 366 fuerit

1290 374 1446 418 inscius,
1476 375 1514 410 δε
1538 374 1737 412 Poetarum
1769 389 1811 415 ea
1843 377 1884 416 sit
1903 377 2067 422 libertas,
2097 386 2136 416 ut
2153 389 2231 416 non
2256 389 2342 426 pro-

1292 424 1371 474 prie
1398 436 1440 462 ac
1471 423 1729 473 philosophice
1750 453 1761 470 ,
1805 427 1865 466 sed
1894 428 2038 477 tropice
2066 440 2109 466 ac
2141 428 2204 466 suo
2234 440 2341 466 inore

1292 476 1522 526 loquantur:
1551 476 1641 526 quin
1674 475 1712 512 id
1741 475 1862 522 potius
1889 478 1974 516 dare
2005 491 2157 528 operam
2191 479 2346 524 debuit,

1294 537 1343 565 ne
1375 525 1647 565 dubitabundus
1669 524 1904 574 suspicaretur
1919 555 1929 571 ‚
1954 529 2015 569 sed
2035 529 2136 567 certo
2154 530 2259 567 nobis
2282 541 2345 567 ex-

1294 577 1446 627 plicaret
1460 605 1470 622 ,
1498 577 1588 627 quid
1610 577 1771 615 Ovidius
1793 578 1998 616 formarum
2018 582 2174 619 nomine
2197 581 2347 628 capien-

1294 629 1385 667 dum
1417 637 1637 679 proponat:
1676 628 1779 678 quod
1812 627 1837 665 fi
1870 627 2030 672 fecisset,
2057 633 2237 680 majorem
2260 642 2347 679 pro-

1293 680 1396 718 feeit>
1427 679 1449 718 a
1476 680 1624 729 posteris
1654 680 1806 728 gratiam
1839 678 2043 717 erudiendo
2061 681 2200 720 lectore
2231 680 2352 732 quarn

1295 731 1571 780 perstringendo
1612 739 1696 768 vate
1725 727 1894 767 inivisset.
1948 729 2017 766 Sed
2046 733 2221 778 quoniam
2257 732 2316 770 ille
2338 759 2349 776 2

1296 795 1374 820 non
1398 782 1552 832 quidem
1576 781 1832 830 ignoratione,
1860 779 1923 817 sed
1943 780 2116 828 carpendi
2136 783 2351 831 praecipita-

1296 834 1402 870 tione
1436 834 1666 877 caecutiens,
1704 840 1871 870 mentem
1896 831 2191 881 sententiamque
2211 833 2351 874 Poetae

1299 883 1490 933 pervidere
1511 896 1588 922 non
1613 884 1760 932 potuit,

1479 935 1613 973 meritis
1630 944 1726 983 patet
1746 933 1802 971 hic
1823 931 1913 971 mihi
1932 931 2091 983 primum

1349 987 1606 1037 Doe'lrinaeque
1627 986 1717 1023 loeus
1731 1013 1742 1029 ,

1298 1038 1395 1076 haud
1417 1050 1603 1088 quaquam
1628 1037 1751 1075 aetum
1775 1035 1902 1074 ac'turo
1919 1064 1930 1080 ‚
1958 1034 1984 1072 st
2008 1034 2202 1074 Ovidiano
2223 1034 2355 1075 leston

1301 1090 1485 1127 Ovidium
1521 1102 1567 1127 ex
1604 1088 1683 1137 ipso
1712 1089 1939 1136 interpreter.
1998 1087 2112 1135 Igitur
2140 1087 2177 1124 in
2209 1099 2360 1126 memo-

1300 1141 1391 1179 riam
1423 1139 1709 1190 regrediendum
1735 1138 1805 1183 est,
1844 1138 2001 1176 Poetam
2020 1165 2029 1181 ‚
2068 1149 2158 1186 quas
2212 1137 2241 1175 1.
2269 1138 2359 1176 Tri-

1302 1192 1408 1230 stium
1431 1192 1535 1240 Eleg.
1556 1192 1590 1229 6.
1613 1190 1670 1234 ybs.
1685 1202 1742 1239 13.
1770 1189 1858 1227 dicit
1879 1199 2039 1226 mutatas
2050 1189 2213 1235 formas,
2241 1189 2356 1226 altero

1301 1243 1388 1281 inde
1419 1242 1573 1281 disticho
1607 1242 1731 1280 dicere
1760 1249 1901 1278 mutata
1934 1249 2093 1289 corpora,
2130 1248 2170 1277 ut
2191 1238 2281 1276 nihil
2301 1239 2360 1276 in-

1300 1295 1525 1332 terfuturum
1558 1293 1668 1331 fuerit
1688 1321 1698 1338 ,
1749 1291 1776 1330 fi
1805 1289 2133 1339 Metamorphofin
2160 1289 2362 1339 auspicatus

1301 1344 1389 1383 effer
1407 1346 1481 1383 hoc
1502 1345 1621 1383 modo
1644 1357 1652 1382 ε

1358 1420 1398 1450 In
1410 1415 1552 1462 formas
1576 1422 1718 1451 mutata
1743 1426 1852 1451 novas
1876 1425 1973 1450 mens
1994 1412 2102 1449 dicere
2117 1410 2215 1462 gestit

1355 1471 1517 1513 Corpora.
1545 1464 1598 1502 Di
1619 1464 1739 1515 coeptis
1756 1493 1765 1510 ‚
1795 1476 1879 1501 nam
1890 1478 1951 1501 vos
1964 1463 2174 1510 mutastis&
2187 1461 2252 1498 illa
2266 1489 2275 1507 ,
2289 1472 2362 1502 erc.

1303 1527 1392 1554 narn
1421 1516 1541 1566 aeque
1570 1529 1634 1565 per
1667 1528 1821 1564 corpora
1849 1527 1891 1553 ac
1920 1527 1982 1563 per
2014 1516 2152 1551 formas
2179 1525 2255 1551 non
2280 1525 2362 1561 par·
2412 1533 2416 1537 ·

1303 1574 1380 1604 tem
1412 1567 1636 1616 compositi,
1672 1566 1730 1604 sed
1754 1576 1879 1604 toturn
1902 1565 2152 1614 compositum
2171 1563 2363 1612 intelligit,

1304 1617 1395 1656 nota
1417 1618 1684 1668 Synecdoche;
1718 1627 1960 1656 veruntamen
1982 1628 2058 1654 non
2085 1616 2133 1653 ita
2144 1615 2275 1663 accipit
2288 1616 2365 1652 for-

1306 1681 1409 1707 mam
1431 1670 1738 1718 Philosophorum
1764 1681 1892 1713 more,
1925 1677 2035 1715 prout
2053 1668 2199 1704 initium
2214 1664 2261 1702 est
2273 1677 2365 1704 con-

1306 1720 1510 1759 stituendae
1531 1723 1581 1760 rei
1598 1750 1608 1767 ‚
1635 1721 1695 1759 sed
1719 1729 1758 1759 ut
1781 1732 1825 1758 ex
1848 1731 1886 1757 re
1910 1716 2106 1756 constituta
2125 1716 2293 1760 resultat,
2324 1717 2364 1753 &

1307 1783 1371 1820 per
1399 1785 1512 1822 quam
1536 1773 1595 1816 id,
1618 1772 1722 1821 quod
1741 1772 1788 1809 est
1804 1799 1814 1815 ,
1853 1769 1923 1809 effe
1948 1782 2002 1808 res
2026 1768 2182 1807 videtur:
2205 1766 2302 1805 unde
2324 1767 2363 1803 &

1306 1823 1465 1870 speciei,
1488 1825 1526 1861 ὃ(
1548 1824 1685 1872 figurae
1701 1852 1710 1868 ‚
1741 1824 1776 1860 &
1799 1823 1933 1866 faciei,
1964 1823 2000 1858 ὅ(
2026 1819 2215 1868 imaginis,
2231 1819 2267 1855 δε
2284 1817 2366 1873 vul·

1306 1882 1363 1911 tus
1394 1875 1547 1924 aliisque
1576 1886 1657 1913 eam
1689 1873 1976 1912 nomenclaturis
2001 1872 2139 1910 variare
2159 1868 2362 1906 consuevit.

1307 1927 1435 1974 Atque
1466 1934 1506 1964 ut
1538 1926 1622 1964 Lib.
1649 1926 1676 1963 1.
1706 1925 1792 1962 Fab.
1814 1937 1860 1962 11.
1889 1924 1943 1964 JC's.
1966 1935 2024 1970 73.
2052 1920 2265 1969 performas
2287 1918 2365 1955 deo·

1308 1990 1387 2013 rum
1420 1976 1511 2014 nihil
1550 1975 1649 2015 aliud
1679 1975 1854 2025 fignificat
1882 1972 1995 2022 quam
2027 1971 2144 2013 deos;
2183 1969 2230 2006 fic
2260 1969 2364 2017 quod

1306 2028 1443 2066 ibidem
1478 2029 1551 2071 ait,
1588 2028 1643 2070 ybs.
1678 2039 1735 2074 35.
1763 2023 1883 2072 magni
1907 2022 2050 2073 speciem
2082 2020 2295 2069 glomeravit
2323 2019 2363 2058 in

1310 2077 1422 2122 orbis,
1450 2078 1549 2116 idem
1585 2077 1634 2114 est
1663 2088 1705 2114 ac
1729 2075 1754 2113 fi
1776 2071 1943 2117 dixiffet‚
1982 2083 2159 2120 magnum
2181 2071 2366 2120 glomera-

1313 2129 1366 2165 vit
1388 2129 1425 2165 in
1453 2128 1596 2166 orbern.
1628 2128 1667 2164 &
1699 2127 1783 2164 Fab.
1805 2137 1852 2162 xv
1892 2124 1948 2166 iss.
1972 2125 2056 2160 611.
2085 2134 2148 2171 per
2183 2120 2363 2159 Inachidos

1313 2178 1438 2214 vultus
1453 2178 1673 2216 tantundem
1696 2176 1849 2224 intelligi
1871 2176 1972 2219 vult,
2001 2187 2042 2212 ac
2064 2185 2125 2223 per
2138 2172 2368 2211 Inachidem.

1315 2230 1353 2264 &
1383 2230 1490 2266 unius
1522 2228 1723 2266 sententiae
1752 2228 1833 2265 sunt
1854 2254 1864 2271 ‚
1901 2225 2002 2274 quod
2035 2225 2080 2263 de
2099 2223 2363 2272 Periclymeno

1315 2281 1437 2325 canit,
1466 2279 1549 2316 Lib.
1573 2291 1647 2319 ΧΠ.
1680 2278 1735 2322 ybs.
1758 2280 1841 2326 560.
1871 2277 2028 2314 Vertitur
2057 2276 2093 2313 in
2109 2273 2240 2322 faciem
2260 2274 2364 2311 volu-

1314 2330 1402 2375 cris,
1432 2332 1470 2368 ὅ(
1491 2330 1594 2380 quod
1616 2330 1661 2368 de
1685 2330 1813 2367 Tereo
1829 2357 1839 2373 ,
1869 2328 1954 2365 Lib.
1974 2327 2042 2363 Vi.
2069 2326 2123 2364 fis.
2139 2326 2223 2371 672.
2254 2328 2364 2362 Verti-

1313 2391 1373 2417 tur
1401 2381 1439 2418 in
1471 2382 1662 2418 vomerem:
1695 2392 1768 2418 nec
1799 2380 1861 2417 lib.
1882 2378 1991 2415 VlII.
2019 2377 2103 2414 Fab.
2122 2389 2167 2414 11.
2194 2376 2248 2418 ybs,
2281 2378 2364 2424 169.

1316 2432 1430 2469 ullum
1464 2432 1512 2469 est
1537 2433 1586 2470 rei
1616 2432 1809 2470 discrimen
1832 2432 1925 2468 inter
1950 2429 2126 2478 geminam
2148 2427 2244 2464 tauri
2258 2428 2366 2475 juve-

1314 2481 1435 2532 nisque
1455 2483 1610 2531 figuram
1629 2486 1667 2520 &
1689 2483 1961 2520 Minotaurum.
1988 2481 2026 2517 δί
2041 2479 2123 2528 solis
2147 2478 2260 2527 imago
2278 2479 2364 2517 Lib.

1314 2534 1420 2572 XlV.
1449 2534 1533 2572 Fab.
1557 2546 1636 2572 xvi.
1662 2533 1716 2577 JZ‘s.
1747 2533 1829 2580 768.
1861 2532 1942 2569 solis
1974 2532 2052 2569 vini
2077 2542 2119 2568 ac
2146 2530 2361 2578 potestatem

1315 2585 1455 2633 implet.
1512 2584 1654 2623 Verum
1685 2586 1775 2622 haec
1803 2583 1992 2621 haetenus:
2013 2581 2117 2619 restat
2136 2580 2234 2618 enim
2257 2578 2361 2617 tertia}

1316 2636 1394 2673 crisi
1424 2637 1657 2683 importunus
1681 2636 1837 2683 Scaliger
1857 2663 1867 2679 ,
1906 2635 1943 2672 δί
1967 2633 2010 2670 ad
2033 2633 2187 2670 alterum
2216 2629 2358 2667 versum

1313 2686 1495 2725 fastidiose
1515 2688 1680 2736 quaerit,
1718 2686 1806 2735 quid
1827 2685 1867 2723 sit
1890 2695 1932 2724 cy
1954 2684 2056 2728 illas,
2083 2685 2262 2728 iteratque
2283 2680 2360 2717 irri-

1313 2738 1405 2776 soria
1439 2737 1653 2785 Anadiplosi
1687 2750 1730 2776 ey
1753 2736 1835 2772 illas
1859 2764 1868 2781 ‚
1909 2737 1946 2773 ὅ(
1978 2734 2065 2783 quid
2087 2729 2183 2767 aliud
2205 2731 2361 2788 repetita*

1311 2790 1525 2839 quaestione
1554 2788 1708 2827 illudens
1737 2787 2002 2836 perennetatur.
2056 2780 2169 2828 Quasi
2196 2792 2287 2836 xjero
2313 2782 2364 2818 τῖ’

1311 2851 1354 2879 &¹
1371 2840 1414 2877 ad
1433 2840 1514 2876 illas
1535 2840 1712 2888 pertineat
1726 2867 1735 2882 ,
1772 2840 1808 2875 ὃς
1831 2847 1906 2872 non
1926 2833 1970 2870 ad
1992 2846 2050 2868 vos
2070 2831 2229 2877 mutastts
2248 2832 2357 2880 traje-

1313 2890 1436 2928 ertone
1465 2890 1591 2927 Poetis
1620 2888 1745 2926 usitata
1776 2887 1814 2922 &
1836 2881 2032 2921 concessa:
2063 2881 2146 2918 cum
2173 2884 2360 2921 oratorius

1311 2941 1406 2978 ordo
1425 2940 1489 2985 fit,
1528 2951 1611 2977 nam
1637 2940 1671 2975 δε
1695 2948 1760 2974 vos
1781 2936 1854 2973 illas
1874 2933 2033 2971 mutastis
2048 2961 2057 2977 ,
2087 2940 2126 2970 ut
2146 2933 2355 2971 invocatio-

1310 2991 1364 3028 nis
1399 3003 1481 3028 cum
1513 2991 1711 3027 Poetarum
1745 2988 1860 3024 choro
1881 2984 2117 3026 communis,
2144 2982 2207 3020 fibi
2230 2983 2354 3023 Meta-

1310 3040 1524 3087 morphoses
1564 3039 1735 3085 scripturo
1779 3037 1964 3085 propriam
2009 3036 2138 3072 innuat
2175 3035 2314 3072 causam
2340 3063 2352 3079 ,

1311 3089 1414 3138 quod
1455 3090 1544 3135 Dii,
1575 3091 1773 3126 Poetarum
1804 3086 2013 3135 adjutores,
2042 3086 2152 3123 etiarn
2185 3086 2352 3124 auc‘tores

1308 3140 1377 3179 sint
1405 3139 1774 3187 Metamorphoseon.
1825 3139 1917 3186 Quo
1947 3137 2008 3181 fit,
2046 3145 2086 3174 ut
2106 3135 2247 3184 repulso
2267 3137 2353 3175 Sca·

1307 3191 1423 3240 ligero
1450 3203 1524 3229 non
1558 3189 1675 3227 modo
1714 3201 1792 3227 non
1811 3190 1978 3227 minuam
1992 3188 2138 3231 mirari,
2166 3185 2349 3229 sedetiam

1306 3242 1468 3281 venerari
1507 3241 1717 3292 progrediar
1749 3241 1865 3278 divini
1894 3241 2034 3278 Poetae
2064 3239 2360 3287 incomparabile

199 3304 270 3333 nec
301 3296 499 3346 quicquain
528 3295 807 3346 intempestivus
840 3295 967 3350 censor
995 3307 1042 3336 eo
1072 3294 1243 3346 proficit,
1301 3294 1516 3344 ingenium,
1556 3303 1620 3344 qui
1656 3291 1875 3342 paucissimis
1908 3290 2065 3332 versibus
2093 3291 2131 3329 ὃς
2161 3298 2236 3329 tarn
2259 3290 2362 3328 clare-

2261 3351 2347 3388 9102
