2483 3616
229 178 345 237 'cnjus
367 174 473 224 oculi
492 170 632 220 deinde
653 169 681 218 ὰ
704 168 878 232 7ιικοιιε
893 169 938 217 in
951 176 1163 230 pavonem
1185 164 1328 214 collati
1337 163 1536 228 fuerunt.
1604 163 1715 213 Tum
1744 164 1799 213 lb·
1809 162 1993 228 pristina
2014 164 2205 214 mulieris
2213 167 2371 231 forma

228 233 416 301 recepta,
450 236 676 298 Epaphum
690 238 828 296 parit.
2135 298 2144 306 ι

249 330 254 334 ·
294 306 367 350 L1
383 319 425 347 B.
464 300 525 346 II.
561 302 660 367 Qi
681 316 772 346 cum
794 299 1017 361 aliquando
1034 294 1308 342 'Phaethonti
1331 295 1595 356 Apollinem,
1631 303 1679 340 ut
1690 294 1857 356 falsum
1879 295 2255 358 acsitpposttitium
2279 312 2364 358 pa-

227 378 357 423 trem,
404 365 603 426 objeciſjet
626 400 643 425 ,
676 366 744 410 ille
777 363 922 411 currfts
959 363 1119 409 Solaris
1151 361 1371 420 imperium
1405 360 1465 405 ad
1497 361 1605 405 diem
1639 375 1766 405 unum
1801 362 1829 404 a
1858 371 1985 420 patre
2007 364 2052 408 in
2065 363 2218 423 pignus
2240 379 2374 410 verae

214 431 364 492 stirpis
390 432 532 490 petiit.
601 430 703 495 Qio
738 431 987 488 impetrato,
1031 436 1149 470 terra
1183 425 1238 469 ab
1272 439 1313 469 eo
1335 433 1427 469 tota
1450 423 1717 481 accenditur,
1754 424 1808 475 &
1833 427 1944 471 inter
1965 435 2099 472 cetera
2135 425 2372 488 nigrescunt

226 493 466 554 Aethiopese
533 493 846 539 Phaethontem
871 491 1013 536 deinde
1025 490 1210 551 fulmine
1223 488 1458 548 percuffiim
1479 489 1578 533 dum
1602 487 1942 549 lugentfiirores,
1987 490 2042 541 &
2068 502 2151 536 una
2174 501 2370 552 cognatus

226 559 416 619 Cygnus3
453 559 552 604 illae
578 560 622 603 in
645 559 839 615 arbores,
874 555 941 600 hic
962 558 1006 600 in
1030 568 1198 614 cygnum
1222 562 1433 598 mutatur.
1502 549 1547 597 T
1537 567 1607 597 um
1642 553 1820 612 Jupiter
1854 555 2028 615 lustrato
2061 565 2276 600 terrarum
2302 571 2370 601 or-

222 621 299 680 be,
334 638 384 668 ac
398 622 573 682 pristino
597 624 734 683 vigori
757 621 974 680 restitutO,
1009 620 1053 663 in
1079 617 1343 677 Callistonem
1365 615 1909 677 incidit,eamqueficmpta
1932 618 2258 678 Dianaeforma
2270 619 2368 679 stu-

213 689 386 746 pravit.
456 687 526 731 Ob
549 687 597 731 id
616 688 733 731 irata
757 686 904 744 Juno,
942 681 1207 742 Callistonem
1230 684 1274 727 in
1297 679 1440 742 ursam
1463 682 1668 726 convertit
1692 696 1708 726 :
1752 696 1878 740 quam
1906 682 2047 742 postea
2083 685 2223 728 Arcas
2243 684 2368 744 filius

222 752 508 810 transfixurus
521 748 701 810 fuerat,
738 752 815 809 nist
852 758 1074 808 utrumque
1111 747 1287 806 Jupiter
1309 747 1420 790 inter
1430 746 1575 807 fidera
1597 746 1810 805 retuliſjet.
1859 747 1967 811 Qia
1990 747 2038 792 de
2060 763 2104 792 re
2127 763 2219 793 cum
2254 749 2371 807 apud

223 815 440 861 Oceanum
463 815 582 874 Juno
606 813 816 875 conquesta
839 813 961 871 efflet,
995 815 1040 857 in
1062 812 1213 856 coelum
1248 811 1387 855 relata
1397 809 1494 870 fuit
1527 808 1712 855 humeris
1738 823 1984 870 pavonum,
2021 813 2093 872 qui
2120 825 2250 871 nuper
2284 828 2367 877 ‘pa-

220 881 330 925 riat-i
353 879 536 941 fuerant
561 895 577 923 .·
610 882 724 939 ficut
748 877 802 928 [9³
830 878 995 921 Corvus
1017 888 1146 935 nuper
1166 890 1216 918 ex
1239 874 1332 920 albo
1357 875 1470 935 niger
1502 884 1596 919 erat
1626 874 1841 933 redditus,
1888 891 1979 921 cum
2013 877 2201 922 Cornicis
2233 879 2366 922 moni-

220 946 306 1002 tis,
341 959 444 1004 quae
467 946 532 989 illi
553 954 642 988 tum
655 941 784 1003 sitam
809 943 852 986 in
874 942 1102 998 cornicem,
1137 949 1229 983 tum
1251 940 1520 996 ZVyilimenes
1542 940 1586 983 in
1603 943 1795 984 nofftuam
1818 942 2094 987 mutationem
2105 942 2370 1001 ex'plicarat,

220 1024 301 1053 non
313 1009 617 1068 obtemperaffet
635 1021 811 1051 :verum
822 1005 1024 1050 audaciter
1037 1003 1254 1049 Coronidis
1265 1003 1522 1049 adulterium
1533 1004 1593 1049 ad
1603 1005 1840 1063 Apollinem
1862 1004 2081 1065 detuliſjet.
2117 1005 2228 1066 Ejus
2250 1007 2366 1053 dein-

219 1073 270 1118 de
302 1074 417 1130 filio,
462 1062 710 1134 Aessulapio
734 1104 750 1130 ,
794 1071 894 1116 dum
917 1069 1080 1131 futura
1117 1068 1330 1128 praedicit
1365 1068 1524 1125 Ocyroe'
1548 1088 1562 1122 3
1609 1070 1654 1114 in
1697 1083 1845 1128 equam
1877 1069 1947 1114 irci
1967 1070 2130 1116 ,divina
2163 1073 2367 1117 vertitur.

219 1128 329 1182 Tum
364 1137 522 1182 Chiron
550 1146 678 1196 pater
714 1137 924 1196 Apollinis
944 1135 1154 1179 auxilium
1167 1132 1340 1194 frustra
1364 1135 1615 1178 invocavit:
1650 1132 1760 1192 quod
1789 1135 1857 1178 ille
1868 1133 1967 1193 jam
1990 1136 2036 1179 in
2069 1135 2194 1180 Elide
2222 1136 2374 1196 pastor

210 1200 378 1263 faetus,
414 1201 537 1246 aliud
555 1211 723 1262 ageret,
758 1201 946 1262 neglectis
969 1201 1100 1244 etiam
1134 1198 1278 1243 bubus.
1314 1197 1371 1243 Id
1390 1198 1500 1258 quod
1520 1197 1740 1244 Mercurio
1754 1197 1942 1258 furandi
1962 1203 2204 1261 occafionem
2236 1201 2367 1247 dedit.

219 1268 294 1327 qui
314 1266 481 1323 deinde,
528 1266 658 1310 Batti
682 1300 698 1324 ‚
748 1268 764 1325 (
788 1267 835 1315 is„
856 1274 950 1309 erat
980 1262 1098 1324 solus
1121 1261 1245 1322 furti
1276 1256 1490 1322 conscius)
1531 1259 1720 1322 perfidia*
1741 1261 1792 1323 ſse
1824 1264 2112 1310 commutando
2144 1265 2365 1323 deprehen-

209 1328 269 1391 sci
283 1363 298 1387 ,
343 1329 477 1389 ipsum
497 1332 543 1374 in
563 1330 737 1374 indicem
757 1330 936 1389 lapidem
960 1329 1182 1374 convertit.
1252 1327 1357 1371 Inde
1378 1329 1423 1371 in
1436 1329 1635 1372 Atticam
1657 1327 1883 1388 ingreſjus,
1899 1326 2061 1389 Herſse,
2102 1330 2292 1389 Cecropis
2302 1331 2374 1390 fi·-

220 1394 310 1450 lici,
341 1396 516 1452 potitur.
588 1395 671 1440 Cui
687 1395 786 1438 dum
809 1394 973 1439 invidet
982 1391 1106 1454 soror
1130 1391 1378 1453 Aglaurus,
1423 1393 1469 1436 in
1489 1389 1648 1451 saxum
1684 1391 1910 1453 obrigescit.
1977 1393 2130 1453 Postea
2162 1394 2367 1454 Jupiter,

219 1473 312 1505 cum
343 1458 477 1519 ipsum
511 1459 633 1504 boves
665 1461 868 1521 Agenoris
899 1458 959 1504 ad
979 1459 1080 1504 litus
1116 1456 1338 1502 advertere
1347 1455 1555 1517 jufftffet,
1575 1454 1754 1518 sumpta
1784 1459 1903 1503 tauri
1925 1455 2090 1518 specie,
2147 1458 2369 1520 Europam

212 1536 294 1584 per
315 1539 431 1568 mare
452 1525 496 1568 in
521 1525 695 1569 Cretam
715 1525 972 1570 transvexit.

288 1587 420 1632 Lm.
461 1588 476 1631 1
485 1588 543 1632 ΙΙ.
579 1588 668 1633 Ηιί
689 1589 858 1648 Agenor
893 1588 1102 1633 Cadmum
1112 1588 1237 1646 jubet
1260 1588 1408 1646 filiam
1442 1588 1638 1646 amiſjam
1671 1587 1934 1650 investigare.
2000 1587 2137 1652 Quod
2165 1589 2264 1635 dum
2298 1590 2369 1637 ille

210 1652 357 1714 facit,
404 1653 425 1697 e
469 1653 665 1698 dentibus
702 1653 892 1697 draconis
939 1653 1053 1712 occist
1064 1650 1179 1712 satis
1203 1685 1219 1710 ,
1252 1650 1504 1712 enascuntur
1544 1651 1727 1696 homines
1753 1668 1768 1696 .·
1814 1668 1906 1697 cum
1952 1654 2099 1712 quibus
2121 1654 2191 1699 ille
2224 1655 2370 1701 deinde

219 1712 385 1761 Thebas
426 1717 621 1762 condidit.
691 1717 811 1761 Iffuic
838 1718 1029 1776 primum
1075 1716 1218 1761 valide
1272 1713 1457 1776 luotuosa
1493 1714 1592 1776 fuit
1627 1718 1782 1775 nepotis
1828 1718 2057 1766 Anaeonis,
2097 1719 2143 1762 in
2195 1734 2369 1765 cervum

218 1780 381 1824 mutati
403 1780 678 1826 dilaceratio:
713 1783 908 1840 quamvis
932 1781 1099 1839 Junoni
1113 1789 1245 1842 grata
1258 1780 1427 1842 fuerit,
1464 1796 1568 1842 quae
1593 1780 1779 1827 Semelen
1802 1784 1993 1842 pellicem
2017 1783 2175 1828 oderat.
2246 1785 2367 1829 Ideo-

216 1859 296 1904 que
330 1843 390 1888 ad
432 1843 565 1905 ipsam
601 1843 718 1904 faeie
766 1846 921 1890 Beroes
964 1847 1140 1890 nutricis
1184 1846 1374 1891 accedens
1408 1878 1423 1903 ,
1491 1856 1665 1891 mortem
1699 1847 1766 1891 illi
1779 1843 2071 1905 procuravit(
2116 1847 2259 1893 Paulo
2273 1848 2367 1909 post

218 1908 401 1968 Jupiter
423 1925 515 1954 cum
540 1909 710 1969 Junone
734 1908 977 1970 disputans,
1023 1919 1124 1954 utra
1147 1913 1210 1970 fit
1246 1911 1299 1957 V
1292 1925 1390 1956 enus
1424 1909 1640 1971 suavior,
1689 1907 1892 1972 Tirestam
1914 1910 2087 1956 adhibet
2119 1912 2364 1958 arbitrum:

217 1973 549 2033 quandoquidem
559 1972 712 2034 st’xum
737 1984 959 2034 utrumque
971 1973 1127 2034 fuerat
1149 1985 1353 2033 expertus.
1423 1976 1468 2020 Is
1490 1977 1582 2020 lata
1618 1984 1761 2020 contra
1798 1976 2011 2035 Junonem
2023 1975 2264 2037 sententia,
2309 1978 2364 2024 ab

219 2038 297 2082 illa
321 2038 485 2097 quidem
509 2037 607 2098 visu
623 2041 855 2098 privatus,
891 2040 920 2084 a
957 2039 1073 2098 Jove
1094 2048 1237 2084 autem
1259 2040 1527 2085 vaticinandi
1537 2039 1766 2101 scientiam
1788 2039 2020 2101 constcutus
2044 2040 2113 2102 est.
2160 2041 2364 2088 Primum

217 2100 315 2159 ejus·
330 2103 542 2147 oraculum
564 2104 610 2147 in
646 2105 846 2163 lVarciffo
880 2104 1188 2162 comprobatum
1211 2102 1308 2163 fuit
1355 2120 1372 2149 .·
1438 2107 1511 2165 qui
1554 2120 1646 2150 cum
1672 2105 1838 2163 puellas
1884 2121 2018 2150 omnes
2040 2138 2056 2164 ,
2114 2107 2226 2151 inter
2260 2122 2364 2168 quas
2430 2146 2442 2156 ,

221 2164 279 2216 {9⁹
310 2165 423 2211 Echo
438 2180 546 2226 prae
568 2170 724 2213 amoris
746 2170 1014 2227 impatientia
1036 2170 1084 2213 in
1104 2183 1245 2213 vocem
1257 2168 1413 2229 fuerat
1436 2167 1634 2230 conversa
1649 2201 1664 2226 ,
1700 2171 1998 2230 contemstffet3
2023 2168 2101 2230 fici
2133 2171 2259 2232 ipstus
2291 2172 2361 2217 de-

217 2231 340 2290 nique
374 2246 514 2276 amore
555 2230 831 2292 contabescens
865 2265 880 2290 ,
937 2232 1025 2290 flos
1070 2232 1223 2293 faetus
1264 2233 1333 2293 est.
1404 2232 1619 2279 Pentheus
1663 2243 1805 2279 tamen
1850 2245 1996 2280 vatem
2047 2233 2156 2279 hunc
2209 2237 2367 2282 irride·

219 2294 323 2351 bat,
369 2310 623 2356 quamquam
658 2296 712 2347 &³
746 2298 822 2356 ipst
854 2312 960 2341 vera
987 2297 1278 2356 praedixerat.
1346 2298 1499 2357 Nam,
1546 2313 1637 2343 cum
1672 2296 1836 2344 Bacchi
1866 2299 2170 2344 celebrarentur
2195 2300 2362 2362 Orgia,

221 2358 290 2402 ille
303 2356 519 2416 famulum
544 2361 747 2421 quendam
756 2352 979 2422 sacrorum
1003 2394 1018 2420 ,
1066 2361 1284 2422 postquam
1317 2373 1473 2408 nautas
1507 2365 1552 2408 in
1586 2361 1717 2424 pisses
1754 2360 1892 2424 fuiſje
1929 2362 2251 2424 transformatos
2295 2367 2362 2411 in-

218 2422 439 2467 tellexerat
461 2456 477 2481 ,
512 2427 555 2468 in
589 2426 763 2470 vincula
797 2427 995 2486 conjecit:
1028 2436 1154 2487 atque
1178 2427 1272 2472 inde
1302 2427 1331 2472 a
1366 2426 1549 2473 Bacchis
1573 2426 1670 2489 fuit
1694 2425 1935 2489 discerptus.
1969 2428 2019 2474 id
2037 2429 2148 2489 quod
2165 2444 2364 2491 magnam

222 2486 338 2544 apud
357 2502 491 2532 omnes
502 2488 635 2546 fldem
649 2488 792 2549 sacris
817 2493 1075 2537 conciliavit.

287 2548 331 2594 L
349 2564 360 2592 ι
378 2566 420 2595 Β.
455 2550 478 2595 Ι
496 2551 553 2596 V.
588 2553 799 2598 Alcathoe‘
819 2565 988 2612 tamen,
1024 2572 1109 2601 una
1133 2572 1225 2602 cum
1237 2555 1481 2616 sororibus,
1529 2557 1761 2617 constanter
1795 2574 1844 2605 ea
1877 2557 2169 2604 contemnebat.
2216 2557 2289 2602 Sic
2310 2566 2359 2603 ut

211 2612 321 2674 festo
354 2613 419 2658 die
442 2617 592 2659 varias
615 2618 674 2662 ad
705 2620 835 2663 colum
866 2619 1060 2678 historias
1093 2621 1191 2665 illae
1238 2622 1349 2665 inter
1371 2619 1422 2680 st’
1456 2636 1636 2665 narrare
1667 2624 1868 2680 coeperint
1891 2654 1907 2679 ,
1945 2623 2112 2680 partim
2145 2621 2194 2666 de
2229 2625 2358 2668 moris

219 2678 478 2738 denigratis,
506 2682 671 2737 partim
695 2681 742 2724 de
776 2685 968 2740 Apolline
1002 2685 1047 2728 in
1081 2683 1347 2741 Eurynomen
1373 2683 1491 2743 verso
1514 2716 1529 2740 ,
1574 2692 1623 2727 ut
1657 2701 1748 2730 cum
1783 2685 2016 2731 Leucothoe
2049 2686 2358 2733 concumberet:

217 2742 485 2805 quamobrem
523 2744 658 2800 Clytie
693 2746 884 2805 zelotypa
920 2748 965 2790 in
999 2745 1289 2807 heliotropium
1334 2757 1503 2792 mutata
1527 2763 1543 2792 ,·
1603 2752 1770 2807 partim
1804 2752 1934 2796 etiam
1968 2750 2017 2794 de
2060 2749 2355 2812 IJermaphro-

219 2808 308 2854 dito
332 2805 386 2856 &⁹
402 2806 639 2852 Salmacide
663 2809 868 2868 nympha,
903 2812 947 2855 in
971 2825 1098 2855 unum
1128 2824 1270 2870 corpus
1291 2814 1500 2857 concretis.
1537 2812 1639 2875 „Quo
1661 2812 1784 2874 facito
1805 2848 1821 2873 ,
1853 2813 2018 2875 sorores
2051 2813 2162 2875 ipsae
2182 2816 2227 2859 in
2260 2813 2356 2875 vest

209 2871 482 2932 postiliones,
516 2887 737 2932 earumque
759 2875 865 2919 telae
884 2877 929 2920 in
951 2877 1084 2919 vitem
1111 2875 1166 2926 {9³
1192 2877 1411 2934 pampinos
1444 2877 1775 2936 transformatae
1786 2878 1907 2940 sunt.
1975 2879 2076 2924 Hac
2108 2879 2157 2924 de
2184 2894 2229 2924 re
2264 2895 2358 2926 cum

220 2936 379 2995 Agave
400 2936 661 2995 laetaretur,
697 2952 868 2997 magnus
892 2941 930 2983 ei
950 2939 1063 2983 dolor
1086 2939 1249 2984 oblatus
1272 2939 1352 2998 est:
1390 2955 1482 2985 cum
1517 2941 1591 2986 Ino
1617 2942 1671 2993 &²
1707 2943 1925 2989 Athamas
1960 2945 2004 2988 in
2037 2959 2154 2988 mare
2176 2956 2257 3002 per
2287 2946 2355 2989 in-

212 2997 382 3056 saniam
398 3002 675 3060 prostluerunt
697 3034 712 3059 ,
757 3000 1066 3063 factiquesunt
1086 3003 1148 3047 dii
1167 3005 1337 3048 marini.
1396 3005 1518 3069 Qtos
1538 3005 1638 3050 dum
1672 3009 1861 3053 mulieres
1890 3004 2111 3052 Thebanae
2137 3020 2215 3066 pro
2243 3022 2356 3054 mor-

224 3062 307 3103 tuis
326 3063 566 3122 deplorant,
602 3067 647 3110 in
657 3064 775 3124 saxa
805 3065 858 3117 &³
883 3069 1068 3112 volucres
1090 3077 1413 3113 commutantur.
1485 3069 1671 3116 Cadmus
1693 3087 1848 3133 quoque
1870 3071 1951 3117 hac
1983 3072 2228 3117 calamitate
2245 3087 2353 3117 com-

223 3131 357 3169 motus
370 3129 550 3180 ,relictis
573 3126 745 3188 Thebis,
782 3132 827 3174 in
849 3130 1043 3189 Illyriam
1062 3148 1154 3177 cum
1177 3145 1302 3177 uxore
1329 3131 1542 3193 profectus
1561 3134 1630 3194 est.
1678 3136 1750 3180 ubi
1780 3146 1950 3196 uterque
1983 3137 2231 3196 anguineam
2253 3134 2354 3195 fiir-

226 3200 338 3233 mam
361 3195 524 3249 accepit.
593 3194 714 3242 Solus
749 3209 840 3258 ergo
872 3196 1054 3259 restabat
1097 3196 1146 3246 de
1178 3195 1343 3246 Bacchi
1366 3199 1715 3260 *contemptoribus
1747 3201 1939 3264 Acrifius
1960 3233 1977 3261 ,
2032 3212 2144 3248 avus
2178 3198 2353 3262 P'erfti,

218 3276 222 3281 ¹
416 3282 419 3283 ν
2285 3279 2358 3327 qm
