2483 3616
243 55 262 81 Ι

240 166 343 235 706

757 163 817 222 P.
892 160 1304 222 OVIDII
1374 159 1910 230 NASONIS

535 280 838 336 Peccavere
865 279 1046 334 meae?
1085 278 1234 351 quod
1261 277 1497 342 crimen,
1535 278 1696 337 dixit,
1734 277 1788 332 in
1812 277 1940 330 illis?

530 353 732 409 Exfilio
759 370 986 426 poenam
1011 354 1188 424 potius
1213 370 1340 424 gens
1366 351 1527 424 impia
1552 351 1748 422 pendat
1765 390 1781 413 ,

534 427 642 481 Vel
666 445 832 486 nece;
873 427 958 479 vel
986 425 1021 480 fi
1048 425 1180 498 quid
1208 425 1448 480 medium
1475 424 1772 494 mortisque
1795 423 2076 498 fugaeque.

533 498 701 571 quue
728 499 857 571 quid
885 498 987 553 esse
1014 497 1213 570 potest,
1254 497 1347 551 nifi
1370 499 1550 550 versae
1576 512 1749 566 poena
1773 496 2008 567 figurae?

388 592 420 624 2
430 591 451 637 3
463 591 490 641 ς
531 572 680 625 Dum
707 572 948 635 dubitat,
987 588 1098 643 quo
1127 583 1300 624 mutet
1325 586 1446 626 eos;
1489 566 1556 619 ad
1585 584 1787 621 cornua
1813 570 2021 624 vultum

538 644 738 700 Flexit:
782 645 837 697 δε
863 644 1134 697 admonita
1164 640 1238 694 est
1265 642 1395 693 haec
1420 639 1519 691 illis
1547 637 1692 710 poss'e
1716 641 1980 712 relinqui;

534 716 884 790 Grandiaque
913 717 967 770 in
995 731 1177 768 torvos
1205 711 1544 766 transformat
1573 710 1814 765 membra
1833 713 2108 782 juvencos,

815 861 980 908 ΕΑΒ.

1050 859 1190 912 VII.
1257 859 1851 906 ARGUMENTUM.

1019 987 1323 1053 Propoetides
1356 989 1405 1034 in
1441 988 1627 1053 lapides.

303 1111 574 1175 Propoetides
588 1145 603 1171 ‚
639 1113 790 1174 ²filiae
805 1111 1153 1169 Amathunteae‚
1189 1109 1465 1172 adspernatae
1489 1112 1720 1168 Venerem,
1749 1113 1917 1170 primae
1938 1113 1985 1157 in
2007 1113 2141 1158 trivio
2164 1114 2394 1175 vulgavere

238 1194 421 1240 corpora.

242 1247 335 1292 sunt
358 1244 707 1305 transfigurata&

490 1177 559 1223 Ob
592 1176 772 1238 ejusdem
805 1178 904 1223 deae
946 1180 1060 1223 iram
1083 1210 1098 1235 ,
1134 1179 1234 1238 qaia
1269 1175 1286 1199 ¹²
1299 1176 1459 1236 pudere
1492 1177 1774 1223 induruerant
1798 1209 1813 1235 ,
1850 1183 1866 1202 ⁰
1888 1182 1934 1224 in
1965 1179 2146 1238 lapidem
2179 1181 2391 1239 noviffimr)⁹

527 1371 729 1509 SUnt
754 1385 932 1426 tamen
956 1371 1244 1425 obscaenae
1272 1370 1549 1425 Venerem
1575 1370 1933 1444 Propoetides
1957 1373 2106 1428 ausae

630 1442 749 1500 Effe
778 1462 974 1515 negare
1000 1444 1196 1498 Deam:
1242 1460 1343 1515 pro
1368 1462 1477 1517 quo
1504 1444 1617 1507 sua,
1654 1446 1885 1499 numinis
1913 1445 2017 1509 ira,

377 1537 485 1589 240
522 1522 770 1593 Corpora
794 1535 920 1573 cum
951 1517 1125 1574 forma
1149 1517 1354 1590 primae
1382 1517 1612 1590 vulgasse
1638 1519 1899 1574 feruntur.

279 1731 367 1766 229.
394 1719 467 1769 Ipsa
479 1720 564 1769 ficas
586 1719 694 1757 urbes.
714 1719 731 1770 ]
786 1719 885 1758 Mox
918 1720 1054 1757 iterum
1086 1717 1247 1768 sequitur
1267 1746 1278 1763 ‚

227 1771 318 1819 'quid
336 1769 446 1808 nrbes.
472 1783 595 1821 neque
624 1771 795 1818 repetitio
827 1772 889 1808 hic
915 1770 1056 1819 placet,
1084 1773 1170 1818 quia
1191 1780 1280 1808 tunc

231 1823 271 1858 ὃς
289 1834 383 1857 arva
400 1823 599 1869 repetenda
618 1820 754 1866 essent,
779 1833 865 1860 curn
888 1833 987 1858 nunc
1009 1821 1081 1857 loca
1100 1831 1206 1869 grata
1227 1820 1282 1858 diu

231 1880 311 1915 cat,
333 1883 427 1921 quae
448 1880 524 1910 tam
546 1872 832 1922 templa,quam
853 1872 957 1908 urbes
979 1873 1037 1909 vel
1049 1884 1134 1909 arva
1152 1880 1281 1910 notare

2204 1591 2390 1668 thue

1336 1719 1462 1767 (Nam
1484 1719 1522 1757 &
1546 1718 1746 1768 Hispaniae
1767 1716 1949 1770 quaedam
1963 1746 1974 1764 ‚
1991 1716 2164 1767 &Aegei
2183 1719 2291 1757 maris
2302 1719 2390 1767 alia,'

1336 1771 1427 1808 item
1449 1783 1542 1820 quae
1565 1772 1696 1810 Tenus
1720 1772 1873 1815 dicitur,
1899 1772 1938 1809 &
1957 1781 1999 1807 ea
2016 1780 2111 1818 quae
2126 1768 2272 1818 proprie
2285 1771 2391 1808 Rho-
2470 1781 2473 1795 ¹

1337 1822 1403 1859 dos
1419 1850 1429 1866 ‚
1455 1823 1654 1871 aliquando
1683 1823 1871 1871 Ophiusae
1903 1821 2060 1859 nomine
2088 1821 2289 1869 appellatae
2310 1819 2394 1859 fue-

1337 1874 1416 1919 τε.)
1446 1873 1575 1910 demus
1597 1875 1670 1910 hoe
1688 1877 1846 1922 poetae,
1882 1882 1922 1911 ut
1943 1873 1970 1910 is
1995 1871 2054 1908 vel
2072 1872 2111 1909 in
2141 1872 2389 1910 mnemonico

232 1920 394 1970 poffunt.
436 1934 548 1972 quare
575 1935 661 1961 cum
679 1935 757 1961 uno
793 1922 966 1960 Leidenfi
996 1922 1182 1971 legerem,
1211 1922 1283 1971 ipsa
1340 1932 1460 1961 errato
1479 1923 1594 1972 lapsus
1614 1925 1746 1968 fuerit,
1786 1925 1846 1961 vel
1877 1924 1970 1967 alia,
1997 1922 2179 1971 nobisque
2200 1923 2390 1971 incognita

221 1973 438 2021 fhassedes,
467 1975 539 2011 &c.
566 1985 653 2011 narn
676 1975 726 2011 ita
749 1974 876 2023 paffim
900 1973 994 2021 sedes
1016 1975 1186 2012 Deorum
1203 1974 1285 2012 sunt
1340 1975 1484 2012 ratione
1513 1975 1679 2024 Cyprum
1701 2003 1711 2019 ,
1741 1975 1949 2023 Ophiusam
1988 1975 2142 2010 vocarit.
2200 1974 2301 2010 Nam
2341 1973 2389 2012 de

226 2021 335 2067 loca,
364 2024 426 2061 ubi
446 2024 629 2062 coluntur.
659 2024 744 2062 Stat.
769 2038 804 2062 v.
827 2023 908 2072 558.
941 2023 1065 2061 Nullos
1086 2025 1202 2062 Veneri
1215 2026 1278 2073 sa-

226 2075 409 2111 eravimus
431 2088 532 2119 aras,
562 2074 676 2112 Nulla
706 2081 802 2112 Deae
822 2075 929 2124 fides.
969 2075 1088 2112 Cicer.
1108 2088 1143 2113 v.
1170 2076 1279 2113 Verr.

226 2135 305 2173 cap,
337 2125 401 2162 ult.
430 2125 597 2162 Alterum
622 2154 632 2169 ‚
671 2126 841 2174 (Cereris
869 2125 1128 2174 fimulacrum)
1158 2131 1280 2162 Ennae

225 2188 269 2210 ex
283 2173 352 2223 sua
363 2175 443 2224 sede
461 2189 502 2212 ac
519 2176 618 2212 domo
629 2176 822 2225 sustulerit.
849 2189 1078 2226 quamquam
1092 2177 1129 2214 in
1149 2177 1205 2214 his
1223 2177 1281 2214 lo-

226 2225 277 2263 cis
301 2227 339 2262 &
359 2227 405 2264 de
418 2227 489 2264 bafi
504 2255 512 2271 ‚
527 2227 564 2265 in
575 2239 648 2276 qua
667 2228 779 2266 statua
798 2237 873 2265 erat
891 2226 1005 2276 pofita
1021 2256 1030 2273 ‚
1051 2225 1168 2276 poffet
1189 2228 1281 2276 capi.

227 2275 289 2314 sed
310 2276 463 2316 Tacitus
481 2290 543 2316 111.
562 2278 654 2316 Hist.
687 2290 746 2322 72.
775 2279 1005 2328 Capitolium
1028 2287 1141 2316 vocat
1161 2278 1280 2327 sedem

224 2327 334 2371 {Jovis
353 2329 474 2378 optimi
494 2329 664 2366 Maximi.
691 2329 791 2367 Vide
812 2342 907 2379 quae
928 2341 996 2367 nos
1018 2330 1056 2367 in
1079 2330 1174 2376 Jove
1194 2329 1279 2367 Ful-

226 2386 392 2431 geratore
411 2392 489 2428 cap.
509 2392 586 2418 xxv.
610 2380 702 2418 olim
734 2382 962 2418 notavimus.
981 2378 1099 2429 poffet
1128 2381 1168 2418 δε
1184 2381 1279 2429 legi,

227 2429 392 2475 apsasuas
418 2431 528 2468 aedes.
555 2430 604 2468 fic
627 2430 707 2468 urbs
728 2431 767 2468 ὅτ
794 2432 890 2468 aedes
925 2432 986 2469 lib.
1008 2445 1054 2469 11.
1085 2431 1175 2468 Fast.
1195 2432 1280 2469 616.

229 2479 412 2517 confusae.
440 2482 536 2518 aedes
552 2483 663 2519 etiam
691 2483 728 2519 ἃ
742 2482 838 2529 sedes
859 2490 1082 2531 permutatas
1096 2509 1107 2526 ,
1135 2491 1276 2530 praeter

229 2538 272 2563 ea
292 2539 386 2576 quae
404 2532 513 2569 tradit
533 2532 791 2571 eruditiffimus
811 2533 1058 2571 Broukhufius
1079 2532 1126 2570 ad
1148 2532 1275 2570 Tibul.

229 2578 376 2634 [llil-eg.
398 2593 451 2617 xx.
481 2581 538 2619 18.
564 2582 720 2620 ostendit
736 2612 745 2626 ‚
772 2584 846 2621 huc
861 2585 974 2632 magis
996 2584 1133 2621 faciens
1164 2583 1277 2621 Clau-

229 2626 328 2684 diani
349 2630 450 2673 locus
472 2632 560 2669 1.de
578 2633 686 2680 Rapt.
713 2646 797 2672 201.
825 2635 887 2672 ubi
906 2635 951 2672 de
973 2635 1036 2672 Ida
1052 2644 1206 2673 monte:

279 2685 346 2715 Hic
360 2679 452 2723 sedes
471 2682 612 2728 augusta
631 2688 748 2729 Deae,
775 2685 958 2736 templique
979 2685 1109 2723 colendi

281 2728 459 2778 Relligiosa
474 2731 574 2778 filex.

225 2778 306 2817 Ubi
327 2780 501 2818 Heinfius
523 2778 667 2830 reponit
691 2793 776 2821 cum
800 2783 900 2822 Aldo
919 2786 958 2822 &
978 2787 1185 2832 aliis,aedes
1207 2800 1275 2825 au-

222 2829 332 2879 gusta.
361 2830 493 2868 Bum.

279 2893 364 2926 229.
394 2880 560 2931 Ophiuſsa
582 2879 705 2931 arva]
722 2883 869 2931 Cypria.
896 2884 1021 2922 alludit
1040 2894 1165 2924 autern
1179 2892 1274 2935 po‘e'-

223 2939 263 2970 ta
284 2931 331 2969 ad
352 2932 507 2980 priscum
537 2933 630 2970 illius
656 2933 790 2972 insulae
809 2945 971 2971 nomen:
1001 2936 1147 2981 Cerastis
1167 2949 1274 2974 narn-

226 2993 302 3031 que
325 2983 437 3020 etiam
460 2985 726 3031 cognominata
745 2985 814 3020 fuit
832 2983 852 3020 a
873 2996 1008 3032 genere
1018 2986 1183 3033 quodam
1206 2987 1277 3023 ser-

223 3034 371 3081 pentis,
399 3034 459 3071 vel
478 3033 582 3083 quod
610 3034 726 3071 multa
759 3045 896 3071 cornua
920 3062 931 3079 ‚
959 3035 1033 3072 hoc
1062 3036 1135 3077 est,
1164 3047 1276 3073 mon-

224 3084 321 3121 tium
350 3086 506 3121 vertices
537 3084 667 3122 habeat
695 3112 705 3128 ‚
751 3083 913 3134 Ophiufia
945 3084 1036 3122 vero
1070 3085 1273 3133 serpentina

224 3132 414 3181 poffumus
433 3136 673 3183 interpretari.
711 3136 882 3173 Remus.
937 3136 1060 3184 Hujus
1079 3137 1242 3174 nominis
1256 3164 1267 3180 ‚

223 3194 347 3232 neque
368 3185 463 3234 apud
484 3186 646 3224 Graecos
665 3187 869 3235 Stephanus
891 3196 953 3224 aut
974 3185 1101 3223 Strabo
1116 3214 1125 3229 ,
1145 3198 1269 3235 neque

224 3234 321 3279 apud
344 3237 498 3274 Latinos
533 3237 669 3274 Plinius
698 3245 760 3275 aut
790 3237 894 3274 Mela
924 3235 1143 3274 meminere.
1198 3238 1269 3276 Sed

223 3290 306 3321 turn
327 3287 413 3336 quia
432 3287 533 3326 idern
561 3298 704 3327 nomen
727 3288 925 3327 multarum
958 3288 1154 3328 insularum
1176 3289 1267 3337 fuit,

1332 2026 1541 2074 serpentum
1579 2037 1715 2074 genere
1737 2054 1747 2069 ,
1782 2036 1877 2074 quos
1912 2024 2073 2061 Cerastas
2104 2024 2263 2069 dicunt,
2283 2027 2387 2074 ‘quae

1335 2076 1399 2114 hic
1427 2075 1448 2113 a
1481 2077 1601 2124 Regio
1635 2075 1837 2114 afferuntur
1858 2104 1868 2119 ‚
1906 2076 2090 2112 rationem
2125 2087 2204 2112 non
2242 2076 2392 2114 habent.

1337 2129 1564 2165 chrttus.
1618 2127 1705 2165 Vid.
1728 2126 1880 2164 Meursii
1903 2127 2084 2175 Cyprum.
2113 2126 2197 2162 Lib.
2221 2139 2247 2163 x.
2275 2138 2307 2164 c.
2330 2138 2365 2176 3.

1389 2186 1404 2204 ³
1435 2179 1540 2214 Filiae
1561 2177 1865 2225 Amathunteae.]
1920 2177 2002 2214 MS.
2023 2177 2062 2214 &
2084 2176 2222 2214 Vener.
2247 2182 2392 2215 Amata-i

1338 2228 1497 2266 thuntae.
1526 2229 1649 2267 Ceteri
1669 2229 1783 2273 editi,
1797 2227 2118 2270 Amathunte‚vel
2131 2228 2388 2266 Amathuntes.

1340 2281 1582 2317 Amathamis
1603 2279 1690 2318 effet
1710 2279 1951 2318 scribendum.
1981 2278 2040 2316 sed
2064 2279 2278 2317 Poe'tanon
2300 2279 2388 2317 dicit

1336 2331 1574 2370 Amathuntis
1609 2331 1711 2369 fuiffe
1740 2331 1842 2368 filias.
1876 2331 2029 2379 legerim
2052 2358 2062 2374 ‚
2097 2330 2254 2376 feminae
2269 2336 2388 2367 Ama-

1336 2381 1538 2420 thuntheae.
1553 2384 1775 2420 Muncxfiiz.
1801 2381 2079 2419 Amanthuntae
2088 2380 2166 2418 Par.
2184 2380 2387 2419 Amathin·

1337 2442 1393 2469 tae
1419 2434 1541 2481 Lugd.
1567 2433 1819 2470 Amathuntae
1839 2434 1983 2482 Micyll.
2003 2434 2040 2470 δί
2062 2432 2199 2469 COlon.

1388 2483 1406 2509 b
1434 2484 1566 2520 Pudore
1597 2485 1842 2521 induruerant.
1866 2483 1882 2533 ]
1938 2484 1993 2520 Ita
2027 2483 2162 2519 Venet.
2181 2484 2218 2520 &
2239 2483 2388 2533 Micyll.'

1335 2535 1498 2573 Raener.
1526 2535 1610 2584 quia
1633 2549 1713 2572 vero
1733 2536 1781 2572 ad
1796 2535 1985 2584 pudorem,
2014 2535 2085 2570 &c.
2113 2533 2195 2572 MS.
2222 2535 2307 2582 quia
2319 2544 2384 2584 pu-

1334 2585 1450 2621 dorem
1480 2586 1686 2623 duruerant.
1732 2587 1828 2624 forte
1851 2614 1861 2629 ‚
1897 2585 1980 2635 quia
2003 2584 2169 2633 pudorem
2197 2595 2381 2625 exuerant.

1334 2637 1560 2675 Muncxen.
1592 2651 1703 2689 quae,
1731 2637 1815 2687 quia
1835 2636 1861 2673 ιὶ
1873 2637 2002 2686 pudore
2013 2635 2235 2672 diverterant
2246 2636 2381 2675 Colon-

1335 2686 1394 2723 sed
1429 2689 1610 2726 editiones
1648 2689 1725 2726 fere
1754 2700 1887 2725 omnes
1913 2687 2138 2734 distinguunt
2167 2685 2247 2734 post
2273 2687 2380 2734 iram,

1335 2737 1374 2774 &
1396 2738 1454 2774 illa
1474 2751 1558 2775 cum
1580 2738 1882 2785 praecedentibus
1902 2736 2143 2775 connecstunt.

1384 2794 1400 2812 ⁰
1431 2794 1471 2823 ln
1490 2787 1680 2836 lapidem.]
1710 2795 1753 2824 In
1775 2788 1913 2835 lapides.
1953 2787 2092 2824 Colon.

1330 2837 1469 2925 Ad238.
1497 2837 1726 2886 obscaenae.]
1764 2837 1900 2886 Impias
1933 2838 2091 2886 explicat
2119 2837 2241 2878 Barth.
2262 2850 2375 2879 viu.

1396 2900 1429 2924 v.
1457 2901 1466 2925 1
1503 2916 1512 2925 .

1384 2900 1746 2989 238.7Pr0poetides.]
1777 2939 1988 2988 Propretides
2020 2939 2194 2979 Urbinus.
2219 2941 2374 2989 Propae'i-

1331 2987 1393 3023 das
1414 2988 1554 3026 Medic.

1381 3049 1466 3092 239.
1496 3046 1561 3074 Pro
1574 3038 1674 3089 qua]
1696 3040 2170 3092 Prim.Vatic.&quinque
2194 3039 2276 3081 alii,
2295 3053 2374 3090 quo.

1328 3096 1368 3125 ut
1387 3089 1425 3125 δε
1448 3101 1468 3125 a
1493 3101 1605 3127 manu
1625 3090 1781 3128 secunda
1814 3091 1976 3130 Florent.
2010 3096 2044 3131 S.
2061 3090 2188 3129 Marci.
2223 3089 2324 3128 idern
2346 3090 2368 3129 a

1326 3149 1440 3176 manu
1462 3140 1603 3188 prima,
1628 3149 1687 3189 pro
1710 3142 1799 3192 quis.
1830 3143 1975 3181 Herus.

1376 3201 1461 3233 240.
1490 3195 1637 3239 Corpora
1657 3205 1734 3229 cum
1748 3194 1909 3244 forma]
1951 3192 2082 3231 Nescio
2103 3203 2148 3229 an
2176 3191 2250 3229 hoc
2271 3191 2370 3231 redie

1326 3239 1466 3278 dicatur
1487 3268 1498 3284 ‚
1536 3242 1632 3279 forte
1659 3244 1788 3282 melius
1818 3273 1829 3290 ,
1865 3253 1998 3294 corpora
2035 3255 2112 3279 cum
2145 3243 2264 3289 fama.
2289 3243 2370 3282 sunt

1326 3292 1426 3329 enim
1450 3303 1544 3342 quae
1566 3293 1659 3332 clam
1682 3297 1848 3344 coeunt,
1876 3297 1915 3335 &
1932 3294 2021 3334 dum
2045 3305 2176 3343 corpus
2191 3294 2368 3383 jussgunn

2249 3355 2366 3382 amam
