2483 3616
312 184 490 240 540.
787 160 1343 223 P.0V1D11

466 264 562 336 815
600 265 785 340 thue
813 266 969 329 facis,
1007 267 1242 320 relevare
1265 264 1422 328 veliS‚
1459 264 1650 338 quibus
1676 267 1910 331 urimur,
1947 263 2129 322 aestUS.

1416 160 1944 221 NASONIS

610 339 849 396 Forsitan
872 337 1172 392 addiderim
1214 340 1236 408 (
1248 334 1318 390 sic
1349 354 1434 391 me
1458 353 1578 392 mea
1603 338 1708 393 fata
1732 339 2047 408 trahebant)

607 413 896 469 Blanditias
920 412 1119 484 plures:
1161 409 1246 475 δε,
1285 408 1381 464 Tu
1407 410 1539 464 mihi
1562 427 1751 482 magna
1774 413 2045 485 voluptaS‚

610 486 810 540 Dicere
841 483 933 539 fim
957 483 1161 539 solitus:
1206 494 1264 536 tu
1288 498 1376 537 me
1399 483 1682 556 reficisque
1707 484 1992 559 fovesque:

607 558 701 613 Tu
726 557 882 622 facis,
907 570 965 612 ut
991 557 1135 612 silvas
1152 595 1167 620 ,
1194 567 1253 609 ut
1281 572 1457 610 amem
1482 555 1600 609 loca
1626 555 1757 610 sola:
1798 575 2032 632 meoque

470 632 572 686 820
610 631 833 703 Spiritus
856 630 950 685 iste
975 642 1096 685 tuus
1121 630 1326 700 semper
1352 639 1594 700 captatur
1620 626 1684 681 ab
1713 645 1822 683 ore.

609 704 851 760 Vocibus
877 703 1132 774 ambiguis
1158 702 1444 774 deceptam
1465 700 1710 774 praebuit
1737 719 1921 757 aurem

605 777 801 832 Nescio
824 777 965 847 quis:
1007 792 1317 848 nomenque
1342 792 1498 829 aurae
1524 789 1634 828 tarn
1660 773 1812 846 saepe
1837 787 2089 833 vocatum

604 848 724 903 Effe
750 861 936 919 putans
960 849 1271 920 Nymphae,
1308 848 1615 920 Nympham
1640 847 1771 902 mihi
1794 850 1969 905 credit
1996 851 2173 906 amari.

602 921 855 975 Criminis
883 923 1158 993 extemplo
1183 920 1294 976 fieti
1318 922 1630 976 temerarius
1666 920 1851 976 auctor

460 994 558 1066 825
596 994 823 1049 Procrin
850 994 984 1048 adit:
1026 990 1314 1068 linguaque
1337 993 1502 1049 refert
1532 994 1711 1049 audita
1743 994 1960 1052 susurra.

598 1067 832 1121 Credula
858 1084 939 1121 res
963 1084 1112 1121 amor
1138 1067 1227 1122 est.
1253 1067 1429 1122 subito
1451 1069 1679 1140 collapsa
1704 1067 1927 1134 dolore,

593 1139 673 1193 Ut
698 1139 787 1194 fibi
813 1153 1051 1195 narratur
1071 1178 1086 1202 ‚
1125 1140 1353 1195 cecidit:
1394 1141 1670 1214 longoque
1696 1141 1893 1196 refecia

597 1212 908 1285 Tempore3
946 1213 998 1269 se
1023 1214 1298 1279 miseram,
1336 1213 1388 1269 se
1414 1212 1510 1269 fati
1534 1214 1647 1270 dixi
1670 1214 1868 1288 iniqui:

308 1438 342 1462 re
362 1423 522 1464 absolute
535 1426 648 1464 etiam
663 1425 755 1465 dixit
778 1425 864 1465 Stat.
884 1439 921 1464 x,
943 1424 1068 1464 Theb.
1084 1435 1165 1464 102.
1179 1424 1218 1464 δε
1233 1422 1354 1462 halare

308 1476 437 1514 Claud.
459 1490 504 1514 11.
518 1478 626 1526 Rapt.
648 1477 734 1524 287.

360 1527 444 1565 812.
473 1527 638 1578 Labori.]
678 1528 817 1565 Laboris
844 1529 991 1567 Lovan.
1024 1527 1063 1565 δε
1087 1527 1258 1566 nonnulli
1280 1527 1351 1566 alii.

305 1576 463 1615 laborum
483 1579 658 1626 junianus
680 1580 717 1617 &
738 1580 889 1617 Thuan.

355 1628 438 1676 815.
467 1629 722 1680 thuefacis.]
776 1637 886 1680 thue
906 1629 992 1680 soles
1013 1629 1183 1668 Vatican.
1214 1628 1350 1668 deinde

307 1677 397 1726 ignes
419 1679 562 1719 Bonon.

356 1729 437 1775 817.
467 1737 517 1768 ‘Iu
541 1732 630 1769 mihi
651 1745 779 1781 magna
802 1730 999 1781 voluptas.]
1030 1731 1073 1769 In
1096 1731 1231 1771 eodem
1247 1744 1347 1771 meo.

305 1779 444 1816 Blanda
466 1782 637 1829 voluptas.
665 1784 835 1821 CIOFAN.
887 1782 1027 1820 Blanda
1046 1783 1193 1823 Bonon.
1207 1785 1245 1822 &
1266 1784 1348 1822 LO-

302 1840 386 1867 van.
408 1842 512 1879 grata
533 1834 697 1872 Voffian.

354 1879 438 1920 818.
466 1884 585 1920 Dicere
597 1886 680 1933 sum
700 1883 860 1934 mitum]
902 1883 945 1922 ln
966 1885 1099 1923 eodem
1117 1914 1127 1930 ‚
1156 1886 1277 1923 Dicere
1295 1884 1346 1935 fic

293 1929 431 1979 fiilitus.
461 1933 572 1972 Cxor.
627 1935 698 1971 Sim
729 1947 814 1973 cum
841 1935 961 1984 primo
983 1937 1055 1974 Pal.
1075 1937 1236 1975 secundo
1257 1939 1343 1975 Me-

297 1981 367 2019 dic.
387 1983 503 2032 Neap.
525 1985 741 2035 Bernegger.
760 1988 797 2024 δε
819 1986 929 2024 tribus
940 1988 1027 2026 aliis.
1040 1988 1295 2037 praecedentia
1306 1988 1343 2027 id

300 2034 504 2079 requirunt.
533 2036 672 2074 Hfims.
1304 2042 1308 2048 '

347 2083 430 2121 818.
458 2084 854 2138 Reficisquefhvesque]
893 2089 1000 2127 Unus
1018 2088 1248 2137 BastIeensts,
1276 2096 1341 2129 Re-

283 2135 646 2186 fhvefquefovesqum
662 2147 701 2176 ut
717 2139 777 2177 lib.
790 2152 876 2178 vx11.
900 2141 982 2189 536.

463 2206 591 2249 Corpus
609 2204 832 2253 refoventque
843 2205 1048 2255 fhventque.

290 2261 402 2300 Unde
420 2263 515 2301 forte
534 2265 608 2303 huc
629 2266 776 2306 transiit.

341 2325 426 2363 820.
454 2332 586 2375 Semper
608 2328 765 2376 capiatur
787 2328 826 2365 ob
843 2329 1333 2381 ore.]captaturlegendum

290 2387 373 2412 cuin
408 2376 568 2416 Florem.
600 2379 634 2416 S.
658 2380 776 2418 Marci
798 2407 807 2423 ,
833 2379 901 2417 sec.
931 2381 1071 2419 Medic.
1091 2384 1129 2420 ὃς
1151 2382 1331 2422 tredecim

289 2426 383 2470 aliis,
413 2427 471 2463 vel
491 2438 643 2475 captetur
671 2441 757 2468 cum
785 2431 944 2480 Neapol.
972 2433 1096 2481 primo
1127 2434 1268 2472 Moreti
1293 2436 1332 2474 &

289 2474 429 2513 barber.
449 2477 496 2514 fic
516 2479 616 2527 supra
638 2492 721 2528 557.

390 2565 488 2576 -.
541 2554 712 2592 auraeque
735 2544 843 2593 gravi
862 2552 1049 2594 captantur
1066 2545 1180 2585 hiatu.

290 2599 372 2636 Lib.
395 2612 446 2637 xv.
464 2613 524 2647 72.

341 2668 446 2710 inque
474 2665 585 2703 vicem
598 2668 720 2713 suerat
743 2678 900 2718 captatus
922 2671 1099 2710 anhelitus
1123 2673 1200 2711 oris.
1238 2712 1243 2716 ,

286 2721 497 2759 Hermus.

337 2786 421 2823 821.
450 2787 673 2837 Deceptam]
714 2788 802 2828 Sixii
833 2792 971 2837 codex,
1000 2794 1181 2833 incertam.
1209 2803 1250 2835 ut
1269 2797 1328 2834 in-

284 2842 387 2875 certos
405 2839 512 2874 oculos
552 2839 682 2876 Horat.
709 2851 753 2875 xx.
776 2842 843 2888 Ep.
871 2855 900 2879 1.
928 2844 1005 2880 188.
1028 2846 1088 2882 ubi
1112 2846 1232 2885 Schol.
1261 2861 1326 2886 ex-

281 2889 392 2936 plicat
407 2917 416 2933 ‚
444 2889 506 2938 qui
528 2889 598 2926 falli
623 2887 778 2938 poffixnt.
807 2892 940 2941 Neque
960 2894 1006 2930 ibi
1028 2895 1226 2943 quidquam
1241 2910 1326 2936 mu-

280 2939 434 2977 tandum
457 2938 587 2977 censeo
602 2968 613 2984 ‚
638 2948 678 2977 ut
697 2940 746 2977 ita
764 2940 910 2978 incertas
922 2956 1048 2980 manus
1063 2946 1193 2983 Noster
1212 2948 1249 2983 δὲ
1263 2948 1325 2985 alii

280 2989 462 3028 dixerunt.
493 2989 622 3028 BURM.

331 3041 414 3089 823.
444 3043 512 3091 Effe
525 3052 629 3089 putat
649 3041 867 3092 Nymphae]
899 3049 1032 3080 putans
1051 3056 1094 3081 ex
1117 3045 1325 3095 Cantabrig.

279 3090 369 3138 Spir.
392 3091 459 3130 sec.
477 3101 595 3141 quart.
627 3093 831 3137 Mediceis,
872 3094 1027 3141 Neapol.
1056 3095 1165 3141 prior.
1190 3097 1324 3135 Erfurt.

277 3142 315 3177 ὃς
334 3142 390 3179 sex
406 3143 492 3180 aliis.
521 3145 657 3181 Hiems.
687 3148 892 3194 Nympham
911 3158 964 3182 me
985 3146 1091 3182 credit
1112 3159 1231 3183 amare
1244 3148 1323 3185 Lo-

276 3202 359 3229 van.
383 3195 420 3230 ὃς
446 3206 584 3231 novem
606 3195 677 3232 alii.

327 3242 408 3289 824.
436 3245 605 3282 Criminis
634 3246 800 3295 extemplo
815 3246 930 3296 filli]
963 3246 1004 3284 In
1023 3246 1159 3286 eodem
1176 3275 1187 3295 ,
1213 3248 1318 3290 Facti.

273 3289 399 3332 Recte.
430 3295 640 3337 exoremus.
670 3299 708 3337 ὅ(
733 3299 782 3350 iga
805 3299 951 3348 plurimi
972 3298 1107 3347 scripti.

2260 1300 2443 1377 Deque
2468 1330 2471 1347 =

1464 1418 1546 1473 824.
1577 1426 1728 1478 Index.]
1756 1428 1865 1466 Unus
1888 1427 2174 1478 Gronovianus,
2198 1432 2446 1484 auctor,cujus
2466 1423 2471 1484 ,³

1406 1473 1753 1567 lailgertqmfflggoflam
1788 1478 1858 1517 effe
1887 1478 1991 1528 p'ut0.
2045 1484 2182 1520 Auctor
2212 1494 2280 1533 pro
2312 1485 2470 1526 nuntio.³

1561 1599 1642 1631 Non
1660 1594 1743 1632 haec
1768 1593 1833 1632 tihi
1853 1595 2000 1633 nuntiat
2020 1597 2140 1635 auc‘c'or

1456 1643 1666 1694 Ambiguus.

1406 1706 1490 1744 Lib.
1507 1720 1580 1746 xx1.
1600 1709 1656 1756 58.
1685 1709 1818 1747 auditis
1847 1709 1986 1760 aliquid
2017 1723 2129 1749 novus
2161 1712 2283 1762 adjicit
2304 1697 2449 1762 aublorss

1404 1756 1444 1794 &
1460 1759 1618 1797 vers.61.
1647 1760 1815 1809 dubioque
1837 1763 1974 1799 auctore
1988 1762 2135 1812 susurri.
2157 1765 2221 1813 qui
2241 1763 2344 1802 locus
2364 1765 2444 1805 huic
2463 1765 2467 1803 ι’

1403 1810 1588 1856 geminus.
1622 1811 1710 1849 Stat.
1730 1824 1782 1849 xx.
1811 1812 1937 1851 Theb.
1962 1824 2020 1863 39.
2419 1829 2423 1833 ’

1454 1886 1518 1922 Sed
1528 1887 1708 1938 postquam
1728 1888 1939 1927 hauddubie
1962 1890 2074 1928 clades
2095 1892 2232 1929 auclore
2253 1900 2383 1943 reperta
2393 1892 2441 1950 est.
2460 1901 2466 1934 i

1397 1960 1483 2009 Just.
1503 1978 1558 2003 xx.
1578 1978 1611 2004 2.
1642 1967 1809 2005 Produc’t'o
1827 1967 1865 2004 in
1886 1968 2077 2005 concionem
2097 1970 2236 2007 auclore
2249 1998 2260 2015 ‚
2288 1971 2350 2021 qui
2364 1972 2440 2011 ineo
2461 1990 2464 2014 ι

1392 2015 1540 2063 proelio,
1567 2017 1606 2054 in
1633 2031 1699 2068 quo
1717 2033 1778 2056 rex
1801 2019 1956 2056 ceciderit
1971 2047 1981 2064 ,
2002 2020 2040 2068 se
2060 2033 2190 2070 quoque
2215 2021 2438 2062 vulneratum
2460 2030 2464 2060 ί

1397 2065 1533 2106 diceret.
1561 2069 1610 2106 ita
1630 2070 1734 2118 saepe
1752 2070 1906 2107 Livium
1930 2071 1969 2107 δε
1989 2071 2120 2118 pariter
2140 2072 2368 2121 Propertium
2389 2073 2438 2114 di·
2459 2081 2463 2119 l

1395 2116 1482 2155 xiffe
1505 2121 1675 2157 auctorem
1695 2120 1781 2158 lucis
1801 2121 1949 2159 Gallum
1972 2121 2245 2168 Gallinaceum,
2265 2125 2329 2173 qui
2347 2136 2436 2164 nun·
2459 2122 2463 2172 l

1395 2168 1462 2206 tiat
1484 2169 1606 2209 lucem
1623 2199 1634 2216 ,
1661 2173 1805 2210 notavit
1828 2170 2037 2210 Passer-atius
2066 2172 2111 2211 ad
2132 2173 2192 2211 lib.
2214 2185 2267 2212 xv.
2297 2174 2387 2227 eleg.
2405 2187 2435 2227 3.
2459 2173 2462 2195 ¹

1395 2229 1430 2266 p.
1458 2232 1542 2268 590.
1568 2222 1700 2260 Euam.
2457 2218 2462 2297 ἑ

1445 2270 1527 2319 825.
1563 2276 1720 2321 susurra.
1747 2273 1762 2321 Ἰ
1803 2273 1844 2311 In
1866 2273 2058 2312 Thesauro
2090 2274 2194 2312 Fabri
2226 2275 2461 2323 add1,icitur,'›

1390 2322 1491 2370 quasi
1511 2321 1597 2362 esset
1625 2326 1880 2362 nominativus
1899 2325 2041 2372 pluralis
2061 2324 2081 2361 -ζι
2093 2325 2432 2373 fiesurrum,&cum
2454 2354 2459 2375 1

1389 2373 1514 2410 audita
1537 2376 1795 2425 jungendum:
1831 2377 1869 2414 δε
1898 2376 1948 2414 ita
1986 2377 2104 2425 reperi
2130 2376 2168 2414 in
2190 2377 2432 2427 Neapolitano
2455 2381 2459 2422 Ξ

1391 2423 1534 2462 Codice
1552 2426 1613 2464 lib.
1635 2439 1705 2465 xxx.
1728 2429 1785 2465 61.
2454 2437 2458 2455 ⁴

1565 2489 1748 2540 Dubioque
1767 2492 1902 2528 auc‘c'ore
1913 2490 2072 2540 susurra.

1391 2560 1462 2599 Sed
1483 2561 1615 2600 restius
1639 2564 1821 2611 corrigens
1842 2564 1876 2601 se
1898 2562 2028 2600 auc'tor
2048 2561 2228 2601 Thesauri
2246 2561 2316 2602 effe
2339 2562 2426 2602 abla-
2452 2582 2456 2615 ῃ

1380 2612 1511 2650 ‘tivum
1559 2613 1659 2652 addit
1672 2628 1682 2656 ;
1707 2614 1830 2661 linguei
1858 2615 2015 2663 susurra.
2062 2613 2265 2662 linguaeque
2294 2616 2428 2666 susurra

1388 2661 1496 2707 Bafil.
1529 2664 1567 2701 &
1588 2676 1680 2701 unus
1712 2664 1867 2702 Heinfii.
1907 2665 2147 2702 Gronovium
2173 2664 2319 2715 iegiffe,
2345 2663 2425 2703 leni-

1386 2726 1452 2762 que
1494 2720 1598 2760 refert
1632 2714 1759 2751 audita
1785 2713 1927 2764 susurro
1950 2743 1960 2760 ,
2015 2715 2187 2753 Francius
2228 2723 2422 2755 notaverat·

1385 2763 1599 2802 BuRMANN.
2450 2798 2452 2811 2

1433 2815 1517 2852 826.
1543 2814 1696 2853 Credula
1715 2829 1766 2852 res
1785 2829 1882 2854 amor
1898 2816 1950 2864 est.
1966 2816 1982 2867 ]
2014 2817 2072 2855 Sic
2089 2817 2184 2867 apud
2205 2819 2320 2867 ipsum
2339 2817 2420 2866 Hy-¹
2450 2814 2452 2820 ’

1381 2865 1547 2915 pfiphyle
1569 2867 1702 2916 Ep.vx.
1723 2880 1782 2906 21.

1434 2930 1585 2967 Credula
1603 2945 1653 2967 res
1673 2944 1770 2967 amor
1790 2930 1854 2978 est.-
1884 2931 2025 2968 utinam
2047 2930 2232 2968 temeraria
2253 2929 2362 2974 dicar,

1507 2980 1725 3018 Criminibus
1744 2981 1846 3031 falsis
1867 2982 2073 3032 insimulaſje
2095 2982 2226 3020 virum.

1383 3041 1415 3079 C
1418 3053 1600 3081 munus.

1433 3105 1518 3150 827.
1548 3112 1591 3142 Ut
1612 3106 1701 3142 mihi
1721 3118 1892 3144 narratur
1914 3108 1929 3157 Ἰ
1970 3109 2012 3147 In
2036 3120 2113 3147 uno
2135 3119 2223 3144 meo
2239 3135 2248 3150 ‚
2276 3111 2319 3143 Ut
2339 3103 2416 3155 fibi.

1381 3155 1499 3194 IDEM.
1526 3154 1647 3205 Utsibi
1665 3169 1749 3195 cum
1772 3160 1995 3198 melioribus.
2025 3162 2165 3198 Hems.
2216 3158 2274 3194 Sic
2295 3157 2357 3203 Ep.
2379 3167 2415 3192 v.

1379 3217 1436 3307 ss.
1459 3206 1656 3258 gelidusque
1680 3211 1855 3258 cucurrit,
1886 3222 1925 3251 ut
1945 3209 2036 3250 mihi
2055 3207 2228 3257 narrasti,
2253 3207 2342 3243 dura
2361 3214 2419 3255 per
2444 3219 2446 3247 ι

1375 3271 1391 3293 o
1418 3272 1439 3295 a
1466 3269 1605 3298 tremor.

2237 3349 2317 3399 833.
2343 3351 2413 3395 Spe·v
2444 3318 2445 3321 Ἴ
