2483 3616
332 178 1590 243 METAMORPHOSEON
1665 178 1978 239 L1ss.lX.

2137 189 2241 252 659

375 301 476 364 Et,
514 317 609 354 cur
633 315 744 352 non
772 296 882 351 aliis
909 296 1100 352 eadem
1128 297 1256 353 dare
1281 298 1423 353 dona
1450 298 1667 360 liceret,

231 393 336 443 420
375 373 629 428 Murmur
652 383 778 424 erat.
810 370 1065 443 queritur
1088 385 1300 426 veteres
1327 371 1601 425 Pallantias
1625 386 1790 424 annos

375 443 635 515 Conjugis
661 442 763 497 effe
787 442 889 497 sui:
927 444 1170 516 queritur
1196 444 1473 498 canescere
1499 444 1642 498 mitis

363 516 562 570 Iasiona
587 515 780 570 Ceres:
823 517 1112 588 repetitum
1137 516 1408 570 Mulciber
1432 534 1622 570 aevum

366 589 547 644 Poscit
574 588 947 644 Erichthonio,
1023 590 1299 645 Venerem
1322 606 1542 661 quoque
1565 607 1692 643 cura
1715 587 1886 644 futuri

366 662 604 732 Tangi-t,
642 663 697 716 δε
726 662 991 716 Anchisae
1019 680 1278 717 renovare
1303 662 1582 734 paciscitur
1610 678 1791 716 annos.

218 753 320 806 425
359 735 468 790 Cui
493 734 728 799 studeat,
767 735 914 790 Deus
938 736 1110 795 omnis
1136 735 1318 789 habet:
1360 734 1657 807 crescitque
1680 734 1865 789 favore

364 808 613 864 Turbida
636 808 861 871 sediti03
891 808 1069 863 donec
1104 808 1190 861 sua
1208 807 1454 880 juppiter
1479 825 1574 862 ora

2102 881 2219 937 Sol<-

67 1021 227 1064 Fuerunt
251 1022 351 1060 enim
373 1022 497 1061 fratres
517 1023 741 1073 Hyperion‚
771 1022 912 1068 Creus,
950 1023 1050 1060 Ceus
1074 1022 1113 1060 δε
1168 1033 1228 1060 rae
1255 1022 1528 1061 studiofiffimus
1557 1021 1677 1061 fuisset
1702 1050 1712 1067 ,
1750 1022 1789 1059 δε
1810 1020 1890 1071 post
1913 1020 2096 1059 diluvium
2116 1018 2215 1069 apud

65 1075 220 1124 JapetuS.
247 1074 387 1112 Terrae
412 1075 450 1112 &
472 1074 618 1112 Oceani
635 1074 699 1112 filii
720 1102 732 1120 ‚
760 1082 800 1112 ut
817 1086 863 1112 ex
891 1074 1028 1113 eodem
1049 1085 1111 1123 pa-

48 1133 129 1164 tet.
154 1125 333 1163 M1crrr..

1168 1074 1267 1111 hunc
1287 1074 1405 1113 solum
1422 1102 1432 1116 ,
1460 1075 1534 1112 five
1557 1075 1718 1122 primum
1735 1074 1871 1117 ,tritici
1893 1073 2018 1110 semen
2042 1074 2079 1110 in
2103 1073 2222 1109 Creta-

1166 1134 1352 1173 repertum
1377 1124 1474 1162 esset.
1518 1126 1747 1162 alicuius.
1804 1124 1946 1161 Divine
1966 1124 2065 1161 hunc
2084 1122 2212 1160 locum

112 1188 195 1223 421.
221 1177 404 1225 canescere
425 1175 548 1214 mitem
571 1175 693 1224 lejfhna
712 1175 853 1226 Ceres.]
884 1178 987 1212 Mitis
1009 1180 1109 1212 Ceres
1163 1175 1378 1213 emendavit
1398 1176 1563 1224 Raphae'l
1592 1176 1741 1223 Regius.
1799 1173 1880 1211 Iasii
1895 1202 1905 1218 ,
1941 1173 2015 1211 five
2036 1173 2213 1218 Iafionie,

63 1227 102 1265 in
118 1226 294 1276 plerisque
312 1236 497 1265 veterum.
524 1226 635 1265 reete.
661 1226 753 1265 libro
768 1241 801 1266 v.
821 1238 905 1276 497.
926 1227 1107 1265 Arethusa
1163 1228 1338 1264 meminit
1367 1226 1552 1263 Hesiodus
1582 1226 1620 1263 in
1651 1226 1880 1274 Theogonia
1906 1253 1916 1270 ,
1955 1236 2034 1263 non
2050 1223 2163 1276 longe
2189 1223 2212 1262 ἐι

65 1277 108 1316 ad
131 1278 331 1316 Cererem:

109 1334 210 1365 Hanc
227 1328 332 1366 habeo
346 1329 462 1377 sedem
476 1358 486 1374 ,
507 1341 615 1380 quam
637 1338 677 1365 tu
697 1328 874 1376 mitiffima
886 1330 1006 1378 serva.

59 1378 106 1418 Et
123 1379 184 1417 lib.
203 1391 255 1416 vr.
283 1380 364 1418 118.
386 1382 530 1428 frugum
553 1378 731 1427 mitiffima
754 1391 881 1420 mater.
903 1380 950 1418 fic
969 1382 1104 1427 &fru-

54 1443 106 1479 ges
124 1429 224 1468 mites
237 1431 370 1469 Noster
390 1432 512 1479 paffim
540 1440 663 1470 vocat.
691 1432 837 1470 Herus.

103 1493 186 1528 422.
215 1480 347 1530 Jiz'fiona
362 1481 473 1532 flava
486 1482 624 1532 Ceres.]
675 1483 734 1520 Sic
765 1482 919 1532 quidem
944 1481 1020 1520 fere
1039 1483 1103 1521 ha-

55 1530 177 1570 &enus
198 1531 369 1581 corrupte
389 1533 527 1572 leffium
550 1534 599 1571 est
614 1562 624 1578 ‚
652 1533 756 1583 quod
776 1533 954 1583 perquam
967 1535 1103 1572 miran-

38 1582 139 1634 vdum
170 1582 248 1621 est:
291 1582 375 1620 cum
411 1586 532 1632 Jizfina
573 1585 611 1622 &
631 1584 936 1634 quadrisyllabum
967 1584 1030 1629 fit,
1060 1586 1098 1623 &

50 1633 207 1682 primam
230 1635 402 1682 corripiat
421 1635 607 1684 syllabam.
634 1635 739 1684 quod
759 1634 842 1672 sane
862 1635 960 1673 haud
979 1637 1100 1684 impe-

50 1684 105 1722 riti
129 1684 281 1733 quidam
315 1685 650 1723 animadvertentes
680 1688 816 1734 Aesona
835 1694 1008 1734 putarunt
1029 1685 1099 1724 effe

49 1733 279 1783 legendum:
318 1747 397 1785 quo
429 1737 593 1785 quidem.
614 1737 733 1774 modo
763 1737 860 1775 nulla
890 1738 944 1774 vis
966 1738 1098 1776 rationi

52 1786 217 1823 carminis
245 1785 394 1824 affertur
415 1814 426 1831 ,
463 1787 524 1825 sed
546 1787 630 1825 cum
653 1800 769 1825 nemo
797 1787 996 1836 priscorum
1016 1788 1098 1826 scri-

50 1833 108 1874 bas
130 1836 296 1886 Aefhnem
317 1835 338 1874 a
372 1837 508 1876 Cerere
538 1837 642 1877 fuiffe
673 1847 863 1880 amatum,
893 1839 1095 1877 censuerim

48 1885 202 1935 Jc'zstona,
223 1889 289 1937 qui
316 1888 541 1927 accusativus
562 1891 600 1927 in
622 1890 787 1939 quinque
801 1889 948 1938 syllabas
968 1902 1097 1927 excur-

45 1938 91 1975 rit
107 1965 117 1982 ,
145 1939 194 1976 ita
223 1937 293 1976 effe
319 1938 520 1988 legendum
544 1968 554 1984 ‚
592 1949 633 1977 ut
657 1940 745 1977 illud
776 1941 967 1988 epitheton
991 1940 1097 1991 flava

0 2022 1 2026 ,
45 1989 190 2035 penitus
212 1989 388 2028 eradatur.
441 1990 543 2028 Huic
564 1999 690 2028 autem
715 1989 867 2028 leciioni
889 2003 967 2029 non
989 2001 1096 2030 vetu—

0 2044 1 2073 l
45 2037 194 2075 stiffima
222 2038 340 2077 solum
370 2041 590 2090 exemplaria
613 2070 624 2086 ,
660 2041 720 2079 sed
750 2041 920 2079 historiae
940 2054 1093 2092 quoque

44 2087 317 2144 adstipulantur.
343 2089 514 2129 Tradunt
535 2093 637 2129 enim
663 2090 811 2140 Ic'zfium,
839 2094 902 2141 qui
923 2093 960 2130 δε
986 2093 1094 2142 Ic'zfion

49 2138 205 2182 d1c1tur,
232 2139 336 2186 Jovis
365 2151 410 2177 ex
436 2141 577 2180 Eleffla
600 2143 717 2181 filium
741 2170 752 2186 ,
780 2142 874 2181 adeo
908 2142 927 2180 Ξῖ
957 2144 1092 2183 Cerere

47 2187 153 2227 fuisse
173 2199 339 2227 amatum
355 2217 364 2232 ‚
396 2198 433 2227 ut
453 2192 489 2228 in
510 2193 586 2241 ejus
607 2195 758 2243 gratiam
781 2193 824 2232 ad
837 2195 979 2243 nuptias
995 2196 1092 2234 Her-

26 2263 28 2265 ·
48 2241 193 2278 miones
221 2240 328 2288 ipfius
360 2239 442 2278 Iasii
469 2242 599 2281 sororis
619 2246 823 2282 maximam
846 2245 1023 2284 frumenti
1046 2259 1089 2286 ac

48 2291 150 2338 panis
177 2292 323 2339 copiam
351 2291 532 2329 attulerit:
569 2305 613 2331 ac
633 2307 678 2332 ex
699 2307 745 2333 eo
760 2296 910 2334 Plutum
932 2299 1088 2345 peperit,

46 2343 109 2390 qui
130 2341 270 2379 cultum
292 2343 389 2379 vitae
407 2342 612 2388 instituere,
626 2347 872 2394 pecuniasque
894 2359 1090 2387 coacerva-

47 2402 110 2436 re,
135 2403 178 2429 ac
200 2393 239 2430 in
258 2392 339 2430 usus
360 2392 561 2438 custodire,
589 2397 760 2433 omnium
780 2398 918 2444 primus
936 2397 1090 2444 docuit,

49 2453 132 2480 cum
154 2451 261 2481 antea
286 2449 397 2492 parva
429 2444 707 2493 congregandae
734 2446 1004 2496 servandaeque
1026 2461 1090 2496 pe-

51 2494 177 2531 cuniae
204 2492 324 2532 fuisset
345 2505 438 2532 cura.
468 2496 559 2532 haec
589 2497 625 2533 in
657 2496 760 2533 sexto
785 2495 1028 2535 Bibliotheces
1048 2499 1092 2536 li-

51 2541 138 2588 bro,
166 2555 214 2581 ne
240 2546 321 2593 quis
356 2556 418 2582 me
445 2544 586 2583 finxifl'e
604 2554 735 2594 putet,
760 2545 781 2582 a
812 2546 1090 2586 Diodoro-scri-

53 2591 192 2633 buntur.
220 2595 390 2633 Rmms‘.
417 2595 478 2633 De
500 2595 645 2634 latione
663 2597 775 2634 etiam
796 2596 1090 2638 Homerusme-

55 2645 162 2694 minit
181 2644 311 2696 Odyff.
330 2647 381 2684 ΕΓ
399 2657 479 2694 125.
498 2648 552 2685 his
571 2647 750 2685 versibus:

101 2693 172 2748 ,ΩῘς
192 2691 226 2732 δ’
246 2694 350 2734 bez-62³
370 2692 512 2735 1¹²anch
533 2698 986 2746 ἐῦπλόκιιμοςΔημῆτ-κρ,

50 2759 53 2762 ’
100 2749 145 2781 a
167 2747 256 2795 θυμῷ
277 2747 409 2796 εἴξασα
435 2749 528 2795 {seim
551 2748 728 2795 Φιλότητι
748 2752 809 2786 xxi
831 2749 915 2798 εὐνῇ·

98 2799 187 2845 Νειῷ
208 2794 269 2835 ἐνῖ
287 2800 444 2846 τριπόλῳ
457 2828 468 2844 ,
497 2799 574 2836 οὐδὲ
594 2800 655 2842 δὴν
672 2798 727 2842 {ev
747 2800 887 2844 ἄπυςος

100 2849 207 2891 Ζεῦς,
237 2847 270 2891 ἷίς
290 2862 346 2892 μιν
370 2851 583 2896 κατέπεφνε
606 2852 726 2896 fixam
747 2852 881 2897 αὲργῆτι
901 2854 1063 2901 κεραυνῷ.

51 2895 161 2936 Hunc
179 2899 238 2936 alii
262 2899 475 2939 Cretensem
493 2902 658 2948 faciunt,
686 2902 828 2940 Minois
848 2904 886 2941 &
907 2904 1091 2943 Phroniae

52 2949 233 3005 nymphae
263 2948 380 2988 filium
404 2979 414 2995 ‚
451 2963 537 2990 cum
565 2965 642 3001 quo
675 2953 713 2990 in
742 2962 844 3002 prato
878 2954 974 2992 forte
1002 2955 1088 2994 dor·

53 3007 187 3037 nitente
201 3028 211 3045 ,
238 3007 279 3037 ut
299 3001 336 3037 in
359 3001 647 3041 Commentariis
669 3004 890 3049 Theocriti,
919 3007 1087 3055 congres-

51 3046 86 3085 sa
105 3049 235 3094 Ceres,
263 3052 403 3100 peperit
422 3052 580 3091 Plutum.
618 3054 832 3093 Hellanicus
854 3064 979 3094 autem
1001 3057 1087 3095 Ele-

52 3097 144 3136 &rae
164 3101 200 3138 ὃς
218 3101 320 3148 Jovis
346 3101 464 3140 filium
486 3103 592 3148 facit,
620 3106 768 3142 fratrem
789 3106 976 3152 Dardani,
997 3120 1085 3147 eum

49 3147 237 3196 videlicet,
264 3164 377 3201 quem
400 3153 572 3201 Virgilius
595 3155 633 3191 δε
653 3155 844 3194 Diodorus
866 3156 994 3206 Jc'zfium
1018 3171 1088 3197 vo-

51 3207 159 3243 cant,
184 3201 243 3239 alii
262 3203 334 3240 alio
354 3204 512 3242 nomine
543 3204 654 3241 etiam
685 3205 858 3242 Eetionem
873 3234 883 3249 ,
906 3218 946 3245 ut
968 3210 1086 3247 Com-

52 3257 233 3305 mentator
252 3252 442 3300 Apollonii
465 3253 615 3292 indicat.
640 3254 740 3291 hunc
753 3266 838 3292 cum
852 3256 985 3295 Cerere
997 3270 1089 3296 con·-

51 3297 203 3342 cubuisse
232 3303 319 3343 inde
347 3304 552 3344 fabulantur
575 3333 586 3352 ‚
624 3302 730 3355 quod
747 3304 868 3343 homo
892 3308 1090 3359 agricultu3

1162 1277 1236 1315 fine
1252 1306 1262 1322 ‚
1291 1277 1392 1326 cujus
1413 1277 1504 1314 haec
1524 1277 1604 1314 sunt
1625 1276 1683 1320 ᾖε.
1706 1278 1795 1325 969.

1212 1329 1379 1374 Δημήτηρ
1402 1330 1467 1373 μὲν
1489 1329 1654 1365 Πλοῦτον
1673 1323 1869 1373 ’.ἐγείναο-νο,
1898 1326 1955 1363 ἕῖκ
1975 1326 2107 1374 θεάων,

1209 1378 1324 1425 sewu?
1347 1377 1420 1423 ἥρωι
1442 1379 1584 1424 μεγε7σ’
1604 1376 1722 1424 ἐρατ-ᾔ
1740 1377 1932 1425 Φιλότητι.

1159 1430 1206 1469 Et
1231 1429 1390 1468 Ovidius
1410 1430 1484 1478 ipse
1506 1429 1566 1467 lib.
1586 1442 1629 1467 11.
1651 1428 1761 1468 Trist.
1780 1441 1867 1478 299.
1885 1430 1939 1467 his
1962 1429 2099 1468 verbis:

1214 1489 1255 1519 In
1277 1487 1436 1518 Venerem
1455 1479 1648 1529 Anchises,
1676 1480 1716 1518 in
1743 1486 1884 1517 Lunam
1906 1481 2067 1517 Latmius
2089 1479 2208 1526 heros',

1262 1538 1304 1569 In
1326 1538 1482 1569 Cererem
1505 1530 1629 1580 Iizfius,
1659 1531 1720 1582 qui
1742 1534 1934 1576 referatur,
1965 1531 2041 1568 erit.

1158 1583 1207 1622 Et
1228 1583 1454 1621 Theocritus
1475 1582 1593 1631 eclog.
1617 1595 1681 1621 111.
1701 1582 1763 1620 sub
1781 1582 1894 1620 finem
1912 1596 1920 1620 z
1950 1582 1988 1619 ἃ
2009 1582 2206 1631 Hyginus,

1157 1636 1195 1672 ὃ(
1212 1634 1273 1672 hic
1294 1633 1426 1671 Noster
1446 1645 1508 1670 111.
1531 1633 1667 1673 Amor.
1686 1634 1791 1681 Eleg.
1823 1645 1875 1671 1x.
1906 1633 2056 1671 Briantii
2077 1632 2138 1670 lib.
2166 1633 2206 1670 &

1156 1696 1251 1723 unus
1273 1685 1444 1723 Vatican.
1464 1685 1601 1722 habent
1627 1713 1637 1730 ,
1677 1685 1800 1734 Iizfima
1829 1689 1940 1721 Ceres.
1976 1694 2071 1733 quae
2092 1683 2206 1721 leetio

1155 1735 1199 1774 ad
1223 1748 1349 1774 veram
1387 1747 1680 1785 germanamque
1705 1734 1822 1785 quam
1851 1733 2024 1784 proxime
2049 1734 2205 1772 accedit.

1154 1786 1225 1825 Sed
1249 1799 1313 1833 ea,
1343 1798 1454 1836 quam
1487 1798 1532 1824 ex
1566 1787 1716 1836 ingenio
1737 1786 1889 1824 restituit
1910 1787 2053 1834 Regius·
2070 1813 2090 1829 ,a
2108 1784 2205 1822 inte·

1152 1839 1308 1887 gerrima
1331 1837 1406 1875 fine
1442 1838 1514 1875 ulla
1541 1838 1647 1875 litura
1677 1838 1854 1885 reperitur
1872 1838 1908 1874 in
1938 1844 2016 1885 opt.
2041 1835 2102 1873 lib.
2132 1836 2205 1874 Ca-

1151 1889 1352 1937 pranicens.
1382 1888 1596 1926 CIOFANUS.
1635 1888 1789 1926 Variant
1809 1888 2053 1925 vehementer
2071 1886 2203 1935 scripti.

1152 1943 1340 1990 Infimaque
1360 1938 1460 1976 alma
1491 1945 1591 1977 Ceres
1611 1939 1764 1977 Thuan.
1806 1939 1845 1976 δε
1876 1938 1937 1975 alii
1966 1946 2049 1976 tres.
2081 1941 2203 1986 Jizfhna

1142 1992 1263 2037 fronte
1284 1997 1382 2028 Ceres
1402 1991 1551 2038 Regius.
1580 1999 1696 2039 nempe
1715 1995 1816 2026 Ceres
1838 1989 2087 2038 Palat.san15}'a
2102 1995 2202 2025 Ceres

1151 2041 1227 2079 duo
1248 2042 1358 2079 Palae.
1369 2039 1475 2090 flava
1496 2040 1639 2078 decern.
1676 2045 1780 2076 Cana
1800 2051 1905 2077 unus.
1930 2041 2117 2088 Infimaque
2135 2045 2201 2075 Ce-⁴

1150 2106 1201 2129 res
1219 2094 1398 2142 quinque.
1427 2092 1564 2139 Aesbna
1578 2090 1686 2142 flava
1703 2099 1874 2140 quatuor.
1901 2089 1961 2127 alii
1980 2089 2094 2127 aliter.
2112 2090 2197 2127 vide

1149 2143 1195 2181 de
1223 2143 1366 2181 Ia'fione
1387 2141 1432 2180 ad
1452 2142 1545 2180 Ibid.
1565 2153 1650 2191 473.

1197 2206 1282 2244 425.
1319 2194 1386 2231 Cui
1406 2193 1557 2241 studeat.
1580 2193 1596 2243 ]
1653 2193 1760 2230 Unus
1782 2189 1972 2230 Leidenfis
1988 2218 1999 2237 ‚
2017 2190 2195 2239 studeant.

1145 2244 1240 2283 Puto
1253 2274 1264 2291 ‚

1198 2298 1268 2334 Cui
1282 2296 1448 2344 studeant
1466 2301 1560 2332 Deus
1586 2295 1696 2332 omnis
1715 2293 1855 2331 habent.

1145 2346 1191 2435 ἔῃ
1219 2347 1329 2386 Fastis
1355 2358 1508 2397 quoque
1538 2346 1630 2385 libro
1661 2358 1715 2384 iv.
1743 2357 1828 2392 270.
1856 2343 2007 2382 fortassis
2036 2343 2192 2383 scribena-

1172 2410 1260 2436 um:

1197 2448 1336 2496 Dignus
1357 2454 1466 2487 Roma
1488 2447 1578 2485 locus
1592 2475 1601 2492 ,
1631 2460 1696 2497 quo
1716 2452 1811 2483 Deus
1831 2445 1942 2482 omnis
1960 2455 2055 2484 eant.

1145 2496 1194 2535 fic
1211 2498 1272 2535 lib.
1291 2511 1361 2536 ΧΠ.
1382 2511 1418 2536 v.
1435 2510 1496 2544 42.
1523 2510 1568 2535 ex
1586 2498 1734 2546 optimo
1754 2495 1907 2534 codice:

1385 2555 1640 2597 penetrantque
1670 2560 1768 2584 caras
1788 2558 1859 2583 vox
1878 2546 1990 2584 omnis
2010 2547 2058 2584 ad
2076 2560 2188 2588 aures„

1146 2598 1259 2647 Apud
1278 2599 1476 2648 Virgilium
1496 2600 1557 2637 lib.
1576 2600 1713 2647 Georg.
1739 2611 1768 2635 1.
1794 2609 1877 2646 372..

1403 2659 1507 2700 atque
1527 2650 1637 2687 omnis
1654 2649 1783 2686 navita
1792 2657 1896 2699 ponto

1201 2700 1357 2737 Humida
1375 2700 1456 2736 vela
1474 2700 1601 2749 legunt.
1772 2703 1775 2706 ⁴

1146 2750 1200 2788 Ita
1220 2752 1321 2788 enim
1345 2752 1381 2788 in
1404 2751 1711 2800 vetustis'aliquot
1733 2749 1998 2798 exemplaribus
2029 2750 2063 2789 se
2082 2751 2190 2790 testa=

1145 2809 1204 2839 tur
1222 2799 1400 2840 invenisse
1419 2801 1556 2840 Pierius
1576 2801 1806 2840 Valerianus.
1836 2802 2024 2840 Aeneidos
2044 2815 2088 2841 11.
2101 2813 2184 2849 477„

1638 2852 1763 2890 Omnis
1780 2852 1898 2901 Scyria
1910 2852 2014 2900 pubes

1195 2903 1384 2940 Succedunt
1403 2905 1508 2949 τεὲἶυ,
1529 2913 1572 2944 (9¹
1584 2902 1754 2954 flammas
1772 2903 1824 2940 ad·
1840 2902 1994 2941 culmina
2007 2902 2160 2951 jaesum„

1142 2954 1274 2993 Statius
1293 2954 1506 2992 Thebaidos
1528 2967 1597 2992 ΧΗ,
1620 2967 1706 3001 471.

1195 3006 1318 3042 Omnis
1339 3004 1512 3042 Erechteis
1528 3005 1632 3054 effusa
1650 3004 1834 3055 penatibus
1850 3013 1946 3041 netas

1195 3062 1227 3092 T
1223 3059 1294 3093 ee'ia
1314 3056 1459 3107 viasque
1479 3058 1618 3105 replent.

1144 3107 1358 3156 Quomodo
1399 3107 1646 3155 castigandum
1696 3117 1743 3143 ex
1771 3104 1920 3153 optimis
1943 3100 2183 3146 membranisj‘

1144 3159 1280 3207 vulgo,
1310 3158 1433 3194 omnis
1450 3169 1494 3196 ω’
1513 3156 1665 3193 Αὲἷιιείς.
1702 3155 1833 3193 Livius
1851 3153 1910 3190 lib.
1932 3162 2071 3207 xxyrn.
2100 3163 2180 3200 cap,

1145 3221 1199 3246 Lx.
1229 3215 1318 3245 Tum
1337 3209 1512 3244 enimvero
1534 3206 1645 3243 omnis
1659 3215 1753 3243 aetas
1774 3215 1904 3241 currere
1923 3201 2028 3240 obvn.
2055 3203 2185 3240 Luca*

1144 3269 1211 3297 nus
1233 3257 1295 3294 lib.
1315 3267 1387 3293 vn.
1407 3255 1460 3298 ys.
1483 3266 1540 3304 37:

1199 3305 1379 3345 Vincimur
1398 3305 1453 3344 his
1465 3304 1594 3355 gladiis
1615 3304 1725 3340 omnis
1738 3330 1748 3346 ,
1765 3301 1860 3351 queis
1874 3302 2003 3352 serviet
2020 3314 2127 3343 aetas,-

1605 3354 1644 3401 O
1659 3364 1684 3391 o
1694 3364 1717 3391 ο
1731 3363 1755 3390 o
1784 3362 1803 3402 3

2136 3354 2211 3403 132,
