2483 3616
331 143 1567 204 METAMORPHOSEON
1639 144 1983 204 L1ss.11·1.
2112 148 2206 203 181

59 255 224 316 fontem
245 258 261 278 0
278 253 512 313 perlueret3
548 251 738 295 AHaeon
760 244 778 272 ἀ
802 246 995 306 Aristaei
1017 244 1071 295 ὅθ
1096 249 1309 293 Autonoes
1319 247 1443 306 filias
1464 280 1480 304 ,
1515 247 1701 292 eamdem
1724 248 1853 292 locam
1882 259 2024 306 petens
2055 249 2114 294 ad
2135 264 2204 293 re-

56 318 354 380 frigerandum
371 314 448 375 ſs’,
483 318 500 337 ⁰
524 313 578 364 ὃ
603 329 748 371 canes,
774 310 789 338 f
809 327 907 372 qnos
930 322 1170 356 exercuerat
1185 345 1200 370 ,
1236 316 1254 342 g
1275 311 1673 377 cervos'perss’qnens
1687 332 1702 365 5
1738 313 1784 355 in
1808 313 2055 371 conspeoinm
2079 313 2204 358 Deae

66 384 228 428 incidit.
261 379 280 406 ¹¹
306 382 376 441 qui
396 395 444 424 ne
478 379 610 438 eloqui
625 379 783 438 poffet,
819 375 992 422 habitus
1024 375 1111 435 ejas
1144 378 1190 421 in
1211 391 1381 422 cervam
1417 382 1425 399 ¹
1448 375 1665 437 conversas
1689 375 1770 435 est,
1805 377 1870 420 ita
1905 387 1951 421 ut
1975 376 1991 401 ¹*
2008 390 2085 436 pro
2099 376 2204 437 fera

67 443 74 470 ¹
95 460 122 491 a
133 445 229 506 sais
251 445 418 492 canibus
442 444 651 488 laceratus
662 446 741 504 fit.

436 562 544 615 Am
568 559 765 614 stabant
790 558 1043 614 Thebae:
1084 569 1295 631 poteras
1315 559 1453 629 jam,
1490 557 1729 620 Cadme,
1764 555 1939 611 videri

435 633 634 688 Exsilio
660 632 816 686 felix:
856 632 1026 686 soceri
1048 632 1145 686 tibi
1171 630 1433 704 Marsque
1466 630 1760 703 Venusque

434 707 805 777 Contigerant.
844 704 949 760 huc
974 704 1114 759 adde
1138 721 1303 776 genus
1332 706 1401 758 de
1423 702 1655 774 conjuge
1682 704 1856 766 tanta,

355 780 475 836 Tot
501 793 682 844 natOS,
721 790 1005 851 natasque,
1041 778 1126 843 &,
1160 777 1386 850 pignora
1411 794 1556 839 cara,
1592 789 1833 847 nepotes,

113 959 219 999 Barce
234 961 326 1010 felix
345 960 451 999 uteri.

120 1024 199 1061 132.
231 1016 336 1050 Soceri
359 1013 422 1049 tibi
445 1010 610 1062 Marfiqne
636 1009 807 1059 Venusque
840 1007 1105 1057 Contigerant.]

63 1062 253 1112 Euripides
274 1063 335 1100 sub
356 1062 573 1111 principium
602 1059 875 1099 Phoeniffarum
907 1059 977 1102 ait,
1007 1057 1104 1094 Cad-

63 1125 170 1151 mum
192 1126 347 1152 uxorem
369 1112 505 1151 duxiffe
526 1111 775 1149 Harmoniam
788 1109 965 1154 ,Veneris
977 1107 1104 1153 filiam,

62 1172 173 1213 atque
195 1177 241 1202 ex
264 1176 306 1202 ea
318 1164 546 1213 Polydorum
567 1158 761 1209 suscepiffe.
787 1159 886 1197 Vide
899 1159 1010 1196 etiam
1026 1159 1105 1195 He-

61 1213 208 1252 fiodum
240 1216 278 1252 in
310 1213 546 1262 Theogonia.
587 1212 780 1260 Theognis
802 1210 852 1247 ait
876 1239 886 1254 ,
921 1209 1043 1246 Musas
1066 1210 1105 1246 ὃς

64 1265 206 1302 Gratias
229 1265 360 1302 Cadmi
382 1260 665 1311 nuptiisaeaffuiffe
679 1273 796 1311 ,quae
817 1260 1010 1309 pulchrum
1029 1271 1105 1296 car—

65 1326 154 1352 men
180 1316 400 1356 cecinerunt.
429 1314 556 1351 Refert
578 1314 690 1351 etiam
713 1310 884 1350 Pindarus
906 1311 944 1348 in
966 1310 1104 1359 Pythiis

65 1365 152 1402 Oda
173 1378 234 1402 111.
253 1377 339 1403 cum
353 1364 515 1402 Cadmus
538 1363 788 1401 Harmoniam
808 1363 846 1399 in
866 1372 1024 1399 uxorem
1038 1359 1104 1398 du-

61 1417 138 1460 xit,
164 1415 285 1453 Musas
304 1413 470 1453 cecinisse
492 1428 501 1452 ε
530 1423 640 1464 atque
662 1413 758 1462 apud
776 1412 893 1462 ipsum
916 1410 1103 1450 Cadmum

64 1465 169 1503 Deos
191 1467 354 1514 epulatos
387 1464 489 1503 effe:
528 1464 548 1503 a
579 1464 708 1515 quibus
731 1465 769 1501 &
803 1464 901 1501 dona
932 1461 1104 1510 nuptialia

62 1515 248 1565 accepisse.
276 1518 351 1554 Hic
364 1529 459 1554 xvir.
483 1516 640 1553 Graecas
660 1516 794 1553 litteras
814 1513 834 1551 a
857 1513 1044 1552 Phoenice
1066 1512 1104 1551 in

65 1567 261 1605 Graeciam
282 1569 419 1616 primus
440 1567 580 1612 attulit,
608 1580 645 1611 a,
667 1567 704 1612 β,
729 1579 769 1611 γ,
790 1564 824 1610 Σ,
846 1578 881 1609 ε,
899 1563 938 1611 ζ,
960 1577 985 1606 ι»
1005 1577 1046 1606 κ,
1064 1568 1104 1608 λ,

66 1630 108 1662 μ,
129 1631 159 1662 ν,
183 1632 224 1662 π,
246 1631 272 1659 ο,
295 1632 324 1663 ρ,
344 1631 379 1662 o,
402 1631 439 1663 τ,
458 1616 501 1664 Φ.
528 1618 598 1655 His
616 1616 828 1654 Palamedes
848 1616 886 1653 in
897 1614 993 1653 bello
1004 1614 1106 1652 Tro-

60 1668 153 1716 jano
172 1676 241 1706 tres
262 1669 394 1718 adjecit
415 1681 449 1714 n,
468 1682 514 1715 χ,
534 1681 569 1706 ω.
600 1667 681 1706 Post
702 1679 816 1717 quem
836 1664 1043 1703 Simonides
1062 1664 1106 1702 fi-

66 1719 201 1756 militer
220 1727 291 1757 tres
312 1719 395 1756 alias
408 1749 418 1765 ‚
448 1720 484 1767 ξ,
505 1720 533 1763 Θ,
554 1719 592 1761 ψ.
622 1732 640 1754 υ
666 1730 756 1755 vero
779 1717 936 1755 litteram
969 1716 1105 1766 Pytha-

37 1798 43 1808 ,
64 1779 171 1817 goras
191 1769 331 1807 Samius
354 1770 398 1807 ad
421 1770 634 1818 exemplum
667 1770 764 1807 vitae
794 1769 979 1805 humanae
1010 1767 1107 1815 prius

67 1820 255 1858 formavit.
292 1821 399 1858 Haec
422 1833 466 1859 ex
491 1820 631 1859 Isidoro
651 1820 710 1858 lib.
732 1832 759 1857 1.
778 1830 856 1867 cap.
878 1830 942 1856 111.
964 1817 1028 1867 qui
1048 1817 1108 1855 lib.

64 1871 102 1907 'v.
125 1871 234 1908 refert
256 1871 366 1909 etiam
393 1872 579 1909 Cadmum
600 1872 638 1908 in
657 1871 762 1908 tertia
783 1877 900 1907 aetate
921 1869 999 1913 has,
1019 1880 1108 1917 quas

67 1921 277 1967 recensuit,
313 1922 445 1960 litteras
479 1920 667 1971 reperiffe:
696 1933 795 1958 anno
818 1928 944 1958 autem
978 1919 1109 1956 mundi

68 1981 129 2008 cio
157 1984 217 2009 cm
245 1984 302 2009 cm
333 1985 402 2010 Dcc
430 1985 530 2011 xcvx.
570 1972 680 2021 Apud
703 1972 881 2009 Tacitum
902 1970 962 2007 lib.
983 1982 1035 2006 xx.
1058 1970 1109 2006 le-

69 2021 106 2070 gi
128 2023 238 2060 etiam
262 2023 446 2061 cadmum
478 2025 515 2061 in
544 2024 739 2062 Graeciam
760 2023 893 2060 litteras
921 2018 1075 2057 attulisse
1099 2034 1108 2056 ;

72 2082 148 2119 quo
168 2073 256 2110 loco
279 2075 392 2112 varias
411 2075 518 2123 hujus
540 2075 591 2112 rei
611 2074 719 2111 refert
739 2072 946 2123 opiniones,
960 2071 1044 2107 Hac
1064 2070 1109 2108 de

71 2131 110 2158 re
132 2122 341 2161 Athaeneus
363 2136 526 2174 quoque.
553 2126 723 2162 Cxorm.

127 2184 207 2220 133.
233 2179 286 2210 De
306 2177 439 2224 conjuge
460 2174 606 2223 tanta]
636 2176 788 2223 Quanta
819 2174 868 2211 est
900 2173 1111 2210 Hermione

72 2221 202 2259 Martis
213 2224 261 2277 ⁶&
281 2225 435 2263 Veneris
466 2225 561 2271 filia,
594 2225 640 2262 de
668 2237 741 2275 qua
770 2225 900 2261 Statius
931 2223 1045 2260 multa
1073 2223 1111 2260 in

74 2270 289 2310 Thebaidos
308 2273 398 2312 libro
420 2275 592 2314 secundo.
622 2276 804 2313 Hermione
824 2273 976 2324 quidem
998 2274 1110 2311 etiam

72 2322 238 2360 Menelai
269 2324 307 2360 δε
339 2325 503 2362 Helenae
524 2327 596 2364 filia
616 2327 842 2364 nominatur.
889 2324 992 2374 quod
1022 2335 1111 2360 vero

71 2373 225 2421 quidam
247 2374 375 2411 Martis
398 2376 435 2411 &
457 2375 611 2413 Veneris
634 2376 746 2413 filiam
768 2388 847 2414 non
869 2375 1087 2412 Hermionem
1102 2402 1112 2418 ,

72 2423 134 2461 sed
155 2425 389 2462 Harmoniam
418 2432 545 2472 putant
567 2424 637 2462 effe
665 2427 866 2463 vocitatam
890 2454 901 2470 ,
937 2426 1112 2462 Martiani

75 2474 247 2522 Capellae
270 2475 444 2512 affe-statis
464 2475 645 2524 leporibus
668 2474 812 2523 decepti
829 2475 919 2512 sunt.
947 2476 1116 2512 Remus.

74 2523 215 2562 Mirum
238 2525 286 2562 est
309 2525 405 2573 apud
426 2526 592 2563 austores
614 2537 700 2562 cuni
722 2526 987 2568 Latinos,tuin
1000 2526 1116 2561 Grae-

75 2586 137 2613 cos
157 2575 263 2624 hujus
284 2576 406 2613 uxoris
428 2588 570 2613 nomen
591 2584 668 2613 tam
688 2575 786 2612 varie
807 2575 888 2622 legi.
917 2575 978 2626 alii
987 2602 997 2618 ‚
1027 2580 1115 2610 Her-

78 2626 222 2663 mionem
243 2626 458 2674 appellatam
490 2627 620 2663 volunt
634 2654 644 2670 ,
673 2634 713 2662 ut
735 2626 897 2662 Menelai
919 2625 1029 2661 filiam
1046 2652 1055 2668 ,
1069 2623 1115 2661 de

79 2686 149 2724 qua
170 2675 299 2726 Odyff.
323 2689 376 2714 1v.
403 2677 460 2714 alii
484 2705 495 2721 ,
523 2676 755 2713 Harmoniam
779 2704 788 2720 ‚
828 2687 920 2724 quos
952 2674 1116 2722 Raphael

79 2724 220 2771 irridet,
248 2739 318 2776 ego
340 2727 446 2776 plane
480 2728 518 2764 δε
547 2728 621 2764 hoc
644 2726 740 2774 apud
763 2733 904 2762 veteres
935 2725 1116 2762 variatum

83 2783 168 2822 puto
182 2777 377 2827 ‚idemque
399 2777 443 2814 ab
463 2777 604 2814 Ovidio
627 2775 799 2814 omissum
823 2788 963 2813 nomen
989 2804 1000 2820 ,
1036 2775 1118 2819 nus-

84 2835 192 2873 quam
214 2828 313 2865 enim
334 2828 515 2865 nominat.
553 2828 762 2865 GLAREAN.
798 2827 913 2876 Atqui
945 2838 1022 2863 non
1046 2826 1119 2862 Ca·-

87 2875 173 2921 pella
192 2884 358 2922 tantum,
385 2877 444 2914 sed
466 2879 504 2914 ὃς
528 2877 740 2915 Hellanicus
754 2905 764 2922 ‚
792 2884 832 2914 ut
855 2876 1006 2926 quidem
1030 2876 1119 2913 cita-

85 2931 142 2961 tur
158 2925 196 2962 in
225 2927 513 2965 Commentariis
542 2928 757 2977 Apollonii,
786 2927 1019 2963 Harmoniam
1050 2939 1119 2964 vo-

87 2981 145 3010 cat
162 3002 182 3030 ³.
198 2987 353 3026 eamque
374 2977 538 3014 Eleecrae
561 2979 599 3014 δε
620 2979 721 3025 Jovis
743 2977 853 3014 filiam
876 2978 987 3021 facit,
1005 2988 1119 3026 quem

88 3021 241 3078 sequitur
272 3027 460 3065 Diodorus
482 3027 573 3064 libro
594 3027 707 3065 sexto.
754 3028 943 3065 Praeterea
965 3029 1003 3064 ὃς
1026 3030 1117 3064 Pau-

90 3071 199 3109 sanias
230 3076 267 3112 &
296 3077 503 3122 Hesiodus,
530 3079 631 3126 cujus
662 3078 836 3126 interpres
867 3078 978 3114 etiam
1008 3078 1118 3114 ratio-

91 3133 179 3160 nem
200 3127 356 3165 nominis
386 3129 492 3177 hujus
512 3127 616 3165 affert
630 3156 640 3173 ,
666 3128 719 3165 ὅτι
741 3132 791 3164 rra
816 3127 857 3163 ἐκ
878 3129 1035 3171 πολέμου
1054 3139 1120 3165 κει-

92 3176 365 3227 ·τοιπεζτωκότοι
386 3181 471 3222 μέρη
500 3179 566 3215 τῶν
592 3178 730 3216 πόλεων
753 3207 764 3223 ,
791 3182 1085 3224 συναρμολογσίσι
1109 3206 1120 3222 ,

94 3225 157 3267 καὶ
179 3226 218 3260 εὑ
244 3225 357 3264 πάλιν
382 3226 592 3269 διατιθέασιν
620 3229 652 3266 οἱ
681 3228 796 3268 αὐτῶν
821 3228 1028 3280 ὑμειρόμευοι
1063 3228 1122 3277 liu:

1956 865 2052 916 135
2081 847 2207 906 Hos

1166 953 1299 1001 &pon-01,
1328 955 1391 994 καὶ
1411 957 1444 994 οἶ
1473 957 1614 1000 ταύταις
1646 958 1772 999 πόλεις
1801 955 1979 993 uari-musar
2001 951 2211 998 ε’θέλοντεςζ

1162 1006 1237 1043 hoc
1260 1007 1330 1052 est,
1357 1008 1486 1045 Martis
1509 1008 1620 1044 filiam
1644 1007 1877 1044 Harmoniam
1900 1013 2092 1054 propterea
2114 1007 2211 1048 dici„

1164 1056 1267 1104 quod
1288 1066 1404 1105 partes
1426 1058 1571 1095 urbium
1604 1058 1766 1106 disjectas
1798 1069 1840 1094 ac
1872 1057 2005 1095 dirutas
2029 1085 2039 1102 ,
2067 1057 2208 1095 rursum

1157 1116 1410 1155 componant,
1443 1110 1481 1146 &
1501 1108 1685 1146 restituant
1707 1108 1880 1146 homines
1903 1137 1914 1154 ,
1951 1108 2015 1157 qui
2035 1107 2110 1146 illas
2141 1108 2208 1146 ha-

1157 1157 1271 1195 bitare
1293 1160 1454 1207 cupiunt.
1493 1159 1553 1196 Est
1574 1160 1675 1196 enini
1701 1158 1895 1203 ἁρμόττειν
1916 1170 2146 1207 componere
2168 1160 2209 1196 &

1160 1216 1344 1257 coaptare.
1394 1212 1520 1258 Quare
1543 1221 1621 1247 non
1644 1209 1789 1258 decepti
1810 1237 1820 1254 ‚
1856 1208 1916 1246 sed
1938 1209 2134 1246 autoritate
2169 1208 2209 1246 &

1159 1259 1317 1296 nomine
1338 1259 1485 1297 adduffl
1509 1260 1742 1297 Harmoniam
1753 1259 1918 1307 legimus.
1943 1261 2058 1296 Porro
2080 1259 2118 1296 in
2138 1258 2210 1296 hu-

1154 1309 1214 1357 jus
1235 1311 1369 1358 nuptiis
1392 1309 1561 1348 cecinisse
1583 1310 1705 1351 Musas
1736 1310 1868 1346 Graeci
1889 1310 2027 1346 Po'etae
2045 1308 2213 1355 tradunt,

1160 1358 1390 1410 singulosque
1414 1361 1502 1399 deos
1533 1361 1594 1398 sua
1627 1372 1784 1398 munera
1812 1358 2056 1397 contribuisse.
2109 1359 2210 1396 Inter

1160 1421 1256 1459 quae
1279 1412 1318 1448 δε
1341 1412 1481 1449 monile
1503 1412 1571 1449 fuit
1593 1423 1613 1448 a
1634 1411 1808 1449 Vulcano
1828 1410 1966 1447 factum
1981 1438 1992 1455 ,
2019 1410 2122 1459 quod
2141 1421 2212 1458 po-

1159 1460 1231 1498 stea
1264 1461 1310 1499 ad
1351 1462 1551 1512 Eriphylen
1584 1462 1800 1510 Amphiarai
1831 1472 1988 1498 uxorem
2030 1460 2213 1509 pervenit.

1160 1511 1310 1549 Ultimo
1334 1522 1459 1551 autem
1495 1513 1607 1550 etiam
1640 1513 1807 1561 Apollini
1837 1511 1991 1560 Delphis
2021 1511 2212 1548 consecra-

1161 1569 1242 1599 tum
1265 1563 1358 1609 fuit,
1387 1572 1426 1601 ut
1448 1563 1636 1601 Pausanias
1658 1572 1764 1601 autor
1787 1563 1847 1600 est.
1884 1561 1967 1599 Fuit
1988 1569 2113 1599 autem
2135 1561 2212 1598 hoc

1161 1614 1321 1651 nomine
1342 1615 1454 1651 etiam
1477 1615 1645 1663 nympha
1667 1613 1850 1663 quaedam
1865 1641 1875 1657 ,
1903 1624 1998 1662 quae
2021 1623 2066 1649 ex
2087 1612 2213 1648 Marte

1160 1665 1289 1712 genuit
1301 1664 1535 1710 Amazonas,
1547 1674 1587 1702 ut
1600 1664 1824 1713 Apollonius
1842 1663 1952 1700 tradit
1970 1662 2064 1700 libro
2084 1662 2213 1700 secun-

1162 1714 1211 1751 do
1234 1716 1440 1764 Argonaut.
1474 1717 1697 1753 Mrcrttus.
1743 1715 1978 1752 Harmoniam
1998 1712 2212 1750 vocandam

1162 1763 1233 1802 effe
1265 1765 1378 1804 hodie
1398 1767 1476 1804 satis
1498 1767 1662 1811 constat,
1690 1767 1729 1803 ὅτ.
1750 1765 1902 1803 alteram
1924 1763 2211 1812 appellationem

1163 1827 1183 1853 a
1206 1818 1384 1865 corruptis
1417 1817 1513 1855 libris
1535 1813 1754 1866 profluxisse.
1781 1815 1867 1853 vide
1891 1814 1937 1852 ad
1956 1814 2019 1853 lib.
2043 1826 2107 1851 111.
2129 1813 2215 1852 Art.

1163 1866 1253 1904 Am.
1296 1868 1355 1905 86.
1395 1869 1434 1905 &
1476 1869 1526 1905 ita
1558 1867 1748 1916 Euripides
1781 1864 1948 1904 Phoenis.
1990 1864 2044 1908 ybs.
2078 1874 2111 1910 7.
2149 1864 2213 1901 ubi

1167 1917 1379 1956 Scholiastes
1402 1918 1525 1963 addit,
1553 1918 1732 1968 quosdam
1755 1916 1898 1954 tradere
1921 1915 2110 1953 Cadmum
2133 1926 2215 1953 non

1167 1969 1418 2006 Harmoniam
1444 1997 1454 2014 ,
1490 1969 1551 2006 sed
1582 1968 1766 2006 Electram
1797 1964 1947 2005 duxiffe.
1990 1965 2093 2015 quod
2126 1965 2215 2004 inde

1166 2017 1304 2056 veniffe
1324 2019 1436 2056 credo
1451 2048 1461 2065 ,
1489 2020 1575 2069 quia
1598 2018 1809 2056 Harmonia
1841 2029 1862 2054 a
1891 2015 2106 2066 quibusdam
2129 2016 2217 2074 Ele?

1167 2069 1264 2106 {trae
1297 2072 1335 2107 &
1355 2071 1458 2117 Jovis
1480 2070 1552 2107 filia
1574 2069 1703 2107 dicitur
1725 2084 1734 2111 ;
1770 2067 1868 2105 unde
1900 2068 1957 2104 illa
1986 2067 2130 2104 Eleciris
2152 2063 2217 2102 H'-

1166 2125 1313 2164 λεκτρις
1327 2149 1338 2165 ,
1364 2121 1402 2158 id
1415 2121 1463 2158 est
1485 2121 1640 2157 Eleeirae
1655 2119 1735 2167 filia
1759 2119 1955 2156 dicebatur.
1983 2117 2069 2154 vide
2091 2117 2214 2154 Schol.

1166 2171 1345 2219 Apollon.
1366 2172 1426 2208 lib.
1450 2185 1476 2208 1.
1501 2171 1586 2220 916.
1615 2169 1849 2207 Harmoniam
1876 2179 2028 2217 quoque
2051 2166 2216 2204 Scholia-

1166 2221 1232 2258 stes
1254 2222 1426 2270 Aeschyl.
1448 2222 1545 2270 Sept.
1569 2229 1696 2259 contra
1718 2219 1840 2257 Theb.
1866 2217 1954 2255 vers.
1978 2217 2059 2255 506.
2086 2224 2219 2255 vocat:

1167 2272 1275 2309 aliam
1300 2273 1548 2310 Harmoniam
1565 2300 1575 2316 ,
1589 2271 1823 2320 Nympham,
1849 2280 1894 2305 ex
1927 2280 1999 2317 qua
2020 2268 2122 2305 Mars
2143 2267 2215 2305 sus·

1169 2324 1265 2371 cepit
1279 2323 1493 2360 Amazonas
1507 2351 1518 2368 ,
1531 2329 1718 2359 memorat
1730 2319 1910 2369 Apollon.
1937 2318 2061 2356 Rhod.
2082 2318 2143 2356 lib.
2169 2329 2219 2356 11.

1167 2373 1220 2415 yos,
1243 2386 1328 2422 992.
1350 2373 1412 2410 ubi
1433 2374 1518 2411 vide
1540 2373 1660 2410 Schol.
1682 2377 1894 2418 corruptum
1914 2368 1988 2405 hoc
2008 2380 2151 2406 nomen
2174 2379 2214 2406 a-

1167 2424 1242 2471 pud
1264 2424 1418 2462 Statium
1440 2425 1479 2462 in
1501 2422 1713 2473 quibusdam
1733 2419 1966 2466 editionibus,
1983 2419 2045 2459 lib.
2067 2419 2217 2464 11.260.,

1523 2474 1721 2522 Diramque
1742 2470 1867 2509 monile

1275 2526 1496 2562 Harmiones.

1171 2574 1270 2612 Cum
1291 2575 1488 2623 legendum
1509 2573 1800 2619 fit,Harm0nies.
1830 2583 1917 2610 nam
1950 2572 1989 2610 &
2020 2571 2212 2609 Harmonia

1172 2636 1288 2674 aeque
1311 2626 1441 2662 dicitur
1464 2633 1574 2674 atque
1598 2625 1809 2661 Harmonia.
1833 2631 1873 2660 ut
1886 2621 2098 2660 Scholiastes
2122 2634 2215 2661 mox

1171 2676 1225 2718 §rit
1248 2687 1332 2720 272.
1361 2675 1459 2712 reete
1481 2683 1604 2713 vocat.
1640 2675 1902 2712 BURMANNUS.

1227 2738 1306 2774 134.
1336 2732 1398 2762 Tot
1429 2726 1566 2775 natos.]
1605 2725 1662 2763 Ex
1703 2726 1914 2763 Hermiona
1944 2723 2097 2774 quidem
2127 2723 2216 2761 filias

1173 2784 1357 2825 quatuor,
1384 2776 1556 2814 Semelen
1583 2805 1593 2821 ,
1621 2777 1780 2824 Agaven
1804 2804 1814 2820 ,
1841 2775 2049 2812 Autonoen
2072 2803 2083 2819 ,
2110 2774 2180 2812 Ino
2203 2801 2216 2818 ,

1175 2829 1215 2863 ὃς
1234 2827 1464 2875 Polydorum
1481 2825 1646 2864 sustuliffe
1661 2826 1824 2864 Cadmus
1838 2833 2077 2862 memoratur.
2106 2827 2215 2873 Quos

1172 2889 1264 2914 vero
1286 2876 1378 2915 filios
1411 2877 1500 2914 alios
1521 2877 1734 2925 susceperit,
1761 2876 1940 2925 nusquam
1974 2876 2129 2912 memini
2150 2884 2215 2910 me

1171 2925 1305 2976 legisse.
1343 2928 1513 2965 Raoius.
1562 2928 1668 2964 Alios
1688 2928 1786 2964 forte
1809 2926 1975 2964 auetores
1998 2925 2130 2962 Noster
2146 2952 2156 2968 ‚
2172 2930 2214 2960 ut

1174 2977 1445 3026 saepe,secutus
1458 3006 1468 3022 ‚
1481 2989 1568 3015 nam
1593 2979 1631 3015 ὅ(
1652 2977 1881 3027 Polydorum
1904 2976 2063 3024 produnt
2082 2973 2211 3010 filiuni:

1172 3028 1332 3065 Diodor.
1353 3028 1490 3066 Siculus
1508 3029 1567 3065 lib.
1591 3040 1643 3065 1v.
1665 3039 1745 3077 pag.
1771 3039 1850 3074 147.
1878 3026 2048 3074 Hyginus
2070 3023 2139 3060 fab.
2154 3022 2215 3066 76.

1175 3079 1214 3115 ὃς
1240 3079 1320 3124 176.
1350 3080 1388 3116 ὃς
1408 3078 1630 3127 Apollodor.
1650 3078 1711 3115 lib.
1736 3090 1798 3115 111.
1825 3077 1885 3114 ubi
1915 3077 2087 3121 interpres
2110 3073 2216 3110 Lati·

1175 3140 1242 3166 nus
1263 3129 1400 3167 addidit
1421 3129 1467 3165 de
1488 3128 1553 3166 suo
1568 3157 1578 3173 ‚
1605 3129 1758 3166 unicum.
1779 3126 1946 3175 imperite
1968 3135 2057 3160 vero
2078 3123 2215 3160 Ponta-

1176 3191 1242 3217 mis
1272 3179 1331 3216 hic
1353 3179 1555 3224 pedonum,
1581 3178 1705 3218 nescio
1735 3189 1813 3228 quo
1842 3174 1991 3227 questore
2018 3173 2218 3222 deceptus,

1175 3237 1300 3282 vocat,
1324 3229 1591 3283 ἓυιυνιιηκηνῐυεε

1458 3279 1489 3318 Z
1517 3290 1538 3330 3
2035 3275 2124 3329 336.
2148 3274 2225 3320 Da
