2483 3616
760 197 822 254 P.
897 195 1310 255 OVIDII

267 219 362 269 150

1382 192 1915 252 NASONIS

548 294 747 351 Divitis
770 296 858 351 hic
883 296 1039 350 saltus
1062 292 1391 366 herbosaque
1414 293 1601 364 pascua
1625 292 1806 356 Nelei,

406 370 509 440 690
545 368 932 441 Nobiliumque
959 384 1147 440 greges
1170 363 1343 420 custos
1367 364 1608 420 servabat
1633 381 1909 436 equarum.

555 441 725 498 Hunc
751 442 960 504 timuit,
995 438 1299 511 blandaque
1325 455 1490 493 manu
1513 437 1750 493 seduxit:
1791 436 1881 502 δι’,
1917 438 2047 506 Eia,

556 515 813 644 ssuisquis
836 533 922 577 ες,
958 513 1176 585 hospeS‚
1220 511 1323 576 ait,

1364 510 1403 566 fi
1426 511 1569 566 forte
1597 522 1837 565 armenta
1862 514 2101 586 requiret

625 606 717 643 aec
749 587 963 661 aliquiS‚
1001 584 1187 641 vidisse
1210 602 1363 657 nega.
1403 601 1510 639 neu
1535 584 1705 655 gratia
1731 581 1874 640 iasio

554 662 712 716 Nulla
735 659 1089 734 rependatur;
1126 658 1352 713 nitidam
1378 674 1508 729 cape
1527 657 1758 727 praemia
1781 676 2014 714 vaccam.

411 738 476 802 69
486 753 513 805 ς
552 733 626 790 Et
651 734 818 789 dedit.
846 734 1067 804 acceptu
1091 749 1252 786 voces
1275 730 1365 783 has
1392 728 1633 784 reddidit
1657 729 1871 804 hospes:

554 808 737 862 Tutus
761 824 861 861 eas‚
895 806 1023 876 lapis
1046 803 1139 858 iste
1174 803 1322 875 prius
1347 815 1436 857 tua
1462 802 1603 858 furta
1626 803 1893 876 loquatur.

553 880 628 936 Et
652 877 882 952 lapidem
907 877 1155 932 ostendit.
1180 876 1384 931 fimulat
1402 875 1541 947 Jove
1563 887 1714 932 natus
1742 877 1900 934 abire.

556 952 704 1008 Mox
725 951 894 1006 redit:
937 950 1022 1014 δε,
1058 950 1206 1005 versa
1229 949 1427 1023 pariter
1450 967 1576 1005 cum
1600 967 1738 1004 voce
1759 950 1959 1023 figura,

555 1025 809 1089 Rustice‚
846 1023 1021 1080 vidisti
1047 1023 1083 1078 fi
1109 1041 1236 1096 quas
1261 1023 1367 1077 hoc
1392 1022 1588 1088 limite,
1627 1022 1792 1087 dixit,

410 1112 519 1169 700
556 1099 639 1155 Ire
663 1098 857 1162 boveS‚
893 1097 975 1152 fer
998 1115 1186 1170 opem,
1226 1095 1481 1169 furtoque
1508 1096 1708 1151 filentia
1732 1096 1909 1154 deme.

547 1170 741 1246 J<un6³ta
761 1171 856 1226 suo
879 1171 1116 1244 pretium
1142 1169 1354 1224 dabitur
1379 1169 1476 1223 tibi
1499 1169 1697 1242 femina
1723 1184 1893 1225 tauro,

557 1249 637 1303 At
660 1245 864 1309 senior,
901 1243 1182 1316 postquam
1205 1260 1412 1297 merces
1438 1243 1703 1314 geminata
1723 1283 1739 1307 ‚
1776 1243 1884 1298 Sub
1908 1245 2006 1300 illis

556 1317 870 1383 MontibuS,
907 1317 1113 1391 inquit,
1150 1328 1323 1371 erunt.

315 1571 472 1623 Uirgivos
486 1570 556 1622 sua
578 1582 744 1622 quemque
765 1569 850 1607 acies
871 1569 909 1606 in
931 1567 1017 1606 heila
1032 1565 1246 1620 sequunturss

262 1623 426 1663 Consule
446 1622 695 1661 dofflffimum
729 1620 969 1658 Gronovium
993 1619 1038 1657 de
1059 1621 1220 1658 Pecunia
1241 1630 1308 1658 ve-

260 1676 332 1714 teri
370 1675 430 1713 lib.
452 1686 498 1712 11.
526 1685 603 1723 cap.
624 1685 658 1720 4.
697 1673 911 1710 Hernsms.

316 1726 403 1775 691.
427 1732 529 1763 Hunc
551 1725 697 1768 timuit;
725 1723 922 1773 blandaque
942 1735 1054 1760 manu
1072 1722 1240 1771 seduxit,
1264 1733 1308 1762 ey

261 1776 340 1822 illi,
367 1776 534 1827 Qifiquis
565 1790 617 1821 es,
646 1774 755 1825 hospes
786 1774 880 1823 ait.]
920 1780 1022 1810 Hunc
1055 1773 1093 1810 &
1126 1772 1179 1810 illi
1210 1773 1307 1810 male

258 1828 487 1872 cohaerent,
514 1837 601 1863 cum
623 1824 669 1862 de
701 1824 837 1863 eodem
866 1825 974 1862 Batto
997 1832 1132 1873 agatur.
1180 1824 1308 1872 Quare

263 1878 397 1916 censeo
438 1875 693 1926 reponendam
724 1887 862 1914 vocem
904 1874 1008 1924 saepe
1040 1874 1124 1912 alibi
1153 1885 1305 1924 corrup-

262 1936 343 1967 tam
357 1957 368 1973 ,
395 1940 438 1968 ω’
455 1929 509 1965 eia
523 1955 533 1972 ‚
560 1926 726 1977 Qifiquis
747 1941 778 1964 es
792 1955 802 1972 ,
831 1926 939 1975 hospes
953 1954 963 1970 ,
991 1925 1055 1963 ait.
1076 1937 1189 1975 quam
1213 1937 1305 1963 con-

255 1979 441 2029 Jecturam
471 1977 691 2022 confirmat,
717 1977 819 2027 quod
851 1974 1086 2026 praecesserat
1113 2005 1123 2021 ‚
1153 1976 1306 2014 blandii-

261 2044 328 2081 que
349 2042 460 2068 manu
472 2029 626 2078 seduxit.
654 2037 751 2066 certe
772 2040 864 2066 unus
886 2027 1080 2065 Mediceus
1103 2056 1113 2072 ‚
1142 2028 1180 2075 se
1209 2028 1306 2065 ducit

260 2094 307 2121 (φ
326 2081 391 2118 ait.
434 2079 509 2118 Adi
530 2080 650 2118 Notas
668 2078 728 2117 lib.
752 2091 781 2118 1.
800 2091 892 2117 vers.
917 2091 1000 2128 591.
1025 2078 1160 2117 Horat.
1182 2077 1254 2116 Sat.
1276 2090 1306 2118 1.

257 2131 320 2171 lib.
342 2144 371 2171 1.

822 2182 888 2218 Eia

309 2234 411 2283 Qid
423 2233 526 2283 statis
539 2242 554 2272 ,ἓ
581 2232 717 2270 nolunt.
744 2232 845 2283 atqui
866 2232 943 2269 licet
963 2230 1019 2281 effe
1041 2230 1161 2271 beatis.

256 2284 298 2324 &
318 2285 377 2324 lib.
401 2297 447 2323 11.
470 2286 541 2324 Sat.
564 2297 618 2323 vx.

310 2393 364 2424 Ne
380 2387 475 2437 prior
495 2384 597 2434 officio
618 2385 802 2436 quisquam
819 2338 1043 2434 {Zondeam
1056 2398 1146 2435 urge.
1161 2384 1306 2424 HEINS.

258 2436 314 2475 Ita
338 2439 375 2475 ὃ(
398 2437 569 2475 Heinsius
591 2438 643 2473 eia
673 2435 831 2484 reposuit
860 2435 935 2473 libr.
965 2448 1020 2474 vx.
1054 2436 1138 2482 640.
1163 2436 1224 2474 sed
1254 2449 1299 2474 ex

258 2488 412 2536 vestigiis
443 2488 607 2526 Medicei
630 2487 758 2524 melius
788 2486 967 2536 legeretur
998 2487 1095 2526 forte
1117 2515 1129 2533 ‚
1163 2500 1207 2528 <y
1242 2492 1300 2525 At

256 2548 309 2576 tu.
350 2539 410 2576 lib.
435 2551 464 2576 1.
488 2538 573 2586 678.

1004 2592 1062 2625 At
1084 2598 1124 2625 tu

312 2639 481 2690 Qisquis
502 2654 532 2677 es
546 2668 556 2685 ,
585 2640 643 2676 hoc
661 2649 794 2689 poteras
817 2652 949 2677 mecum
971 2638 1134 2689 confidere
1148 2640 1238 2688 fimo

309 2695 427 2738 Argus
448 2690 512 2727 ait.
564 2691 638 2727 Ubi
659 2690 755 2727 vide.
785 2691 822 2727 in
846 2690 1019 2728 Leidenfi
1041 2699 1139 2736 erat,
1167 2702 1206 2728 at
1237 2690 1302 2729 illi.

256 2740 521 2780 BuRMANNus.

310 2792 394 2841 692.
420 2790 620 2840 Requiret.]
648 2790 816 2840 Requirat
839 2790 946 2827 Leid.
968 2791 1006 2828 &
1028 2789 1132 2829 Voff.
1154 2798 1195 2829 ut
1224 2790 1301 2840 pas-

255 2842 324 2882 fim
337 2846 432 2888 forte
454 2842 491 2878 ὅ(
503 2840 644 2890 fortasse
673 2839 902 2888 subjunt‘livo
924 2842 1046 2890 jungit
1069 2841 1212 2880 Noster.

308 2893 394 2941 696.
422 2892 634 2941 aquatum]
672 2897 854 2941 Loquatur
883 2891 1013 2929 reffius
1042 2892 1212 2930 nonnulli
1233 2903 1297 2929 ςοε

254 2943 364 2982 dices.
400 2943 603 2981 Heinsius.

311 3006 394 3042 701.
421 2994 560 3040 Junbla
573 2992 637 3039 suo
646 2992 781 3042 pariter
802 2992 945 3029 dabitur
966 2992 1032 3029 tibi
1044 2993 1201 3039 foemina
1214 3003 1294 3030 tau—

254 3045 332 3096 r0.]
369 3045 526 3082 Pretium
550 3043 696 3080 dabitur
716 3043 779 3079 tihi
792 3045 950 3090 foemina
983 3045 1144 3092 optimus
1166 3044 1297 3082 Thua—

253 3109 355 3135 neus.
391 3095 501 3134 re&e.
537 3093 639 3143 supra
662 3093 801 3131 dixerat
824 3093 929 3130 simili
950 3093 1140 3131 locutione
1163 3123 1173 3139 ,
1209 3095 1295 3132 niti-

255 3149 339 3183 dam
363 3156 438 3197 cape
453 3146 612 3196 praemia
634 3158 790 3181 vaccam.
819 3144 949 3182 Plenus
971 3143 1020 3183 est
1051 3145 1187 3183 horum
1211 3146 1294 3185 No-

254 3197 333 3233 ster.
352 3198 419 3245 Ep.
441 3209 519 3234 xvi.
543 3198 628 3235 261.

305 3247 357 3282 Di
374 3250 553 3296 facerent,
572 3246 725 3299 pretium
748 3246 868 3299 magni
889 3246 1087 3301 certaminis
1108 3245 1190 3299 offis.

252 3308 350 3337 ZVH»
378 3309 456 3337 122.

1358 1314 1413 1370 &
1440 1328 1588 1371 erant
1612 1315 1706 1372 sub
1734 1317 2006 1375 montibus
2033 1320 2146 1377 illis.

2274 1444 2413 1504 Risit

1415 1569 1557 1616 Judicii
1569 1570 1723 1622 pretium
1746 1583 1817 1623 qua
1837 1571 1925 1609 data
1946 1571 2044 1610 dicar
2064 1585 2129 1623 ego.

1362 1620 1464 1667 Adi,
1494 1634 1589 1673 quae
1612 1630 1785 1661 notamus
1820 1622 1931 1672 Epist.
1954 1635 2006 1661 vr.
2027 1635 2119 1662 vers.
2145 1624 2226 1668 146.
2262 1625 2412 1666 Hsmsl

1363 1673 1510 1710 Gruter.
1532 1673 1577 1711 ad
1601 1674 1686 1711 Liv.
1708 1685 1744 1712 v.
1774 1685 1835 1712 21.
1863 1685 1909 1711 ex
1942 1673 2074 1713 codice
2108 1675 2270 1714 melioris
2295 1686 2411 1716 notae

1360 1722 1473 1772 legit,
1492 1725 1621 1773 junffffa
1634 1725 1699 1773 fiio
1713 1725 1849 1775 pariter
1870 1724 2014 1762 dabitur
2027 1725 2097 1775 fita
2110 1727 2270 1774 foemina
2291 1738 2406 1768 tauro.

1362 1774 1401 1812 &
1422 1773 1562 1813 dietum
1587 1776 1687 1821 vult,
1715 1783 1756 1813 ut
1776 1775 1938 1813 Horatio
1960 1776 2028 1825 Ep.
2050 1788 2123 1814 ΧΠ.

1412 1831 1468 1863 Νε
1479 1828 1574 1874 joret
1594 1826 1752 1877 aequales
1772 1827 1864 1864 inter
1885 1828 2037 1863 conviva
2052 1855 2063 1873 ,
2087 1827 2198 1878 magis
2217 1843 2320 1880 quem

1464 1877 1636 1926 Deligeret
1654 1877 1779 1915 mulier
1790 1877 1862 1926 sua
1874 1905 1885 1922 ‚
1912 1891 2021 1928 quam
2041 1889 2085 1916 te.

1413 1938 1497 1978 703.
1529 1928 1710 1966 Montibus
1723 1957 1734 1974 ,
1761 1928 1878 1979 inquit
1891 1957 1901 1974 ,
1928 1939 2011 1966 eunt
2026 1957 2036 1974 ,
2058 1939 2102 1969 ο·
2121 1940 2205 1968 eunt
2217 1930 2286 1980 fieb
2302 1945 2407 1977 ,mon-

1359 1978 1452 2016 tibus
1472 1979 1586 2029 illis.]
1626 1980 1711 2017 Hac
1731 1979 1951 2027 repetitione
1974 2008 1985 2025 ,
2025 1981 2064 2018 ὅ(
2096 1981 2134 2018 in
2166 1982 2284 2019 verbis
2309 1982 2406 2022 Batti

1360 2031 1401 2067 δε
1433 2030 1608 2068 Mercurii
1640 2029 1874 2079 responsione
1905 2030 2141 2077 βατταλογίιι
2173 2030 2407 2080 fignificatur.

1360 2081 1571 2119 GLAREAN.
1612 2086 1729 2119 Erant
1749 2089 1909 2131 utroque
1938 2081 2026 2119 loco
2047 2081 2127 2119 libri
2146 2090 2300 2120 veteres.
2336 2084 2404 2123 nifi

1357 2133 1462 2182 quod
1494 2132 1725 2171 Florentinus
1758 2132 1792 2169 S.
1824 2132 1977 2177 Marci,
2014 2133 2304 2181 Neapolitanus,
2332 2136 2407 2184 pri-

1362 2195 1445 2221 mus
1475 2184 1597 2222 Vatic.
1617 2182 1795 2221 secundus
1812 2183 1921 2220 Palat.
1942 2184 1982 2221 ὃς
2010 2191 2169 2233 quatuor
2191 2184 2270 2229 alii,
2299 2191 2410 2223 Mon-

1361 2234 1478 2278 tibus,
1506 2235 1647 2285 inquit,
1673 2245 1800 2279 erunt,
1819 2243 1991 2274 efferant.
2017 2233 2210 2271 veriffirne.
2237 2246 2404 2284 quomo-

1362 2284 1414 2322 do
1440 2286 1477 2323 in
1503 2285 1827 2324 Observationibus
1862 2284 1924 2321 lib.
1955 2295 2009 2321 1v.
2032 2295 2109 2333 cap.
2144 2298 2178 2327 4.
2198 2286 2279 2333 jam
2312 2286 2405 2326 vidit

1360 2336 1623 2375 restituendum
1643 2335 1882 2385 sagacifiimus
1905 2334 2120 2372 Gronovius
2150 2336 2295 2374 Noster.
2323 2339 2403 2388 Qui

1361 2387 1559 2435 opinantur
1589 2387 1649 2424 hic
1680 2386 1840 2424 alludere
1861 2385 2051 2423 Nasonem
2084 2386 2131 2423 ad
2151 2398 2295 2425 nomen
2315 2394 2404 2426 Bat-

1358 2437 1390 2473 ti
1413 2466 1423 2482 ,
1460 2437 1660 2488 quomodo
1692 2436 1905 2475 Aristoteles
1926 2435 1985 2474 ille
2014 2438 2245 2486 Cyrenarum
2270 2438 2400 2477 condi-

1354 2495 1414 2525 tor
1437 2495 1692 2537 cognomento
1714 2494 1842 2525 Battus
1861 2487 2048 2525 dicebatur
2071 2515 2081 2529 ‚
2108 2488 2210 2537 quod
2231 2491 2401 2536 τραυλὸς,

1355 2539 1395 2575 &
1418 2537 1652 2586 Βατταρὶζων
1666 2567 1676 2584 ,
1706 2540 1745 2577 &
1767 2540 1996 2584 Βκττὸλογος
2019 2536 2128 2583 esset,
2156 2549 2234 2575 non
2255 2539 2400 2586 persua-

1355 2589 1472 2634 dent;
1514 2591 1553 2629 δε
1582 2598 1670 2628 eunt
1696 2590 1734 2628 in
1764 2589 1946 2627 contraria
1978 2589 2107 2626 omnia
2146 2589 2399 2632 membranae.

1355 2641 1556 2679 Herusxus.

1409 2702 1492 2738 704.
1522 2698 1582 2728 Me
1603 2689 1732 2737 mihi.]
1761 2689 1950 2738 Repetitio
1979 2689 2141 2738 ejusdem
2181 2690 2268 2729 dieti
2300 2692 2395 2732 irato

1355 2741 1593 2778 conveniens.
1629 2741 1794 2778 Rmxus.
1841 2740 1927 2778 Imo
1949 2751 2031 2778 eam
2056 2769 2067 2786 ,
2104 2753 2217 2791 quam
2250 2742 2398 2781 battolo-

1349 2792 1448 2839 giam
1479 2798 1638 2836 vocant,
1666 2791 1871 2839 exprimere
1892 2791 2032 2836 voluit,
2059 2803 2130 2842 qua
2153 2792 2283 2830 eadem
2312 2794 2393 2832 sub-

1352 2841 1440 2879 inde
1469 2842 1645 2880 iterantur
1679 2842 1780 2879 inani
1817 2841 2041 2891 loquacitate
2062 2871 2072 2888 ‚
2108 2842 2207 2880 unde
2240 2845 2279 2881 &
2311 2857 2393 2884 ver-

1353 2891 1443 2930 burn
1468 2895 1709 2937 Βαττσλογεῖν
1724 2920 1734 2936 ,
1763 2892 1864 2941 cujus
1886 2894 1925 2930 ὃ(
1958 2893 2126 2931 Erasmus
2156 2894 2327 2934 meminit
2352 2897 2390 2934 in

1352 2944 1563 2992 proverbiis.
1609 2944 1790 2981 chvm..
1827 2943 1918 2982 Non
1948 2953 2051 2993 puto.
2080 2944 2140 2982 sed
2170 2944 2300 2982 eadem
2332 2947 2394 2985 liic

1354 2994 1489 3043 argutia
1519 2995 1676 3033 luxuriat
1710 2993 1868 3032 Ovidius
1890 3023 1901 3040 ,
1927 3007 2000 3044 qua
2023 2996 2060 3032 &
2082 2995 2141 3032 lib.
2161 3007 2215 3032 VI.
2240 2996 2324 3046 365.

1403 3046 1505 3094 {Quid
1525 3060 1578 3083 me
1598 3045 1687 3083 mihi
1707 3045 1889 3084 detrahis?
1917 3046 2043 3096 inquit.
2073 3045 2203 3083 Euam.

1403 3097 1486 3143 706.
1516 3102 1557 3134 In
1579 3097 1709 3134 durum
1721 3094 1864 3146 filicem.
1882 3095 1897 3146 ]
1928 3098 2042 3134 Hunc
2063 3097 2194 3134 Graeci
2214 3097 2395 3143 βάσκανον

1348 3156 1512 3191 vocant,
1540 3148 1673 3185 Plinius
1703 3148 1899 3187 coticulam.
1934 3147 2010 3185 Alii
2031 3147 2142 3184 etiam
2165 3149 2315 3197 Lydium
2336 3150 2390 3188 la-

1341 3198 1459 3248 pidem
1473 3226 1483 3242 ,
1510 3199 1550 3236 &
1572 3198 1774 3235 Heracleum
1789 3227 1799 3243 ,
1820 3197 1841 3235 a
1861 3198 1950 3236 loco
1964 3198 2045 3244 ,ubi
2063 3198 2238 3247 plurimus
2258 3203 2394 3249 reperi-

1348 3257 1418 3286 tur.
1459 3249 1514 3286 Ut
1534 3250 1574 3286 δε
1595 3248 1763 3287 Erasmus
1785 3249 1896 3287 docet
1918 3250 1954 3286 in
1976 3249 2177 3297 proverbiis
2198 3278 2209 3295 ‚
2236 3262 2299 3300 qui
2318 3252 2392 3301 ipse

1347 3311 1500 3350 quoque
1530 3300 1688 3341 eandem
1706 3312 1793 3341 cum
1816 3299 1935 3350 Regio
1956 3300 2173 3341 sententiam
2191 3309 2314 3348 tenet,
2328 3315 2391 3391 ἔ]-

2354 3362 2390 3399 ⁶².
