2483 3616
305 188 1544 264 META'MORPHOSE‘ON
1615 201 1807 260 Lrss.
1880 202 1962 261 III.

408 305 509 359 Lle
534 320 630 374 per
653 302 883 363 Aonias,
920 299 1060 355 fama
1086 299 1495 366 celeberrimu8‚
1531 302 1690 358 urbes

342 313 771 448 Ili-reprehensa
796 372 952 428 dabat
979 374 1182 445 populo
1207 373 1449 445 responsa
1472 377 1696 447 petenti.

197 396 302 450 340
334 451 377 505 P

2085 219 2184 258 201

380 466 512 503 rima
533 447 641 502 fide
668 447 921 520 vocisque
945 459 1088 500 ratae
1114 447 1404 500 tentamina
1429 447 1606 503 sumsit

338 521 562 575 Caerula
588 520 838 591 Liriope:
880 536 1040 591 quam
1065 519 1340 590 quondam
1364 519 1585 575 flumine
1610 537 1779 578 curvo

340 593 636 665 Implicuit;
678 593 985 663 clausaeque
1007 591 1108 645 suis
1134 589 1394 663 Cephisos
1417 593 1472 646 in
1500 593 1656 647 undis

335 664 470 722 Vim
495 666 631 719 tulit.
671 666 825 719 enixa
848 666 924 719 est
947 676 1104 718 utero
1127 663 1482 736 pulcherrima
1506 667 1668 738 pleno

193 756 295 808 345
333 739 595 794 Infantem
611 778 626 802 ‚
663 737 924 810 Nymphis
946 737 1054 809 jam
1079 752 1220 791 nunc
1242 735 1336 809 qui
1359 737 1527 808 posset
1552 740 1747 799 amari3

334 810 737 884 Narcissumque
761 822 936 864 vocat.
975 809 1043 863 de
1070 826 1180 881 quo
1206 809 1501 872 consultus,
1542 830 1608 866 an
1634 811 1764 867 esset

339 884 620 954 Tempora
642 895 876 938 maturae
900 880 1100 935 visurus
1124 882 1282 952 longa
1306 881 1569 938 senefftae:

334 956 609 1011 fatidicus
634 969 804 1018 vates,
842 954 896 1008 Si
921 953 973 1007 se
999 970 1109 1006 non
1131 954 1355 1013 viderit,
1393 956 1583 1027 inquit.

338 1028 492 1085 Vana
519 1029 612 1082 diu
637 1028 743 1082 visa
766 1026 840 1080 est
863 1043 974 1079 vox
996 1025 1222 1096 auguris.
1264 1027 1436 1081 exitus
1460 1029 1598 1083 illam
1615 1068 1631 1093 ‚

198 1121 300 1172 350
336 1102 557 1175 Resque
580 1101 799 1174 probat,
837 1098 1037 1171 letique
1061 1115 1257 1170 ἕξεως,
1294 1100 1614 1175 novitasque
1642 1100 1849 1158 furoris.

2038 1173 2184 1245 Jam-³

48 1293 305 1343 gentoratenfi,
318 1306 395 1332 uno
408 1292 686 1332 Moreti&uno
708 1289 864 1331 Heinsu'.
891 1290 993 1341 quod
1006 1288 1082 1339 epi·
1132 1286 1207 1328 libi.
1234 1287 1403 1329 nonnulli
1426 1319 1436 1336 ,
1476 1291 1649 1341 Cephiffias.
1686 1288 1850 1341 Cephiſjbs
1892 1289 2053 1328 scribitur
2084 1288 2183 1337 apud

47 1344 178 1382 theton
207 1357 292 1383 curn
326 1356 530 1382 commune
560 1345 731 1382 omnibus
763 1342 932 1381 formosis
958 1341 1082 1391 puellis

48 1393 91 1432 fit
117 1394 213 1443 (vid.
239 1395 398 1433 Broukh.
421 1394 467 1432 ad
480 1395 605 1433 Tibul.
627 1407 683 1434 1v.
710 1394 791 1444 19.)
820 1393 923 1442 saepe
942 1392 1083 1430 alterius

46 1445 173 1483 locum
196 1446 401 1495 occupavit.
428 1446 501 1484 vid.
523 1447 562 1483 ὃς
586 1458 641 1483 11.
662 1447 753 1484 Am.
777 1456 911 1482 xvui.
934 1456 992 1492 29.
1026 1443 1085 1479 Li-

46 1495 158 1544 riopen
178 1504 300 1534 autem
327 1497 472 1534 fontem
502 1504 688 1534 memorat
716 1495 844 1532 Vibius
865 1493 1051 1544 Sequester
1072 1521 1083 1538 ,

46 1545 109 1583 ubi
133 1546 309 1585 Narcissus
330 1547 365 1584 se
397 1547 595 1597 conspexit.
622 1556 663 1585 ut
687 1546 768 1584 Viri
791 1545 892 1583 docfti
914 1555 1083 1582 correxe-

46 1603 154 1638 runt,
181 1609 248 1645 pro
272 1604 414 1647 Lynope.
438 1608 601 1635 ceterum
626 1598 671 1635 de
693 1598 769 1646 ejus
790 1605 891 1645 patre
912 1608 990 1633 non
1011 1606 1083 1632 una

47 1645 233 1685 sententia.
260 1649 395 1686 Probus
416 1649 463 1686 ad
482 1649 610 1697 Virgil.
630 1648 757 1698 Eclog.
779 1655 798 1684 Ἰ
811 1660 840 1684 1..
872 1646 959 1684 dicit
978 1675 988 1691 ‚
1027 1651 1084 1682 A-

50 1698 255 1744 masanffii,
283 1699 343 1749 qui
359 1699 436 1746 fuit
458 1699 627 1736 Erechteis
650 1727 660 1743 ‚
698 1713 739 1736 ex
771 1697 883 1747 insula
913 1697 1046 1734 Euboea
1068 1725 1082 1741 ‚

42 1748 162 1796 filium
177 1777 187 1793 ,
214 1762 257 1789 &⁵
278 1751 521 1799 interemptum
552 1749 595 1786 ab
626 1754 765 1799 Europe.
788 1760 890 1797 ⁴quae
908 1747 1082 1796 genealo-

46 1799 104 1847 gia
147 1799 294 1837 obscura
325 1829 336 1845 ‚
374 1801 412 1837 ὅ(
454 1802 550 1838 forte
583 1809 773 1849 corrupta.;
808 1798 1082 1848 legendumque

48 1849 203 1886 Erechtei
217 1879 225 1894 ,
239 1858 279 1887 ut
291 1851 539 1889 Amaranthus
558 1851 616 1888 ille
637 1850 807 1889 Erechtei
837 1849 927 1887 filius
950 1850 1058 1887 fuerit
1071 1878 1081 1894 ‚

48 1901 215 1949 quamvis
246 1901 308 1938 tali
336 1902 491 1938 nomine
524 1901 619 1939 inter
649 1901 724 1950 ejus
756 1899 848 1939 filios
879 1912 994 1938 nemo
1026 1911 1082 1936 re-

47 1951 214 1999 periatur.
242 1951 326 1989 vide
348 1952 483 1989 Meurs.
501 1951 560 1989 lib.
588 1964 641 1989 11.
668 1952 714 1989 de
732 1952 827 2000 Reg.
856 1951 936 1988 Att.
968 1962 998 1987 e.
1025 1962 1081 1998 13.

48 2002 112 2048 qui
133 2001 181 2038 ibi
207 2014 362 2040 uxorem
387 2003 557 2040 Erechtei
589 2002 819 2040 Praxitheam
850 2002 1008 2050 Cephisii
1041 2001 1083 2038 fi-

47 2050 134 2089 liam
158 2051 259 2089 fuiffe
280 2052 412 2097 docet,
439 2055 486 2091 ita
509 2062 548 2090 ut
566 2053 667 2091 soror
688 2052 839 2090 Narcissi
861 2053 977 2090 fuerit.
1014 2064 1083 2089 un-

51 2101 98 2138 de
127 2103 200 2139 hoc
229 2104 324 2140 forte
356 2103 522 2141 confusio
559 2112 654 2141 nata.
694 2111 792 2140 certe
820 2103 906 2140 latet
939 2102 1084 2151 aliquid.

53 2162 140 2189 nam
162 2153 430 2191 Amaranthum
451 2154 551 2191 illum
586 2154 762 2203 nusquam
785 2153 938 2201 reperio.
969 2154 1085 2190 Scho-

50 2200 163 2238 liastes
193 2203 292 2240 Statii
312 2205 357 2242 ad
377 2205 496 2242 Achil.
530 2217 561 2242 1.
582 2217 665 2254 239.
694 2205 853 2252 Sperchii
883 2203 999 2240 filium
1032 2204 1086 2240 fa<-

55 2252 125 2294 cit;
153 2251 329 2291 sedidem
359 2267 454 2292 cum.
472 2254 596 2293 nostro
631 2254 790 2303 Cephisii
820 2253 935 2292 filium
969 2254 1087 2292 statuit

50 2300 205 2340 Poetam
229 2302 331 2340 suum
351 2305 488 2343 secutus
520 2305 565 2342 ad
583 2306 643 2343 lib.
664 2318 708 2344 VI
723 2318 751 2342 Ι,
773 2305 894 2343 Theb.
922 2317 1002 2353 340.
1025 2305 1086 2343 ubi

53 2353 128 2389 vid.
143 2353 339 2390 liarthium.
353 2354 553 2403 Thespium
568 2358 678 2394 etiam
702 2356 864 2405 plerique
882 2356 1034 2400 faciunt,
1047 2365 1087 2394 ut

50 2403 191 2440 Conon
226 2413 354 2441 narrat.
385 2417 493 2442 xxiv.
536 2406 600 2442 ubi
626 2415 747 2444 totam
780 2407 939 2444 fabulam
967 2407 1088 2444 habes,

51 2453 90 2490 ἓξ
114 2453 298 2492 Lucianus
319 2455 378 2492 lib.
406 2468 459 2492 11.
479 2456 606 2492 Verar.
631 2457 772 2493 Histor.
802 2457 865 2506 qui
899 2465 1026 2494 tamen
1048 2457 1087 2494 in

50 2503 274 2542 Charidemo
295 2506 388 2542 circa
413 2505 543 2550 finem,
565 2517 650 2542 eum
673 2506 1015 2544 Lacedaemonium
1036 2507 1088 2544 fa-

51 2553 122 2599 cit,
150 2554 215 2591 nisi
236 2555 337 2593 locus
357 2557 414 2593 ille
436 2555 712 2604 transpositione
729 2556 904 2594 sanandus
926 2556 967 2593 sit
981 2584 991 2601 ,
1013 2557 1089 2594 hoc

50 2604 183 2650 modo,
210 2599 485 2643 {avb’cf'amveov
507 2607 568 2642 τὸν
588 2606 881 2652 Λάκεὲκιμὸνιον,
902 2606 918 2647 ἦ
936 2607 1092 2650 Ναρκὶσ-

49 2668 105 2691 σον
134 2657 195 2692 τὸν
244 2658 360 2694 καλὸν
401 2658 532 2694 κάλλει
570 2660 723 2700 νικῶμεν.
773 2666 812 2694 ut
853 2656 1024 2694 Heinsius
1053 2658 1091 2695 in

49 2705 184 2744 schedis
227 2707 293 2745 suis
325 2715 528 2745 notaverat.
560 2719 636 2756 quo
668 2707 754 2744 loco
788 2709 884 2744 forte
916 2707 1088 2756 deceptus

50 2756 209 2795 Tzetzes
229 2758 267 2795 in
291 2758 444 2796 Chiliad.
467 2771 495 2795 1.
517 2757 586 2795 fab.
609 2759 695 2806 9.&
719 2757 813 2795 Chil.
836 2770 888 2794 xv.
909 2758 979 2795 fab.
1007 2770 1087 2805 119.

51 2806 245 2846 Laconem
288 2810 519 2846 Venatorem
560 2808 658 2845 facit.
696 2808 760 2856 qui
798 2808 868 2845 fab.
911 2820 956 2844 11.
989 2809 1086 2845 ret‘te

51 2856 306 2905 Hyacinthum
341 2860 534 2896 Laconem
557 2858 633 2895 effe
666 2858 763 2896 dicit.
794 2858 967 2895 Fabulam
990 2859 1085 2896 hanc

50 2918 198 2956 quoque
226 2909 335 2946 habes
364 2910 401 2946 in
423 2909 598 2957 excerptis
629 2909 835 2946 Rhetorum
868 2909 912 2945 ab
949 2909 1086 2947 Allatio

53 2955 154 2993 editis
165 2969 243 3006 pag.
264 2959 342 2996 168.
372 2960 410 2997 ὃς
433 2960 704 3007 Epigrammata
727 2959 772 2996 de
794 2972 840 2996 eo
859 2959 968 2996 habes
990 2960 1087 3008 apud

52 3005 190 3060 Auson.
211 3008 271 3054 96.
294 3011 332 3046 &
352 3010 423 3059 seq.
446 3010 534 3046 &in
549 3009 739 3046 Cataleffis
753 3010 841 3047 Pith.
854 3022 889 3057 p.
903 3010 960 3054 64.
973 3011 1010 3046 &
1024 3010 1084 3058 98.

51 3055 180 3109 quibus
201 3059 379 3104 quaedam
413 3059 551 3097 inedita
574 3072 618 3096 ex
638 3060 774 3097 schedis
798 3059 1004 3097 Heinfianis
1023 3061 1087 3097 ad-

46 3115 112 3190 fici
142 3105 282 3152 possent
306 3137 316 3154 ,
353 3109 377 3146 fi
402 3118 575 3148 notarum
606 3110 738 3148 harum
772 3110 863 3148 ratio
896 3110 933 3148 id
965 3111 1084 3148 ferret.

83 3167 131 3190 tm
141 3168 181 3191 M.
711 3185 714 3187 -

105 3215 188 3254 343.
216 3206 412 3261 Cephisus]
442 3210 596 3260 Ceplnffhs
617 3210 868 3260 castigatiores.
889 3212 1086 3260 quomodo

48 3255 92 3292 δε
113 3253 380 3310 τιμιάῪίὺιωῃ
410 3260 637 3309 Sequeslrum
654 3289 664 3305 ,
678 3262 716 3297 ὃ(
739 3262 956 3299 Priscianum
970 3263 1089 3300 Perie-

51 3304 136 3354 gefi.
164 3304 313 3393 (μῃὲὶῗιῃ
337 3306 471 3355 etiam,
498 3310 680 3361 Cephefts‚
707 3318 785 3349 tam
807 3311 891 3357 hic,
918 3323 1031 3362 quam
1054 3324 1092 3361 τις

99 3360 199 3396 Tom.
266 3382 274 3393 .

1137 1341 1281 1378 Festum
1305 1342 1494 1379 Avienum
1518 1343 1558 1384 ᾧ.
1585 1355 1666 1392 599.
1697 1342 1855 1379 similiter
1886 1341 2026 1378 variant
2049 1340 2183 1377 Graeci

1137 1392 1175 1429 in
1198 1393 1271 1429 hoc
1290 1392 1455 1430 nomine.
1490 1395 1669 1440 Κκφῑσσος
1700 1405 1831 1430 eorum
1864 1391 2076 1441 quibusdam
2118 1389 2186 1428 est.-

1140 1443 1315 1480 Homero
1338 1443 1435 1481 Iliad.
1461 1444 1503 1481 E.
1527 1445 1644 1491 Λὶμνῃ
1658 1441 2183 1490 κεκλιμένες1(κΦισσ-ἷέι.ςῑιο-

1141 1493 1258 1530 modo
1283 1495 1321 1531 ὃς
1356 1495 1472 1531 Rufus
1504 1495 1624 1532 Festus
1646 1524 1656 1541 ,
1693 1495 1787 1531 celeri
1821 1492 1989 1543 Cephiffus
2019 1491 2184 1528 volvitur

1140 1544 1247 1581 unda.
1275 1544 1432 1582 Pindaro
1456 1546 1616 1591 Καφὶσος
1648 1546 1750 1594 l'yth.
1785 1543 1860 1581 Od.
1904 1556 1956 1580 ιν.
1992 1551 2027 1580 at
2059 1541 2184 1579 eidem

1141 1595 1295 1643 Olymp.
1318 1595 1393 1633 Od.
1418 1608 1505 1632 X111.
1534 1597 1702 1643 Καφῆσιοι
1732 1595 1852 1632 ὕδατα
1889 1595 2034 1632 ΗΕιΝε.
2070 1592 2185 1640 Apud

1139 1646 1339 1683 Aelianum
1372 1658 1523 1695 quoque
1544 1647 1603 1684 lib.
1625 1660 1671 1684 11.
1694 1647 1782 1683 Var.
1807 1656 1866 1693 33.
1891 1649 1922 1680 K
1938 1645 2070 1688 ,φὶσ-σος
2092 1643 2182 1680 dici-

1137 1704 1205 1733 tur.
1232 1697 1292 1734 ubi
1323 1698 1443 1734 varios
1474 1698 1548 1734 hoc
1577 1697 1732 1735 nomine
1763 1695 1908 1732 Fluvios
1940 1693 2043 1732 fuisse
2075 1700 2183 1731 notat

1139 1746 1196 1785 Cl.
1222 1748 1440 1785 Perizonius.
1466 1747 1629 1797 Cephisbn
1649 1748 1741 1785 infra
1761 1745 2020 1789 lib.v111.388.
2045 1744 2181 1781 habent

1135 1797 1255 1845 scripti
1297 1799 1336 1834 ἃ
1377 1798 1478 1846 supra
1510 1798 1558 1835 vs.
1590 1811 1641 1848 19.
1685 1797 1783 1834 vada
1817 1795 1950 1846 Cephisi
1975 1795 2182 1833 habuimus.

1137 1847 1403 1886 BURMANNU&

1191 1911 1272 1948 344.
1302 1899 1611 1950 Enixaestutero.]
1642 1904 1697 1936 Ex
1710 1909 1803 1936 utero
1817 1896 2011 1949 mifitunus
2024 1894 2187 1934 Heinfii.

1190 1962 1272 1999 345.
1310 1952 1486 1997 Infantem
1535 1950 1742 2001 Nympha]
1785 1948 1956 1999 Nymphis
1991 1948 2070 1997 jam
2102 1957 2180 1983 tum

1139 2002 1198 2051 qui
1214 2000 1314 2049 pcrffit
1344 2002 1460 2037 amari
1481 2030 1490 2046 ‚
1531 2002 1761 2038 Florentinlis
1794 2001 1827 2038 S.
1865 1998 2006 2042 Marci,
2035 1998 2073 2034 &
2107 1996 2183 2033 duo

1139 2051 1312 2088 Medicei.
1341 2052 1442 2100 quod
1467 2053 1504 2089 ὃς
1525 2052 1560 2089 in
1582 2052 1648 2089 suis
1670 2052 1852 2089 Vivianus
1871 2051 2074 2088 invenerat.
2099 2058 2187 2096 pro-3

1139 2102 1195 2139 be.
1223 2103 1430 2140 Hfimsius.
1457 2103 1510 2139 lta
1533 2102 1615 2139 infr.
1644 2102 1726 2149 456.

1191 2158 1237 2189 Et
1251 2164 1426 2189 amarunt
1448 2168 1501 2189 me
1522 2167 1651 2203 quoque
1674 2151 1868 2202 Nymphae.

1140 2203 1324 2241 Ausonius
1343 2204 1447 2252 Epig.
1474 2216 1575 2241 xcvi.

1314 2255 1445 2292 Furitis
1459 2265 1610 2304 procaces
1630 2254 1783 2291 Naiadas

1314 2311 1446 2343 Amore
1458 2305 1565 2354 fizevo
1580 2334 1590 2349 ‚
1617 2318 1660 2345 <y
1678 2305 1776 2341 irrito
1790 2331 1801 2349 ,

1316 2356 1471 2406 Ephebus
1491 2356 1546 2403 iste
1566 2355 1625 2404 flos
1645 2356 1722 2393 erit.

1172 2418 1254 2455 345.
1272 2408 1365 2454 Jam
1387 2417 1469 2443 tnnc
1490 2407 1580 2457 apul]
1602 2407 1645 2443 In
1657 2403 1919 2454 Dominicqm‘
1950 2413 2033 2441 tunc
2052 2417 2184 2454 quoque

1148 2456 1241 2505 poffit
1251 2458 1379 2495 amari.
1402 2458 1516 2494 Cror.
1547 2456 1781 2504 Legendum.
1795 2467 1885 2492 vero
1900 2455 1979 2503 jam
1992 2468 2084 2491 nunc
2096 2467 2184 2493 cum

1145 2508 1403 2545 GronovianO.
1432 2508 1477 2544 de
1496 2519 1572 2555 quo
1585 2507 1656 2543 vid.
1671 2507 1857 2543 ad1.Met.
1883 2516 1963 2554 321.
1991 2506 2188 2553 Nymphas

1146 2569 1236 2594 vero
1250 2559 1287 2594 δε
1298 2559 1373 2602 hic,
1384 2556 1646 2594 utzhbidinosas
1657 2585 1666 2600 ‚
1693 2556 1892 2606 perstringit
1913 2555 2060 2605 oblique
2074 2555 2186 2594 Naso.

1146 2606 1220 2643 vid.
1241 2607 1286 2644 ad
1303 2607 1363 2644 lib.
1384 2620 1430 2644 11.
1451 2620 1533 2655 452.
1560 2607 1691 2644 BURM.

1200 2657 1282 2706 346.
1311 2657 1571 2708 Narciffumque
1593 2657 1734 2707 voerta]
1775 2658 1889 2694 Hunc
1920 2657 2034 2705 patria
2066 2655 2187 2694 Thes-

1146 2709 1180 2755 pi
1186 2720 1270 2745 eum
1294 2707 1396 2746 fuisse
1419 2708 1604 2745 Lucianus
1615 2709 1653 2745 in
1665 2707 1824 2745 secundo
1836 2707 2088 2749 vveridicarum
2103 2719 2186 2744 nar-

1142 2759 1328 2796 rationum
1350 2758 1506 2797 testatur.
1533 2758 1612 2795 sunt
1625 2767 1748 2796 autem
1763 2758 1945 2806 Thespiae
1967 2758 2005 2795 in
2029 2757 2185 2795 Boeotia

1142 2809 1321 2857 oppidum
1345 2839 1355 2855 ‚
1392 2817 1432 2847 ut
1461 2810 1662 2858 Stephanus
1682 2809 1809 2847 scribit.
1852 2811 2087 2846 Cmssraur.
2115 2810 2189 2855 ΡΑ·-μ

1143 2872 1286 2897 NENSIS.

1192 2911 1272 2958 348.
1301 2911 1336 2947 Si
1347 2911 1385 2959 se
1406 2925 1473 2947 non
1492 2910 1662 2960 noverit]
1693 2911 1825 2948 Viderit
1847 2910 1998 2958 Berneg.
2013 2907 2186 2946 Cantabr.'

1142 2960 1275 3010 aliique
1310 2962 1427 2998 multi.
1456 2962 1664 2999 Hfflssrus.
1700 2962 1827 2998 Multo
1860 2961 1998 2998 acutius
2023 2988 2032 3003 ‚
2069 2960 2107 2995 ὃς
2140 2970 2186 2996 ex

1142 3023 1248 3048 more
1271 3012 1506 3049 oraculorum
1523 3041 1533 3056 ‚
1560 3013 1692 3050 viderit
1712 3012 1803 3049 mihi
1826 3012 1988 3048 videtur:
2013 3021 2055 3045 ex
2077 3019 2122 3063 eo
2147 3020 2186 3044 e·-

1141 3062 1244 3106 nim,
1275 3062 1379 3111 quod
1397 3063 1431 3099 se
1461 3063 1594 3100 viderit
1611 3064 1649 3100 in
1679 3064 1784 3100 sonte
1806 3091 1815 3107 ,
1851 3072 1957 3098 amor
1986 3059 2043 3095 ille
2071 3058 2123 3113 sui
2146 3058 2186 3095 δε

1142 3113 1317 3160 pernicies
1338 3121 1435 3156 natm
1464 3126 1540 3151 non
1573 3113 1676 3162 quod
1705 3113 1740 3150 se
1770 3112 1925 3150 noverit.
1944 3107 1985 3163 ‘fi
2020 3119 2118 3144 enim
2151 3107 2188 3146 se

1143 3162 1325 3207 novisset,
1350 3164 1463 3201 salvus
1486 3162 1629 3209 fuisset,
1656 3163 1715 3200 sed
1737 3162 1884 3199 credens
1907 3158 2015 3213 alium
2040 3159 2188 3195 formo-

1143 3212 1221 3250 sum
1254 3226 1409 3262 puerum
1433 3214 1471 3250 in
1503 3214 1607 3251 fonte
1640 3215 1750 3250 latere
1784 3209 1981 3247 contabuit.
2017 3209 2066 3245 ita
2098 3209 2190 3257 Epi<

1142 3271 1348 3313 grammate
1366 3264 1404 3300 in
1426 3264 1540 3301 fatal.
1563 3264 1705 3301 Pithoei
1726 3273 1804 3309 pag.
1825 3261 1882 3306 64.

1197 3319 1234 3352 Se
1248 3323 1334 3363 puer
1354 3313 1410 3352 ille
1424 3315 1553 3401 cafficiet,
1574 3323 1712 3364 patrem
1735 3312 1820 3350 dam
1842 3309 1979 3361 quaerit
1999 3311 2037 3349 in
2058 3313 2188 3355 amureg

1478 3374 1497 3400 c
2111 3367 2194 3407 Pers,
