2483 3616
204 166 344 221 ‚074
707 132 1252 198 P.0V1D11

1326 134 1862 196 NASONIS

502 260 826 320 Liternum,
862 253 1195 324 multamque
1225 249 1437 304 trahens
1463 251 1556 306 sub
1586 255 1795 327 gurgite
1825 272 2043 311 arenam

359 352 456 405 715
495 334 795 392 Vulturnus
813 368 827 392 ,
864 326 1138 398 niveisque
1165 324 1414 397 frequens
1443 323 1675 378 Sinuessa
1701 329 1990 385 columbis:

499 408 922 474 Minturnaeque
951 416 1163 462 oraveS,
1202 396 1257 451 ἅτ
1286 415 1445 469 quam
1474 398 1754 452 tumulavit
1781 403 2048 467 alumnus,

508 477 946 549 Antiphataeque
975 473 1195 534 domUS,
1234 471 1583 542 Trachasque
1614 469 1808 526 obsessa
1833 476 2054 545 palude,

505 553 576 609 Et
604 551 755 604 tellus
780 547 1031 609 Circaea,
1069 547 1124 600 δε
1150 543 1288 616 spiffi
1315 543 1484 597 litoris
1511 543 1756 599 Antium.

498 625 633 680 Huc
660 622 750 677 ubi
777 621 1050 675 veliferam
1076 632 1267 673 nautae
1293 617 1578 671 advertere
1603 618 1867 682 carinam3

358 719 461 770 720
504 699 699 769 (Asper
726 696 869 750 enim
887 693 995 764 jam
1021 705 1217 764 pontus
1245 692 1382 758 erat)
1408 690 1557 745 Deus
1583 690 1813 762 explicat
1840 689 2024 746 orbes:

501 773 716 844 Perque
745 768 880 824 finus
905 766 1124 821 crebros
1152 765 1208 820 ὃς
1234 781 1426 837 magna
1453 763 1725 820 volumina
1748 763 1956 828 labenS,

209 989 378 1039 'quinque
411 986 484 1025 alii.
511 986 582 1023 Pro
614 983 780 1021 Linterno
809 983 922 1021 etiam
952 979 1179 1025 maluerim,
1206 980 1267 1018 Li-

212 1051 364 1079 ternum.
385 1050 472 1075 nam
498 1037 646 1074 Graecis
667 1035 713 1072 est
725 1034 922 1077 Λεὶτερυον.
950 1042 1060 1082 atque
1082 1033 1131 1071 ita
1153 1033 1190 1070 in
1203 1044 1269 1070 ve-

213 1092 368 1130 terrimo
391 1089 467 1126 Silii
489 1087 603 1125 Italici
629 1085 758 1124 codice
780 1086 941 1123 scribitur
961 1084 1052 1122 libro
1075 1096 1125 1121 v1.
1149 1084 1270 1121 &vm

214 1154 286 1182 nec
307 1140 434 1179 dubito
458 1139 547 1188 quin
569 1138 645 1186 pari
668 1136 787 1175 modo
810 1135 1172 1185 apudl'omponium
1186 1136 1271 1172 Me-

212 1193 288 1232 lam
302 1194 340 1230 δε
355 1192 580 1228 Ciceronem
598 1188 763 1237 Epistolis
775 1187 820 1225 ad
832 1187 1001 1225 Atticum
1014 1187 1145 1235 reponi
1158 1197 1273 1235 opor-

214 1251 302 1282 teat.
345 1242 435 1279 Hoc
464 1249 591 1279 tamen
607 1240 695 1278 loco
715 1239 841 1288 scripta
862 1238 1108 1287 exemplaria,
1135 1236 1275 1286 paucis-

216 1294 315 1332 simis
344 1294 531 1341 exceptis,
568 1291 788 1329 Linternum.
817 1290 963 1328 Heius.
993 1289 1142 1327 Cluver.
1160 1290 1274 1327 etiam

215 1344 296 1384 Ital.
316 1344 377 1383 lib.
398 1356 452 1382 1V.
475 1356 509 1381 2.
537 1342 768 1381 scribendum
789 1341 974 1378 Liternum
995 1340 1135 1379 docuit.

271 1407 356 1444 715.
387 1393 621 1444 Vulturnus.]
660 1393 848 1431 Volturnus
877 1392 990 1431 Palat.
1016 1392 1123 1442 prim.
1146 1391 1186 1430 &
1211 1390 1273 1430 sex

218 1447 295 1486 alii.

271 1510 356 1546 715.
385 1497 576 1548 Niveisque
597 1499 763 1546 frequens
789 1495 940 1545 Sinueffiz
967 1494 1136 1541 colubris,
1173 1494 1276 1532 Min—

218 1558 411 1597 turnaeque
436 1549 603 1599 graves.]
645 1545 820 1597 Sinueffa‚
850 1548 889 1585 &
922 1547 1157 1591 Minturnae,
1194 1547 1276 1584 fue-

217 1609 304 1639 runt
325 1601 585 1637 Romanorum
610 1599 781 1638 coloniae
795 1627 805 1643 ‚
832 1610 932 1636 anno
946 1598 990 1636 ab
1002 1599 1276 1636 V.C.CDLvl1.

217 1651 412 1689 deductae.
442 1652 571 1690 Livius
588 1650 648 1689 lib.
672 1665 708 1688 x,
737 1656 858 1699 Itaque
876 1649 1032 1698 placuit,
1060 1659 1101 1686 ut
1116 1649 1207 1686 duae
1225 1662 1277 1685 co·

219 1701 347 1747 Ioniae,
372 1702 620 1750 Vescinium&
639 1701 827 1739 Falernum
847 1714 988 1750 agrum,
1010 1700 1275 1744 deducerentur;

221 1766 296 1790 una
329 1753 375 1789 ad
403 1753 522 1798 ossium
557 1754 648 1791 Liris
662 1751 799 1803 fluvii,
827 1766 915 1801 quae
932 1752 1145 1790 Minturnae
1165 1752 1278 1801 atpel-

222 1802 340 1847 latae;
371 1804 483 1840 altera
502 1805 539 1841 in
555 1804 654 1852 saltu
676 1804 830 1852 Vescino,
856 1803 1044 1841 Falernum
1066 1803 1280 1853 contingente

223 1855 349 1903 agrum
366 1882 375 1898 ,
415 1854 473 1891 ubi
500 1862 625 1905 synope
656 1855 786 1892 dicitur
815 1859 947 1893 Graeca
979 1854 1060 1892 urbs
1071 1854 1198 1903 fuisse,
1226 1853 1280 1891 Si-

222 1906 337 1953 nueffa
359 1905 480 1941 deinde
500 1906 543 1941 ab
564 1907 686 1943 colonis
709 1906 875 1944 Romanis
895 1906 1079 1957 appellata.
1108 1907 1282 1944 Cxomu.

223 1956 352 2005 Nugas
382 1955 454 1993 effe
484 1956 529 1993 de
562 1956 779 1995 Sinuessanis
808 1958 909 1995 hisce
943 1957 1100 1996 colubris
1130 1959 1281 2006 opinor.

222 2007 433 2045 Neminem
471 2014 569 2043 certe
603 2019 649 2043 ex
678 2009 837 2056 antiquis
865 2009 1097 2056 scriptoribus
1128 2008 1280 2053 evolvi,

221 2058 287 2107 qui
312 2058 442 2094 harum
466 2056 700 2094 meminisset.
729 2057 774 2094 de
796 2058 932 2096 balneis
952 2058 1169 2097 Sinuessanis
1184 2060 1280 2096 mul-

223 2115 261 2146 ta
291 2107 388 2156 apud
411 2107 579 2145 auctores
598 2107 755 2144 mentio.
781 2107 906 2155 itaque
928 2109 1082 2146 dubium
1106 2121 1184 2146 non
1210 2109 1281 2153 est,

225 2157 402 2196 columbas
426 2158 558 2208 ¹niveas
587 2159 717 2196 harum
738 2157 827 2195 loco
848 2159 980 2205 reponi
999 2158 1145 2195 debere.
1172 2166 1285 2207 atque

224 2210 275 2248 ita
295 2210 403 2258 prim.
425 2209 572 2247 Bonon.
594 2210 632 2248 &
654 2221 747 2247 unus
761 2207 966 2246 Mediceus.
995 2213 1197 2257 Campanas
1208 2219 1287 2246 cer-

225 2268 266 2298 te
301 2259 477 2298 columbas
506 2261 644 2298 Plinius
671 2259 915 2298 commendat
939 2259 1033 2297 libro
1056 2271 1090 2297 x.
1120 2271 1199 2309 cap.
1229 2271 1289 2309 37.

224 2311 330 2357 Vide
351 2312 470 2350 Notas
487 2311 581 2350 libro
604 2323 656 2350 xv.
677 2311 732 2355 §ils
750 2311 810 2357 48.
837 2311 985 2348 Heras.

282 2364 368 2410 716.
396 2363 675 2413 Minturnaeque
698 2361 863 2411 ἕνα-οη]
905 2362 968 2400 Ob
988 2361 1139 2410 palustre
1155 2362 1288 2401 solum.

231 2414 510 2452 Minturnarum
539 2414 681 2464 paludes
708 2413 805 2463 apud
831 2413 1054 2461 Juvenalem
1088 2413 1160 2451 Sar.
1185 2427 1222 2452 x.
1248 2415 1289 2452 in

230 2465 288 2502 his
307 2466 495 2514 paludibus
508 2466 672 2504 Marium
695 2463 851 2511 latuisse,
873 2477 959 2503 cum
973 2464 1109 2503 Sullam
1129 2465 1288 2515 fugeret,

233 2515 396 2555 historici
419 2525 576 2555 narrant.
607 2516 724 2554 IDEM.

289 2568 376 2614 716.
405 2572 451 2604 Et
471 2582 581 2618 quam
602 2567 803 2606 tumulavit
821 2565 1031 2616 alumnus.]
1062 2567 1215 2617 Cajetae
1238 2567 1288 2606 est

236 2618 469 2671 periphrasis,
499 2631 611 2669 quarn
641 2631 661 2657 a
685 2620 814 2669 Cajeta
836 2618 982 2656 AEneae
1003 2620 1147 2657 nutrice
1171 2619 1291 2658 deno-

237 2667 278 2706 1³:
296 2677 418 2706 natam
440 2669 509 2708 effe
530 2671 641 2708 nostri
660 2671 813 2721 quidem
835 2669 996 2708 sentiunt
1016 2673 1166 2719 poetae.
1194 2672 1291 2720 Qui-

239 2717 326 2756 dam
349 2730 460 2763 vero,
497 2721 600 2770 quod
623 2722 661 2760 in
685 2722 791 2760 litore
811 2732 927 2759 curvo
949 2720 991 2759 fit
1010 2721 1126 2770 posita
1154 2719 1204 2759 fic
1228 2734 1292 2770 ap-

238 2768 413 2825 pellatam
430 2780 449 2805 a
472 2771 681 2810 Laconibus
705 2781 855 2821 putant:
885 2778 1012 2810 Curva
1024 2781 1150 2811 autem
1162 2774 1292 2812 omnia

241 2825 384 2868 cajetas
407 2819 576 2858 Lacones
597 2824 792 2860 vocabant.
819 2825 992 2862 Rectus.

296 2881 381 2915 717.
409 2869 695 2921 Antiphataeque
738 2873 895 2924 domus]
943 2875 1204 2914 Phormiarum
1246 2876 1296 2914 est

243 2919 470 2971 periphrasis.
498 2919 617 2958 IDEM.

296 2982 381 3018 717.
412 2969 667 3021 Trachasque]
700 2970 901 3010 Terracina
923 2976 1015 3012 milii
1038 2976 1229 3024 significari
1241 2977 1296 3013 vi-

243 3022 350 3060 detur
365 3051 374 3066 ‚
403 3033 497 3070 quae
517 3031 624 3060 antea
648 3020 847 3065 Trachina,
874 3022 912 3059 id
934 3023 982 3060 est
995 3025 1128 3073 aspera,
1151 3028 1221 3062 fuit
1233 3037 1297 3073 ap-

244 3072 391 3124 pellata.
418 3074 542 3122 lingua
570 3073 794 3111 Volscorum
812 3084 905 3111 vero
926 3077 1074 3112 Anxur.
1101 3075 1218 3113 IDEM.

303 3140 389 3186 718.
416 3146 463 3178 Et
489 3141 577 3191 [piffi
598 3141 707 3178 litoris
733 3140 902 3192 Ancon]
932 3141 992 3179 Sic
1012 3141 1163 3191 quidem
1191 3143 1230 3180 in
1254 3154 1298 3180 0-

246 3191 506 3241 mnibus,quae
520 3193 610 3231 mihi
622 3193 746 3230 videre
760 3193 1199 3243 contigit,exemplaribus
1209 3193 1299 3241 legi-

249 3250 329 3285 tur,
357 3242 416 3281 sed
445 3252 641 3293 corrupte,
675 3252 715 3282 ut
744 3245 836 3281 mihi
867 3243 1024 3282 videtur.
1051 3257 1172 3294 neque
1194 3247 1295 3283 enim

247 3301 310 3332 aut
339 3296 584 3346 geographiae
615 3296 734 3344 rati0,
761 3303 823 3335 aut
849 3294 995 3335 historia
1021 3296 1224 3336 istiusmodi
1244 3296 1298 3346 16-

2205 842 2377 900 Tem-

1324 979 1439 1019 &ioni
1461 979 1705 1030 adstipulatur:
1733 977 1873 1016 Ancon
1885 976 2067 1028 siquidem
2085 978 2166 1018 urbs
2177 980 2379 1029 estPiceni‚

1323 1044 1403 1071 non
1425 1033 1551 1077 Latii,
1578 1039 1689 1081 atque
1703 1058 1713 1075 ‚
1735 1030 1773 1068 in
1791 1042 1838 1068 eo
1860 1030 1977 1069 tractu
1996 1039 2137 1079 praeter
2155 1032 2257 1081 cujus
2277 1033 2384 1073 urbes

1325 1082 1591 1132 Aesculapium
1633 1080 1784 1120 vectum
1826 1080 1931 1120 fuisse
1969 1082 2088 1120 Po'e'ta
2123 1081 2254 1122 scribit.
2290 1085 2385 1124 mari

1325 1146 1490 1184 namque
1513 1133 1704 1172 Adriatico
1728 1132 1870 1182 adjacet
1890 1133 2041 1171 Ancon.
2069 1132 2307 1183 Aesculapius
2319 1147 2386 1174 ve-

1329 1198 1371 1224 ro
1393 1197 1459 1234 per
1479 1185 1722 1236 Tyrrhenum
1753 1184 1879 1222 vectus
1898 1185 2063 1222 Romam
2084 1183 2188 1222 fuisse
2210 1195 2388 1226 narratur.

1330 1237 1499 1276 Valerius
1517 1244 1704 1286 praeterea
1722 1236 1914 1274 Maximus
1931 1235 1993 1274 lib.
2011 1249 2041 1273 1.
2065 1247 2141 1284 cap.
2161 1236 2196 1274 6.
2224 1237 2280 1285 (ut
2296 1238 2388 1276 alios

1332 1290 1507 1327 omittam
1530 1288 1737 1333 historicos)
1757 1299 1836 1325 non
1858 1287 1954 1336 apud
1964 1287 2166 1325 Anconem
2181 1315 2191 1331 ‚
2217 1287 2278 1326 sed
2290 1288 2389 1336 apud

1333 1341 1494 1378 Antium
1516 1338 1536 1377 ὲ
1553 1340 1641 1377 navi
1658 1338 1921 1388 Aesculapium
1950 1337 2129 1387 egressum
2151 1335 2256 1376 fuisse
2282 1339 2390 1378 testa-

1327 1399 1387 1431 tur
1416 1392 1469 1430 his
1502 1391 1622 1429 verbis
1642 1403 1650 1428 :
1691 1396 1781 1427 Tum
1803 1389 1906 1438 legati
1921 1390 2061 1440 perinde
2080 1399 2187 1438 atque
2207 1398 2389 1439 exoptatae

1329 1444 1378 1481 rei
1410 1451 1572 1492 compotes
1594 1471 1603 1487 ‚
1639 1441 1771 1491 expleta
1796 1442 2000 1491 gratiarum
2033 1441 2189 1485 ab‘lione,
2226 1442 2389 1492 cultuque

1330 1494 1454 1544 anguis
1482 1493 1507 1532 a
1532 1493 1652 1544 peritis
1670 1502 1799 1542 accepto
1814 1521 1823 1537 ,
1852 1493 1936 1530 laeti
1954 1492 2035 1530 inde
2049 1492 2235 1541 solverunt
2255 1505 2296 1528 ac
2309 1502 2391 1542 pro-

1324 1547 1463 1597 speram
1484 1543 1609 1595 emenfi
1629 1544 1915 1594 navigationem,
1946 1544 2127 1593 postquam
2151 1542 2308 1580 Antium
2331 1552 2393 1594 ap-

1325 1597 1495 1648 pulerunt
1509 1625 1520 1643 ,
1547 1597 1670 1645 anguis
1684 1624 1695 1641 ,
1717 1596 1778 1645 qui
1798 1595 1924 1645 ubique
1941 1597 1980 1633 in
2001 1594 2142 1643 navigio
2153 1595 2368 1643 remanserat
2382 1621 2394 1640 ‚

1329 1648 1506 1699 prolapsus
1533 1648 1573 1686 in
1601 1647 1767 1695 vestibulo
1795 1647 1892 1685 aedis
1919 1645 2144 1696 Aesculapii,
2182 1655 2297 1694 myrto
2316 1647 2395 1693 fre·

1334 1700 1520 1749 quentibus
1550 1701 1660 1736 ramis
1681 1698 1824 1749 diffusae
1839 1698 2149 1748 supereminentem
2170 1696 2319 1745 excelsae
2337 1696 2394 1733 al-

1336 1751 1502 1789 titudinis
1517 1750 1678 1800 palmam
1702 1751 1918 1797 circumsedit
1931 1778 1943 1795 ,
1965 1758 2090 1800 perque
2110 1758 2177 1785 tres
2189 1747 2259 1785 dies
2263 1745 2398 1797 pofitis,

1335 1803 1460 1854 quibus
1479 1803 1569 1850 vesci
1583 1801 1737 1851 solebat,
1766 1814 1835 1838 non
1846 1800 1923 1850 sine
1935 1814 2059 1850 magno
2078 1809 2173 1837 metu
2191 1799 2396 1847 legatorum,

1338 1868 1380 1892 ne
1409 1855 1448 1892 in
1481 1855 1659 1892 triremem
1682 1852 1812 1891 reverti
1835 1852 1964 1898 nollet,
1993 1848 2173 1898 Antiensis
2196 1848 2314 1898 templi
2335 1849 2398 1885 ho-

1328 1906 1434 1956 spitio
1466 1906 1547 1954 usus
1568 1934 1577 1950 ‚
1617 1904 1696 1943 urbi
1714 1904 1753 1952 se
1784 1903 1912 1952 nostrae
1940 1901 2189 1941 advehendum
2221 1899 2397 1947 restituit,

1336 1968 1444 2008 atque
1474 1957 1513 1994 in
1542 1958 1654 2007 ripam
1679 1955 1817 2004 Tyberis
1837 1953 1961 2004 egreffls
1979 1952 2120 2007 legatis,
2157 1951 2195 1987 in
2214 1948 2397 1999 insulam',

1337 2008 1397 2046 ubi
1425 2008 1593 2058 templum
1620 2008 1648 2045 ei
1678 2008 1836 2044 dicatum
1855 2005 1921 2051 est‘,
1951 2012 2143 2046 tranavit,
2171 2001 2400 2052 adventuque

1328 2061 1394 2109 suo
1415 2059 1646 2108 tempestatem
1660 2085 1671 2102 ,
1700 2057 1755 2093 cui
1772 2054 1919 2092 remedio
1931 2051 2104 2102 quaefitus
2114 2062 2190 2089 erat
2204 2080 2213 2096 ,
2235 2052 2401 2102 dispulit,

1339 2123 1418 2158 quo
1437 2111 1547 2158 igitur
1565 2108 1685 2147 modo
1703 2106 1903 2156 legendum
1928 2106 2095 2142 dicemus
2119 2102 2134 2141 ?
2162 2102 2225 2140 An
2246 2104 2296 2142 ita
2314 2111 2400 2142 An-

1341 2161 1433 2198 tium
1469 2161 1518 2198 est
1549 2158 1776 2208 legendum,
1814 2163 1855 2194 ut
1882 2155 1973 2194 illud
2001 2155 2265 2203 virgilianum.
2293 2154 2354 2194 lib.
2371 2168 2402 2196 1.

1344 2212 1483 2258 Georg.
1515 2222 1601 2258 295.
1629 2214 1675 2245 Et
1707 2206 1818 2244 dulcis
1846 2206 1949 2254 musti
1970 2205 2121 2243 Vulcano
2150 2205 2307 2256 decoquit
2331 2207 2400 2244 hu-

1344 2274 1487 2298 morem.
1513 2260 1635 2299 versus
1668 2259 1716 2296 est
1747 2259 1848 2296 enim
1870 2257 2237 2308 hypercatalecticus.
2264 2257 2313 2295 est
2335 2270 2402 2297 au-

1343 2320 1422 2350 tem
1453 2313 1613 2350 Antium
1644 2310 1747 2348 Latii
1780 2310 1883 2355 urbs,
1917 2308 2016 2347 haud
2035 2308 2148 2356 longe
2170 2308 2214 2345 ab
2236 2308 2401 2347 Lavinio

1344 2363 1475 2401 distans
1498 2391 1508 2409 ,
1548 2362 1647 2400 unde
1679 2362 1849 2400 Antiates
1881 2361 2062 2399 dicuntur.
2091 2360 2262 2397 Rncxus.
2291 2361 2402 2399 Unus

1344 2414 1467 2452 Vatic.
1495 2419 1543 2451 Et
1560 2411 1674 2464 sparsi
1702 2411 1815 2450 litoris
1844 2417 1986 2450 Ancon.
2013 2411 2057 2449 In
2086 2411 2147 2448 lib.
2184 2410 2339 2449 Caelest.
2362 2412 2403 2449 &

1343 2464 1495 2504 Briantii
1515 2464 1642 2515 aperte
1659 2464 1805 2513 legitur.
1833 2468 1877 2501 Et
1894 2462 1984 2514 spiffi
1991 2462 2102 2499 litoris
2115 2466 2261 2499 Anxur.
2291 2463 2403 2511 Quae

1343 2516 1456 2555 lectio
1485 2515 1632 2555 fortasse
1663 2513 1780 2554 cauffa
1813 2515 1904 2560 erit,
1933 2526 1981 2552 ne
2003 2513 2159 2562 amplius
2178 2513 2282 2561 super
2303 2514 2403 2559 hoc,

1345 2567 1391 2606 de
1413 2580 1490 2618 quo
1503 2569 1644 2618 agitur,
1670 2567 1758 2605 loco
1770 2566 1998 2615 digladietur.
2028 2565 2187 2614 Regius,
2216 2573 2257 2613 ut
2269 2575 2402 2602 omnes

1339 2620 1419 2669 jam
1438 2620 1582 2665 sciunt,
1610 2617 1812 2657 rationibus
1831 2617 1910 2656 satis
1931 2616 2061 2662 firmis,
2081 2628 2127 2653 ex
2141 2621 2291 2660 Ancon,
2321 2619 2405 2651 An-

1345 2671 1438 2709 tium
1464 2672 1564 2709 fecit.
1593 2669 1664 2708 Sed
1683 2677 1888 2718 repugnant
1905 2668 2025 2717 scripti
2044 2665 2282 2709 omneslibri‚
2305 2677 2402 2714 quos

1346 2722 1420 2772 ipse
1450 2722 1539 2760 vidi.
1584 2722 1663 2760 Alii
1693 2720 1785 2758 vero
1813 2721 1935 2759 adhuc
1968 2727 2092 2757 Ancon
2110 2714 2308 2763 legendum
2331 2715 2404 2756 effe

1349 2773 1606 2818 contendunt,
1643 2780 1684 2810 ut
1715 2771 1764 2809 est
1795 2772 1831 2809 in
1863 2770 2034 2810 omnibus
2065 2766 2210 2804 calamo
2240 2769 2402 2813 notatis3

1349 2825 1494 2864 duobus
1523 2825 1614 2869 illis,
1649 2835 1744 2873 quos
1773 2822 1873 2865 dixi,
1903 2817 2054 2856 Caelest.
2083 2818 2121 2853 δέ
2154 2817 2304 2856 Briantii
2337 2831 2404 2857 ex-

1351 2877 1478 2925 ceptis.
1504 2881 1663 2918 Anxur,
1691 2869 2040 2911 utnotavitFestuS.
2068 2868 2283 2912 vocabatur,
2305 2882 2402 2918 quae

1351 2940 1452 2965 nunc
1475 2926 1668 2964 Tarracina
1695 2924 1852 2967 dicitur,
1887 2919 2044 2958 Volscae
2072 2920 2213 2967 gentis,
2240 2918 2330 2958 ficut
2353 2923 2404 2961 ait

1352 2978 1516 3016 Ennius:

1665 3037 1836 3085 'Volsculus
1851 3034 2003 3085 perdidit
2023 3038 2170 3072 Anxur.

1354 3092 1402 3129 Et
1424 3091 1554 3129 Livius
1584 3098 1752 3127 extremo
1779 3089 1838 3126 lib.
1861 3099 1913 3124 iv.
1941 3090 2077 3123 Anxur
2091 3086 2186 3131 fuit,
2215 3097 2287 3133 qua
2308 3097 2406 3122 nunc

1355 3143 1566 3179 Tarracinae
1585 3141 1675 3188 sum
1690 3168 1698 3183 ‚
1729 3139 1810 3176 urbs
1824 3149 1933 3189 prona
1952 3138 1991 3174 in
2007 3137 2159 3186 paludes.
2191 3137 2297 3174 Haec
2320 3137 2404 3174 urbs

1355 3195 1633 3231 celeberrimum
1664 3199 1815 3239 portum
1843 3201 1886 3227 ac
1911 3189 1989 3227 satis
2020 3199 2189 3236 capacem
2227 3187 2318 3225 olim
2340 3187 2406 3225 ha-

1354 3243 1443 3282 buit:
1465 3244 1567 3293 cujus
1588 3242 1708 3279 adhuc
1725 3241 1872 3290 vestigia
1896 3248 2101 3278 cernentur.
2131 3239 2253 3288 Hujus
2273 3239 2323 3276 rei
2347 3247 2404 3276 te-

1350 3296 1416 3336 stes
1438 3295 1558 3339 habeo
1579 3293 1733 3333 Brutum
1755 3291 2010 3332 Gottisredum
2024 3318 2036 3338 ,
2064 3290 2404 3378 R H1eronynssum

2338 3351 2405 3378 an.-
