<?xml version="1.0" encoding="UTF-8"?>
<!DOCTYPE html PUBLIC "-//W3C//DTD XHTML 1.0 Transitional//EN"
    "http://www.w3.org/TR/xhtml1/DTD/xhtml1-transitional.dtd">
<html xmlns="http://www.w3.org/1999/xhtml" xml:lang="en" lang="en">
 <head>
  <title>
</title>
<meta http-equiv="Content-Type" content="text/html;charset=utf-8" />
  <meta name='ocr-system' content='tesseract 3.04.00' />
  <meta name='ocr-capabilities' content='ocr_page ocr_carea ocr_par ocr_line ocrx_word'/>
</head>
<body>
  <div class='ocr_page' id='page_1' title='image "./publiiovidiinaso02ovid_0376.png"; bbox 0 0 2483 3616; ppageno 0'>
   <div class='ocr_carea' id='block_1_1' title="bbox 298 169 1952 239">
    <p class='ocr_par' dir='ltr' id='par_1_1' title="bbox 298 169 1952 239">
     <span class='ocr_line' id='line_1_1' title="bbox 298 169 1952 239; baseline 0.001 -15"><span class='ocrx_word' id='word_1_1' title='bbox 298 177 398 239; x_wconf 67' lang='lat'><strong>356</strong></span> <span class='ocrx_word' id='word_1_2' title='bbox 798 170 858 226; x_wconf 81' lang='lat' dir='ltr'><strong>P.</strong></span> <span class='ocrx_word' id='word_1_3' title='bbox 933 169 1347 229; x_wconf 64' lang='lat' dir='ltr'>OV‘ID&#39;II</span> <span class='ocrx_word' id='word_1_4' title='bbox 1419 169 1952 229; x_wconf 84' lang='lat' dir='ltr'>NASONIS</span> 
     </span>
    </p>
   </div>
   <div class='ocr_carea' id='block_1_2' title="bbox 442 284 2141 1227">
    <p class='ocr_par' dir='ltr' id='par_1_2' title="bbox 442 284 2141 1227">
     <span class='ocr_line' id='line_1_2' title="bbox 737 284 2000 357; baseline -0.001 -18"><span class='ocrx_word' id='word_1_5' title='bbox 737 286 787 340; x_wconf 89' lang='lat' dir='ltr'><strong>lc</strong></span> <span class='ocrx_word' id='word_1_6' title='bbox 817 300 995 340; x_wconf 89' lang='lat' dir='ltr'><strong>tamen</strong></span> <span class='ocrx_word' id='word_1_7' title='bbox 1022 286 1226 340; x_wconf 86' lang='lat' dir='ltr'><strong>indicio</strong></span> <span class='ocrx_word' id='word_1_8' title='bbox 1253 303 1488 357; x_wconf 89' lang='lat' dir='ltr'><strong>poenam</strong></span> <span class='ocrx_word' id='word_1_9' title='bbox 1513 286 1800 357; x_wconf 74' lang='lat' dir='ltr'><strong>linguaque</strong></span> <span class='ocrx_word' id='word_1_10' title='bbox 1825 284 2000 340; x_wconf 86' lang='lat' dir='ltr'><strong>videri</strong></span> 
     </span>
     <span class='ocr_line' id='line_1_3' title="bbox 737 357 2141 431; baseline 0.001 -18"><span class='ocrx_word' id='word_1_11' title='bbox 737 358 1124 413; x_wconf 70' lang='lat' dir='ltr'><strong>Commeruisse</strong></span> <span class='ocrx_word' id='word_1_12' title='bbox 1151 357 1338 431; x_wconf 90' lang='lat' dir='ltr'><strong>potest.</strong></span> <span class='ocrx_word' id='word_1_13' title='bbox 1378 358 1557 427; x_wconf 80' lang='lat' dir='ltr'><strong>vobiS,</strong></span> <span class='ocrx_word' id='word_1_14' title='bbox 1595 358 1954 419; x_wconf 76' lang='lat' dir='ltr'><strong>Achelo&#39;i‘de3‚</strong></span> <span class='ocrx_word' id='word_1_15' title='bbox 1994 358 2141 414; x_wconf 82' lang='lat' dir='ltr'><strong>unde</strong></span> 
     </span>
     <span class='ocr_line' id='line_1_4' title="bbox 586 431 2072 503; baseline -0.001 -16"><span class='ocrx_word' id='word_1_16' title='bbox 586 432 772 487; x_wconf 81' lang='lat' dir='ltr'>Pluma</span> <span class='ocrx_word' id='word_1_17' title='bbox 799 432 1070 503; x_wconf 80' lang='lat' dir='ltr'>pedesque</span> <span class='ocrx_word' id='word_1_18' title='bbox 1094 432 1298 494; x_wconf 81' lang='lat' dir='ltr'><strong>avium,</strong></span> <span class='ocrx_word' id='word_1_19' title='bbox 1338 449 1461 484; x_wconf 87' lang='lat' dir='ltr'><strong>cum</strong></span> <span class='ocrx_word' id='word_1_20' title='bbox 1487 431 1705 501; x_wconf 83' lang='lat' dir='ltr'><strong>virginis</strong></span> <span class='ocrx_word' id='word_1_21' title='bbox 1732 449 1821 483; x_wconf 88' lang='lat' dir='ltr'><strong>ora</strong></span> <span class='ocrx_word' id='word_1_22' title='bbox 1848 431 2072 501; x_wconf 83' lang='lat' dir='ltr'><strong>geratis?</strong></span> 
     </span>
     <span class='ocr_line' id='line_1_5' title="bbox 584 502 2011 577; baseline -0.002 -18"><span class='ocrx_word' id='word_1_23' title='bbox 584 508 676 559; x_wconf 88' lang='lat' dir='ltr'><strong>An</strong></span> <span class='ocrx_word' id='word_1_24' title='bbox 700 504 849 577; x_wconf 88' lang='lat' dir='ltr'><strong>quia,</strong></span> <span class='ocrx_word' id='word_1_25' title='bbox 889 522 1014 560; x_wconf 83' lang='lat' dir='ltr'><strong>cum</strong></span> <span class='ocrx_word' id='word_1_26' title='bbox 1036 504 1239 574; x_wconf 87' lang='lat' dir='ltr'><strong>legeret</strong></span> <span class='ocrx_word' id='word_1_27' title='bbox 1266 520 1459 558; x_wconf 85' lang='lat' dir='ltr'><strong>vernos</strong></span> <span class='ocrx_word' id='word_1_28' title='bbox 1484 502 1797 573; x_wconf 81' lang='lat' dir='ltr'><strong>Proserpina</strong></span> <span class='ocrx_word' id='word_1_29' title='bbox 1821 502 2011 568; x_wconf 78' lang='lat' dir='ltr'><strong>floreS‚</strong></span> 
     </span>
     <span class='ocr_line' id='line_1_6' title="bbox 442 573 1954 642; baseline -0.007 -5"><span class='ocrx_word' id='word_1_30' title='bbox 442 593 477 642; x_wconf 75' lang='lat'>5</span> <span class='ocrx_word' id='word_1_31' title='bbox 486 592 512 642; x_wconf 85' lang='lat'><em>5</em></span> <span class='ocrx_word' id='word_1_32' title='bbox 521 593 547 642; x_wconf 88' lang='lat'><em>5</em></span> <span class='ocrx_word' id='word_1_33' title='bbox 585 578 644 632; x_wconf 86' lang='lat' dir='ltr'><strong>In</strong></span> <span class='ocrx_word' id='word_1_34' title='bbox 678 577 941 631; x_wconf 86' lang='lat' dir='ltr'><strong>comitum</strong></span> <span class='ocrx_word' id='word_1_35' title='bbox 967 593 1194 629; x_wconf 89' lang='lat' dir='ltr'><strong>numero</strong></span> <span class='ocrx_word' id='word_1_36' title='bbox 1218 575 1447 638; x_wconf 83' lang='lat' dir='ltr'>mixtae,</span> <span class='ocrx_word' id='word_1_37' title='bbox 1482 573 1727 635; x_wconf 81' lang='lat' dir='ltr'><strong>Sirenes,</strong></span> <span class='ocrx_word' id='word_1_38' title='bbox 1766 575 1954 627; x_wconf 84' lang='lat' dir='ltr'><strong>eratis?</strong></span> 
     </span>
     <span class='ocr_line' id='line_1_7' title="bbox 588 645 1980 722; baseline -0.003 -19"><span class='ocrx_word' id='word_1_39' title='bbox 588 651 767 722; x_wconf 87' lang='lat' dir='ltr'><strong>Quam</strong></span> <span class='ocrx_word' id='word_1_40' title='bbox 792 648 1070 720; x_wconf 87' lang='lat' dir='ltr'>postquam</span> <span class='ocrx_word' id='word_1_41' title='bbox 1096 660 1216 701; x_wconf 91' lang='lat' dir='ltr'><strong>toto</strong></span> <span class='ocrx_word' id='word_1_42' title='bbox 1242 646 1428 701; x_wconf 84' lang='lat' dir='ltr'><strong>frustra</strong></span> <span class='ocrx_word' id='word_1_43' title='bbox 1451 645 1714 719; x_wconf 84' lang='lat' dir='ltr'><strong>quaesistis</strong></span> <span class='ocrx_word' id='word_1_44' title='bbox 1738 645 1795 699; x_wconf 91' lang='lat' dir='ltr'><strong>in</strong></span> <span class='ocrx_word' id='word_1_45' title='bbox 1820 646 1980 709; x_wconf 61' lang='lat' dir='ltr'><strong>orbe„;</strong></span> 
     </span>
     <span class='ocr_line' id='line_1_8' title="bbox 586 719 1944 791; baseline -0.003 -16"><span class='ocrx_word' id='word_1_46' title='bbox 586 723 840 776; x_wconf 85' lang='lat' dir='ltr'><strong>Protinus</strong></span> <span class='ocrx_word' id='word_1_47' title='bbox 864 734 922 773; x_wconf 89' lang='lat' dir='ltr'><strong>ut</strong></span> <span class='ocrx_word' id='word_1_48' title='bbox 948 719 1171 773; x_wconf 88' lang='lat' dir='ltr'><strong>vestram</strong></span> <span class='ocrx_word' id='word_1_49' title='bbox 1195 720 1448 773; x_wconf 81' lang='lat' dir='ltr'><strong>sentirent</strong></span> <span class='ocrx_word' id='word_1_50' title='bbox 1473 737 1706 791; x_wconf 85' lang='lat' dir='ltr'><strong>aequora</strong></span> <span class='ocrx_word' id='word_1_51' title='bbox 1729 736 1911 772; x_wconf 87' lang='lat' dir='ltr'><strong>curam</strong></span> <span class='ocrx_word' id='word_1_52' title='bbox 1929 757 1944 781; x_wconf 90' lang='lat'>‚</span> 
     </span>
     <span class='ocr_line' id='line_1_9' title="bbox 584 791 1797 863; baseline -0.003 -14"><span class='ocrx_word' id='word_1_53' title='bbox 584 794 739 849; x_wconf 80' lang='lat' dir='ltr'><strong>Posse</strong></span> <span class='ocrx_word' id='word_1_54' title='bbox 765 794 919 863; x_wconf 90' lang='lat' dir='ltr'><strong>super</strong></span> <span class='ocrx_word' id='word_1_55' title='bbox 942 791 1134 845; x_wconf 51' lang='lat' dir='ltr'><strong>fiucius</strong></span> <span class='ocrx_word' id='word_1_56' title='bbox 1160 793 1358 846; x_wconf 87' lang='lat' dir='ltr'><strong>alarum</strong></span> <span class='ocrx_word' id='word_1_57' title='bbox 1381 791 1797 845; x_wconf 73' lang='lat' dir='ltr'><strong>insistereiemis</strong></span> 
     </span>
     <span class='ocr_line' id='line_1_10' title="bbox 585 863 1926 937; baseline -0.003 -16"><span class='ocrx_word' id='word_1_58' title='bbox 585 864 844 937; x_wconf 84' lang='lat' dir='ltr'><strong>Optastis:</strong></span> <span class='ocrx_word' id='word_1_59' title='bbox 884 864 1346 937; x_wconf 85' lang='lat' dir='ltr'><strong>facilesqueDeos</strong></span> <span class='ocrx_word' id='word_1_60' title='bbox 1371 863 1617 919; x_wconf 87' lang='lat' dir='ltr'><strong>habuistis</strong></span> <span class='ocrx_word' id='word_1_61' title='bbox 1644 904 1657 925; x_wconf 92' lang='lat'>‚</span> <span class='ocrx_word' id='word_1_62' title='bbox 1699 863 1755 917; x_wconf 82' lang='lat'>&amp;</span> <span class='ocrx_word' id='word_1_63' title='bbox 1783 875 1926 919; x_wconf 84' lang='lat' dir='ltr'><strong>artus</strong></span> 
     </span>
     <span class='ocr_line' id='line_1_11' title="bbox 443 936 1767 1008; baseline 0.001 -19"><span class='ocrx_word' id='word_1_64' title='bbox 443 941 544 1004; x_wconf 81' lang='lat'><strong>560</strong></span> <span class='ocrx_word' id='word_1_65' title='bbox 582 937 802 992; x_wconf 71' lang='lat' dir='ltr'><strong>Vidistis</strong></span> <span class='ocrx_word' id='word_1_66' title='bbox 826 936 1023 990; x_wconf 75' lang='lat' dir='ltr'><strong>vestros</strong></span> <span class='ocrx_word' id='word_1_67' title='bbox 1047 937 1226 991; x_wconf 82' lang='lat' dir='ltr'>subitis</span> <span class='ocrx_word' id='word_1_68' title='bbox 1251 938 1538 991; x_wconf 81' lang='lat' dir='ltr'><strong>flavescere</strong></span> <span class='ocrx_word' id='word_1_69' title='bbox 1564 937 1767 1008; x_wconf 79' lang='lat' dir='ltr'><strong>pennis,</strong></span> 
     </span>
     <span class='ocr_line' id='line_1_12' title="bbox 582 1009 2024 1075; baseline 0.001 -11"><span class='ocrx_word' id='word_1_70' title='bbox 582 1012 667 1064; x_wconf 91' lang='lat' dir='ltr'><strong>Ne</strong></span> <span class='ocrx_word' id='word_1_71' title='bbox 692 1024 870 1063; x_wconf 90' lang='lat' dir='ltr'><strong>tamen</strong></span> <span class='ocrx_word' id='word_1_72' title='bbox 902 1009 987 1063; x_wconf 90' lang='lat' dir='ltr'><strong>ille</strong></span> <span class='ocrx_word' id='word_1_73' title='bbox 1011 1027 1204 1073; x_wconf 87' lang='lat' dir='ltr'><strong>canor,</strong></span> <span class='ocrx_word' id='word_1_74' title='bbox 1245 1010 1552 1064; x_wconf 77' lang='lat' dir='ltr'><strong>mulcendas</strong></span> <span class='ocrx_word' id='word_1_75' title='bbox 1580 1024 1729 1063; x_wconf 86' lang='lat' dir='ltr'><strong>natus</strong></span> <span class='ocrx_word' id='word_1_76' title='bbox 1757 1009 1822 1062; x_wconf 88' lang='lat' dir='ltr'><strong>ad</strong></span> <span class='ocrx_word' id='word_1_77' title='bbox 1847 1027 2024 1075; x_wconf 84' lang='lat' dir='ltr'><strong>aures.‚</strong></span> 
     </span>
     <span class='ocr_line' id='line_1_13' title="bbox 581 1081 1917 1154; baseline 0 -18"><span class='ocrx_word' id='word_1_78' title='bbox 581 1083 867 1154; x_wconf 77' lang='lat' dir='ltr'><strong>Tantaque</strong></span> <span class='ocrx_word' id='word_1_79' title='bbox 896 1081 994 1136; x_wconf 90' lang='lat' dir='ltr'><strong>dos</strong></span> <span class='ocrx_word' id='word_1_80' title='bbox 1019 1083 1124 1137; x_wconf 91' lang='lat' dir='ltr'><strong>oris</strong></span> <span class='ocrx_word' id='word_1_81' title='bbox 1148 1084 1359 1154; x_wconf 82' lang='lat' dir='ltr'><strong>linguae</strong></span> <span class='ocrx_word' id='word_1_82' title='bbox 1386 1082 1709 1154; x_wconf 83' lang='lat' dir='ltr'><strong>deperderet</strong></span> <span class='ocrx_word' id='word_1_83' title='bbox 1736 1083 1884 1136; x_wconf 89' lang='lat' dir='ltr'><strong>usum</strong></span> <span class='ocrx_word' id='word_1_84' title='bbox 1901 1123 1917 1146; x_wconf 90' lang='lat'>,</span> 
     </span>
     <span class='ocr_line' id='line_1_14' title="bbox 565 1155 1828 1227; baseline -0.002 -15"><span class='ocrx_word' id='word_1_85' title='bbox 565 1155 826 1227; x_wconf 58' lang='lat' dir='ltr'><strong>‘Virginei</strong></span> <span class='ocrx_word' id='word_1_86' title='bbox 853 1157 1056 1218; x_wconf 74' lang='lat' dir='ltr'><strong>vultUS,</strong></span> <span class='ocrx_word' id='word_1_87' title='bbox 1097 1155 1150 1210; x_wconf 71' lang='grc' dir='ltr'><strong>δε</strong></span> <span class='ocrx_word' id='word_1_88' title='bbox 1177 1174 1287 1213; x_wconf 77' lang='lat' dir='ltr'><strong>vox</strong></span> <span class='ocrx_word' id='word_1_89' title='bbox 1312 1157 1537 1212; x_wconf 86' lang='lat' dir='ltr'><strong>humana</strong></span> <span class='ocrx_word' id='word_1_90' title='bbox 1564 1155 1828 1211; x_wconf 76' lang='lat' dir='ltr'><strong>remansit.</strong></span> 
     </span>
    </p>
   </div>
   <div class='ocr_carea' id='block_1_3' title="bbox 261 1418 1331 3333">
    <p class='ocr_par' dir='ltr' id='par_1_3' title="bbox 266 1418 1331 3132">
     <span class='ocr_line' id='line_1_15' title="bbox 337 1418 1330 1471; baseline 0.002 -15"><span class='ocrx_word' id='word_1_91' title='bbox 337 1430 420 1467; x_wconf 72' lang='lat'><strong>551.</strong></span> <span class='ocrx_word' id='word_1_92' title='bbox 436 1418 511 1456; x_wconf 43' lang='lat' dir='ltr'><strong>*Hic</strong></span> <span class='ocrx_word' id='word_1_93' title='bbox 532 1429 651 1458; x_wconf 78' lang='lat' dir='ltr'><strong>tamen</strong></span> <span class='ocrx_word' id='word_1_94' title='bbox 671 1420 795 1459; x_wconf 73' lang='lat' dir='ltr'><strong>indicio</strong></span> <span class='ocrx_word' id='word_1_95' title='bbox 822 1431 967 1471; x_wconf 80' lang='lat' dir='ltr'><strong>poenam</strong></span> <span class='ocrx_word' id='word_1_96' title='bbox 986 1447 997 1464; x_wconf 85' lang='lat'>,</span> <span class='ocrx_word' id='word_1_97' title='bbox 1022 1419 1207 1471; x_wconf 70' lang='lat' dir='ltr'><strong>linguaque</strong></span> <span class='ocrx_word' id='word_1_98' title='bbox 1229 1421 1330 1458; x_wconf 63' lang='lat' dir='ltr'><strong>virie-</strong></span> 
     </span>
     <span class='ocr_line' id='line_1_16' title="bbox 283 1468 1330 1521; baseline 0.004 -16"><span class='ocrx_word' id='word_1_99' title='bbox 283 1468 355 1518; x_wconf 56' lang='grc' dir='ltr'><strong>τὶ]</strong></span> <span class='ocrx_word' id='word_1_100' title='bbox 395 1469 568 1508; x_wconf 82' lang='lat' dir='ltr'><strong>Fabulam</strong></span> <span class='ocrx_word' id='word_1_101' title='bbox 602 1472 744 1509; x_wconf 79' lang='lat' dir='ltr'><strong>fabulae</strong></span> <span class='ocrx_word' id='word_1_102' title='bbox 773 1472 837 1521; x_wconf 86' lang='lat' dir='ltr'><strong>(ut</strong></span> <span class='ocrx_word' id='word_1_103' title='bbox 860 1471 974 1516; x_wconf 75' lang='lat' dir='ltr'><strong>solet)</strong></span> <span class='ocrx_word' id='word_1_104' title='bbox 1005 1472 1188 1520; x_wconf 70' lang='lat' dir='ltr'><strong>eleganter</strong></span> <span class='ocrx_word' id='word_1_105' title='bbox 1216 1485 1330 1509; x_wconf 88' lang='lat' dir='ltr'><strong>anne-</strong></span> 
     </span>
     <span class='ocr_line' id='line_1_17' title="bbox 285 1519 1331 1567; baseline 0.004 -12"><span class='ocrx_word' id='word_1_106' title='bbox 285 1519 348 1556; x_wconf 64' lang='lat' dir='ltr'><strong>&amp;it</strong></span> <span class='ocrx_word' id='word_1_107' title='bbox 369 1525 490 1567; x_wconf 74' lang='lat' dir='ltr'><strong>poeta.</strong></span> <span class='ocrx_word' id='word_1_108' title='bbox 520 1523 619 1559; x_wconf 84' lang='lat' dir='ltr'><strong>Nam</strong></span> <span class='ocrx_word' id='word_1_109' title='bbox 644 1523 784 1560; x_wconf 86' lang='lat' dir='ltr'><strong>Sirenes</strong></span> <span class='ocrx_word' id='word_1_110' title='bbox 804 1532 875 1560; x_wconf 86' lang='lat' dir='ltr'><strong>tres</strong></span> <span class='ocrx_word' id='word_1_111' title='bbox 896 1519 999 1560; x_wconf 84' lang='lat' dir='ltr'><strong>fuiffe</strong></span> <span class='ocrx_word' id='word_1_112' title='bbox 1021 1523 1192 1560; x_wconf 89' lang='lat' dir='ltr'><strong>dicuntur</strong></span> <span class='ocrx_word' id='word_1_113' title='bbox 1206 1523 1331 1560; x_wconf 85' lang='lat' dir='ltr'><strong>Ache-</strong></span> 
     </span>
     <span class='ocr_line' id='line_1_18' title="bbox 280 1568 1327 1622; baseline 0.005 -17"><span class='ocrx_word' id='word_1_114' title='bbox 280 1568 334 1606; x_wconf 85' lang='lat' dir='ltr'><strong>loi</strong></span> <span class='ocrx_word' id='word_1_115' title='bbox 358 1570 455 1608; x_wconf 77' lang='lat' dir='ltr'><strong>fluvii</strong></span> <span class='ocrx_word' id='word_1_116' title='bbox 477 1573 513 1609; x_wconf 67' lang='grc' dir='ltr'><strong>δε</strong></span> <span class='ocrx_word' id='word_1_117' title='bbox 539 1573 720 1621; x_wconf 84' lang='lat' dir='ltr'><strong>Calliopes</strong></span> <span class='ocrx_word' id='word_1_118' title='bbox 743 1573 865 1611; x_wconf 89' lang='lat' dir='ltr'><strong>musae</strong></span> <span class='ocrx_word' id='word_1_119' title='bbox 883 1570 1000 1618; x_wconf 89' lang='lat' dir='ltr'><strong>filiae,</strong></span> <span class='ocrx_word' id='word_1_120' title='bbox 1028 1585 1070 1611; x_wconf 86' lang='lat' dir='ltr'><strong>ac</strong></span> <span class='ocrx_word' id='word_1_121' title='bbox 1093 1573 1327 1622; x_wconf 80' lang='lat' dir='ltr'><strong>Proserpinae</strong></span> 
     </span>
     <span class='ocr_line' id='line_1_19' title="bbox 284 1622 1324 1673; baseline 0.006 -18"><span class='ocrx_word' id='word_1_122' title='bbox 284 1622 439 1659; x_wconf 89' lang='lat' dir='ltr'><strong>comites</strong></span> <span class='ocrx_word' id='word_1_123' title='bbox 468 1622 690 1661; x_wconf 78' lang='lat' dir='ltr'><strong>fidissimae:</strong></span> <span class='ocrx_word' id='word_1_124' title='bbox 729 1636 843 1673; x_wconf 85' lang='lat' dir='ltr'><strong>quam</strong></span> <span class='ocrx_word' id='word_1_125' title='bbox 874 1623 1024 1673; x_wconf 83' lang='lat' dir='ltr'><strong>quidem</strong></span> <span class='ocrx_word' id='word_1_126' title='bbox 1059 1635 1144 1660; x_wconf 89' lang='lat' dir='ltr'><strong>cum</strong></span> <span class='ocrx_word' id='word_1_127' title='bbox 1170 1625 1208 1660; x_wconf 85' lang='lat'>&amp;</span> <span class='ocrx_word' id='word_1_128' title='bbox 1229 1625 1324 1673; x_wconf 80' lang='lat' dir='ltr'><strong>ipsae</strong></span> 
     </span>
     <span class='ocr_line' id='line_1_20' title="bbox 281 1672 1323 1724; baseline 0.006 -18"><span class='ocrx_word' id='word_1_129' title='bbox 281 1680 347 1717; x_wconf 88' lang='lat' dir='ltr'><strong>per</strong></span> <span class='ocrx_word' id='word_1_130' title='bbox 375 1680 498 1709; x_wconf 91' lang='lat' dir='ltr'><strong>totum</strong></span> <span class='ocrx_word' id='word_1_131' title='bbox 533 1675 660 1711; x_wconf 88' lang='lat' dir='ltr'><strong>orbem</strong></span> <span class='ocrx_word' id='word_1_132' title='bbox 691 1683 867 1712; x_wconf 88' lang='lat' dir='ltr'><strong>terrarum</strong></span> <span class='ocrx_word' id='word_1_133' title='bbox 901 1672 1141 1724; x_wconf 81' lang='lat' dir='ltr'><strong>quaefifsent,</strong></span> <span class='ocrx_word' id='word_1_134' title='bbox 1168 1686 1238 1711; x_wconf 86' lang='lat' dir='ltr'><strong>nec</strong></span> <span class='ocrx_word' id='word_1_135' title='bbox 1267 1675 1323 1712; x_wconf 85' lang='lat' dir='ltr'><strong>us-</strong></span> 
     </span>
     <span class='ocr_line' id='line_1_21' title="bbox 269 1724 1322 1774; baseline 0.006 -18"><span class='ocrx_word' id='word_1_136' title='bbox 269 1730 394 1768; x_wconf 85' lang='lat' dir='ltr'><strong>-quam</strong></span> <span class='ocrx_word' id='word_1_137' title='bbox 430 1724 465 1760; x_wconf 90' lang='lat' dir='ltr'><strong>in</strong></span> <span class='ocrx_word' id='word_1_138' title='bbox 499 1725 597 1761; x_wconf 83' lang='lat' dir='ltr'><strong>terris</strong></span> <span class='ocrx_word' id='word_1_139' title='bbox 629 1737 712 1762; x_wconf 85' lang='lat' dir='ltr'><strong>eam</strong></span> <span class='ocrx_word' id='word_1_140' title='bbox 744 1725 1093 1774; x_wconf 43' lang='lat' dir='ltr'><strong>reperirentsDeos</strong></span> <span class='ocrx_word' id='word_1_141' title='bbox 1124 1734 1322 1773; x_wconf 81' lang='lat' dir='ltr'><strong>rogarunt,</strong></span> 
     </span>
     <span class='ocr_line' id='line_1_22' title="bbox 283 1771 1322 1826; baseline 0.007 -20"><span class='ocrx_word' id='word_1_142' title='bbox 283 1778 323 1806; x_wconf 89' lang='lat' dir='ltr'><strong>ut</strong></span> <span class='ocrx_word' id='word_1_143' title='bbox 347 1771 458 1826; x_wconf 77' lang='lat' dir='ltr'><strong>alatae</strong></span> <span class='ocrx_word' id='word_1_144' title='bbox 481 1774 733 1819; x_wconf 83' lang='lat' dir='ltr'><strong>efficerentur,</strong></span> <span class='ocrx_word' id='word_1_145' title='bbox 770 1787 848 1825; x_wconf 89' lang='lat' dir='ltr'><strong>quo</strong></span> <span class='ocrx_word' id='word_1_146' title='bbox 883 1775 1121 1812; x_wconf 82' lang='lat' dir='ltr'><strong>commodius</strong></span> <span class='ocrx_word' id='word_1_147' title='bbox 1146 1776 1258 1812; x_wconf 91' lang='lat' dir='ltr'><strong>etiam</strong></span> <span class='ocrx_word' id='word_1_148' title='bbox 1283 1776 1322 1813; x_wconf 83' lang='lat' dir='ltr'><strong>in</strong></span> 
     </span>
     <span class='ocr_line' id='line_1_23' title="bbox 281 1823 1321 1874; baseline 0.007 -17"><span class='ocrx_word' id='word_1_149' title='bbox 281 1830 383 1869; x_wconf 80' lang='lat' dir='ltr'><strong>aquis</strong></span> <span class='ocrx_word' id='word_1_150' title='bbox 406 1823 651 1872; x_wconf 79' lang='lat' dir='ltr'><strong>Proserpinam</strong></span> <span class='ocrx_word' id='word_1_151' title='bbox 674 1826 857 1874; x_wconf 85' lang='lat' dir='ltr'><strong>inquirere</strong></span> <span class='ocrx_word' id='word_1_152' title='bbox 878 1824 1031 1873; x_wconf 78' lang='lat' dir='ltr'><strong>possent.</strong></span> <span class='ocrx_word' id='word_1_153' title='bbox 1069 1827 1196 1874; x_wconf 82' lang='lat' dir='ltr'><strong>Quare</strong></span> <span class='ocrx_word' id='word_1_154' title='bbox 1218 1826 1267 1864; x_wconf 90' lang='lat' dir='ltr'><strong>ita</strong></span> <span class='ocrx_word' id='word_1_155' title='bbox 1284 1827 1321 1864; x_wconf 89' lang='lat' dir='ltr'><strong>in</strong></span> 
     </span>
     <span class='ocr_line' id='line_1_24' title="bbox 269 1873 1323 1925; baseline 0.007 -18"><span class='ocrx_word' id='word_1_156' title='bbox 269 1882 367 1909; x_wconf 61' lang='lat' dir='ltr'><strong>„aves</strong></span> <span class='ocrx_word' id='word_1_157' title='bbox 397 1873 499 1910; x_wconf 88' lang='lat' dir='ltr'><strong>fuere</strong></span> <span class='ocrx_word' id='word_1_158' title='bbox 532 1875 752 1919; x_wconf 87' lang='lat' dir='ltr'><strong>conversae,</strong></span> <span class='ocrx_word' id='word_1_159' title='bbox 780 1883 819 1912; x_wconf 88' lang='lat' dir='ltr'><strong>ut</strong></span> <span class='ocrx_word' id='word_1_160' title='bbox 850 1876 960 1913; x_wconf 87' lang='lat' dir='ltr'><strong>facies</strong></span> <span class='ocrx_word' id='word_1_161' title='bbox 990 1884 1116 1913; x_wconf 88' lang='lat' dir='ltr'><strong>tamen</strong></span> <span class='ocrx_word' id='word_1_162' title='bbox 1137 1877 1323 1925; x_wconf 85' lang='lat' dir='ltr'><strong>virginea,</strong></span> 
     </span>
     <span class='ocr_line' id='line_1_25' title="bbox 278 1924 1319 1975; baseline 0.009 -18"><span class='ocrx_word' id='word_1_163' title='bbox 278 1933 432 1971; x_wconf 81' lang='lat' dir='ltr'><strong>voxque</strong></span> <span class='ocrx_word' id='word_1_164' title='bbox 454 1924 614 1962; x_wconf 79' lang='lat' dir='ltr'><strong>humana</strong></span> <span class='ocrx_word' id='word_1_165' title='bbox 637 1925 701 1962; x_wconf 86' lang='lat' dir='ltr'><strong>illis</strong></span> <span class='ocrx_word' id='word_1_166' title='bbox 723 1935 939 1964; x_wconf 79' lang='lat' dir='ltr'><strong>remaneret.</strong></span> <span class='ocrx_word' id='word_1_167' title='bbox 972 1927 1054 1963; x_wconf 86' lang='lat' dir='ltr'><strong>Hae</strong></span> <span class='ocrx_word' id='word_1_168' title='bbox 1068 1928 1173 1975; x_wconf 76' lang='lat' dir='ltr'><strong>Juxta</strong></span> <span class='ocrx_word' id='word_1_169' title='bbox 1183 1929 1319 1966; x_wconf 85' lang='lat' dir='ltr'><strong>fretum</strong></span> 
     </span>
     <span class='ocr_line' id='line_1_26' title="bbox 280 1971 1322 2016; baseline 0.008 -8"><span class='ocrx_word' id='word_1_170' title='bbox 280 1971 444 2010; x_wconf 87' lang='lat' dir='ltr'><strong>Siculum</strong></span> <span class='ocrx_word' id='word_1_171' title='bbox 475 1975 603 2012; x_wconf 81' lang='lat' dir='ltr'><strong>insulas</strong></span> <span class='ocrx_word' id='word_1_172' title='bbox 636 1976 814 2014; x_wconf 82' lang='lat' dir='ltr'><strong>Sirenusas</strong></span> <span class='ocrx_word' id='word_1_173' title='bbox 845 1977 1048 2014; x_wconf 85' lang='lat' dir='ltr'><strong>habitantes</strong></span> <span class='ocrx_word' id='word_1_174' title='bbox 1067 1986 1143 2015; x_wconf 87' lang='lat' dir='ltr'><strong>tam</strong></span> <span class='ocrx_word' id='word_1_175' title='bbox 1165 1977 1322 2016; x_wconf 78' lang='lat' dir='ltr'><strong>suaviter</strong></span> 
     </span>
     <span class='ocr_line' id='line_1_27' title="bbox 279 2023 1320 2073; baseline 0.007 -14"><span class='ocrx_word' id='word_1_176' title='bbox 279 2023 483 2069; x_wconf 86' lang='lat' dir='ltr'><strong>canebant,</strong></span> <span class='ocrx_word' id='word_1_177' title='bbox 512 2032 552 2062; x_wconf 83' lang='lat' dir='ltr'><strong>ut</strong></span> <span class='ocrx_word' id='word_1_178' title='bbox 584 2034 710 2063; x_wconf 82' lang='lat' dir='ltr'><strong>nautas</strong></span> <span class='ocrx_word' id='word_1_179' title='bbox 739 2027 818 2064; x_wconf 70' lang='lat' dir='ltr'><strong>illac</strong></span> <span class='ocrx_word' id='word_1_180' title='bbox 849 2028 1070 2065; x_wconf 84' lang='lat' dir='ltr'><strong>transeuntes</strong></span> <span class='ocrx_word' id='word_1_181' title='bbox 1089 2056 1099 2073; x_wconf 92' lang='lat'><strong><em>‚</em></strong></span> <span class='ocrx_word' id='word_1_182' title='bbox 1128 2038 1190 2066; x_wconf 91' lang='lat' dir='ltr'><strong>aut</strong></span> <span class='ocrx_word' id='word_1_183' title='bbox 1219 2029 1263 2066; x_wconf 86' lang='lat' dir='ltr'><strong>ad</strong></span> <span class='ocrx_word' id='word_1_184' title='bbox 1285 2030 1320 2067; x_wconf 89' lang='lat' dir='ltr'><strong>se</strong></span> 
     </span>
     <span class='ocr_line' id='line_1_28' title="bbox 279 2073 1321 2127; baseline 0.008 -18"><span class='ocrx_word' id='word_1_185' title='bbox 279 2073 492 2120; x_wconf 78' lang='lat' dir='ltr'><strong>pellicerent</strong></span> <span class='ocrx_word' id='word_1_186' title='bbox 511 2104 524 2119; x_wconf 88' lang='lat'>‚</span> <span class='ocrx_word' id='word_1_187' title='bbox 563 2084 623 2113; x_wconf 88' lang='lat' dir='ltr'><strong>aut</strong></span> <span class='ocrx_word' id='word_1_188' title='bbox 646 2077 781 2125; x_wconf 79' lang='lat' dir='ltr'><strong>sopitos</strong></span> <span class='ocrx_word' id='word_1_189' title='bbox 801 2077 995 2126; x_wconf 85' lang='lat' dir='ltr'><strong>spoliarent</strong></span> <span class='ocrx_word' id='word_1_190' title='bbox 1026 2086 1136 2127; x_wconf 85' lang='lat' dir='ltr'><strong>atque</strong></span> <span class='ocrx_word' id='word_1_191' title='bbox 1157 2079 1321 2117; x_wconf 87' lang='lat' dir='ltr'><strong>submer-</strong></span> 
     </span>
     <span class='ocr_line' id='line_1_29' title="bbox 277 2126 1319 2176; baseline 0.009 -17"><span class='ocrx_word' id='word_1_192' title='bbox 277 2132 417 2171; x_wconf 83' lang='lat' dir='ltr'><strong>gerent.</strong></span> <span class='ocrx_word' id='word_1_193' title='bbox 471 2127 597 2174; x_wconf 88' lang='lat' dir='ltr'><strong>Quare</strong></span> <span class='ocrx_word' id='word_1_194' title='bbox 617 2126 761 2176; x_wconf 79' lang='lat' dir='ltr'><strong>Ulyffes</strong></span> <span class='ocrx_word' id='word_1_195' title='bbox 782 2128 863 2167; x_wconf 82' lang='lat' dir='ltr'><strong>illac</strong></span> <span class='ocrx_word' id='word_1_196' title='bbox 885 2128 1118 2173; x_wconf 84' lang='lat' dir='ltr'><strong>transiturus,</strong></span> <span class='ocrx_word' id='word_1_197' title='bbox 1147 2129 1319 2168; x_wconf 87' lang='lat' dir='ltr'><strong>admoni-</strong></span> 
     </span>
     <span class='ocr_line' id='line_1_30' title="bbox 277 2173 1318 2225; baseline 0.011 -17"><span class='ocrx_word' id='word_1_198' title='bbox 277 2180 333 2210; x_wconf 88' lang='lat' dir='ltr'><strong>tus</strong></span> <span class='ocrx_word' id='word_1_199' title='bbox 358 2173 377 2211; x_wconf 72' lang='lat' dir='ltr'><strong>a</strong></span> <span class='ocrx_word' id='word_1_200' title='bbox 402 2176 509 2213; x_wconf 87' lang='lat' dir='ltr'><strong>Circe</strong></span> <span class='ocrx_word' id='word_1_201' title='bbox 523 2205 532 2221; x_wconf 88' lang='lat'>,</span> <span class='ocrx_word' id='word_1_202' title='bbox 560 2178 598 2213; x_wconf 71' lang='grc' dir='ltr'><strong>δε</strong></span> <span class='ocrx_word' id='word_1_203' title='bbox 617 2177 800 2216; x_wconf 84' lang='lat' dir='ltr'><strong>sociorum</strong></span> <span class='ocrx_word' id='word_1_204' title='bbox 825 2191 927 2216; x_wconf 83' lang='lat' dir='ltr'><strong>aures</strong></span> <span class='ocrx_word' id='word_1_205' title='bbox 949 2191 1031 2216; x_wconf 84' lang='lat' dir='ltr'><strong>cera</strong></span> <span class='ocrx_word' id='word_1_206' title='bbox 1053 2180 1261 2225; x_wconf 82' lang='lat' dir='ltr'><strong>obturavit,</strong></span> <span class='ocrx_word' id='word_1_207' title='bbox 1279 2183 1318 2219; x_wconf 68' lang='grc' dir='ltr'><strong>ὃς</strong></span> 
     </span>
     <span class='ocr_line' id='line_1_31' title="bbox 274 2223 1320 2278; baseline 0.008 -18"><span class='ocrx_word' id='word_1_208' title='bbox 274 2223 312 2260; x_wconf 82' lang='lat' dir='ltr'><strong>se</strong></span> <span class='ocrx_word' id='word_1_209' title='bbox 326 2224 370 2262; x_wconf 90' lang='lat' dir='ltr'><strong>ad</strong></span> <span class='ocrx_word' id='word_1_210' title='bbox 393 2227 548 2264; x_wconf 86' lang='lat' dir='ltr'><strong>triremis</strong></span> <span class='ocrx_word' id='word_1_211' title='bbox 571 2229 710 2265; x_wconf 83' lang='lat' dir='ltr'><strong>malum</strong></span> <span class='ocrx_word' id='word_1_212' title='bbox 733 2229 867 2278; x_wconf 84' lang='lat' dir='ltr'><strong>alligari</strong></span> <span class='ocrx_word' id='word_1_213' title='bbox 883 2230 994 2278; x_wconf 85' lang='lat' dir='ltr'><strong>jussit.</strong></span> <span class='ocrx_word' id='word_1_214' title='bbox 1026 2229 1112 2267; x_wconf 87' lang='lat' dir='ltr'><strong>Illae</strong></span> <span class='ocrx_word' id='word_1_215' title='bbox 1124 2242 1211 2268; x_wconf 91' lang='lat' dir='ltr'><strong>vero</strong></span> <span class='ocrx_word' id='word_1_216' title='bbox 1225 2232 1320 2269; x_wconf 61' lang='lat' dir='ltr'><strong>indin</strong></span> 
     </span>
     <span class='ocr_line' id='line_1_32' title="bbox 277 2277 1318 2328; baseline 0.007 -16"><span class='ocrx_word' id='word_1_217' title='bbox 277 2284 408 2322; x_wconf 79' lang='lat' dir='ltr'><strong>gnatae</strong></span> <span class='ocrx_word' id='word_1_218' title='bbox 429 2277 463 2313; x_wconf 90' lang='lat' dir='ltr'><strong>se</strong></span> <span class='ocrx_word' id='word_1_219' title='bbox 495 2279 532 2314; x_wconf 91' lang='lat' dir='ltr'><strong>in</strong></span> <span class='ocrx_word' id='word_1_220' title='bbox 565 2289 666 2315; x_wconf 89' lang='lat' dir='ltr'><strong>mare</strong></span> <span class='ocrx_word' id='word_1_221' title='bbox 688 2280 979 2328; x_wconf 86' lang='lat' dir='ltr'><strong>praecipitarunt.</strong></span> <span class='ocrx_word' id='word_1_222' title='bbox 1033 2281 1170 2318; x_wconf 87' lang='lat' dir='ltr'><strong>Earum</strong></span> <span class='ocrx_word' id='word_1_223' title='bbox 1193 2290 1318 2320; x_wconf 87' lang='lat' dir='ltr'><strong>autem</strong></span> 
     </span>
     <span class='ocr_line' id='line_1_33' title="bbox 277 2326 1322 2382; baseline 0.01 -22"><span class='ocrx_word' id='word_1_224' title='bbox 277 2326 395 2380; x_wconf 82' lang='lat' dir='ltr'><strong>prima</strong></span> <span class='ocrx_word' id='word_1_225' title='bbox 425 2327 656 2377; x_wconf 85' lang='lat' dir='ltr'><strong>Parthenope</strong></span> <span class='ocrx_word' id='word_1_226' title='bbox 672 2357 682 2373; x_wconf 93' lang='lat'><strong><em>‚</em></strong></span> <span class='ocrx_word' id='word_1_227' title='bbox 716 2331 826 2367; x_wconf 86' lang='lat' dir='ltr'><strong>altera</strong></span> <span class='ocrx_word' id='word_1_228' title='bbox 846 2330 1026 2368; x_wconf 78' lang='lat' dir='ltr'><strong>Leucosia</strong></span> <span class='ocrx_word' id='word_1_229' title='bbox 1051 2359 1061 2375; x_wconf 93' lang='lat'>,</span> <span class='ocrx_word' id='word_1_230' title='bbox 1090 2333 1194 2369; x_wconf 84' lang='lat' dir='ltr'><strong>tertia</strong></span> <span class='ocrx_word' id='word_1_231' title='bbox 1214 2333 1322 2382; x_wconf 81' lang='lat' dir='ltr'><strong>Ligia</strong></span> 
     </span>
     <span class='ocr_line' id='line_1_34' title="bbox 266 2378 1321 2431; baseline 0.009 -20"><span class='ocrx_word' id='word_1_232' title='bbox 266 2379 346 2431; x_wconf 44' lang='lat'><strong>‘9¹¹‘</strong></span> <span class='ocrx_word' id='word_1_233' title='bbox 369 2378 555 2426; x_wconf 77' lang='lat' dir='ltr'><strong>appellata.</strong></span> <span class='ocrx_word' id='word_1_234' title='bbox 599 2380 792 2422; x_wconf 17' lang='lat' dir='ltr'><strong>*Dicuntur</strong></span> <span class='ocrx_word' id='word_1_235' title='bbox 816 2389 940 2419; x_wconf 82' lang='lat' dir='ltr'><strong>autem</strong></span> <span class='ocrx_word' id='word_1_236' title='bbox 975 2381 1138 2420; x_wconf 88' lang='lat' dir='ltr'><strong>Seirenes</strong></span> <span class='ocrx_word' id='word_1_237' title='bbox 1159 2386 1254 2426; x_wconf 74' lang='grc' dir='ltr'><strong>παρὰ</strong></span> <span class='ocrx_word' id='word_1_238' title='bbox 1278 2386 1321 2420; x_wconf 70' lang='grc' dir='ltr'><strong>τῦ</strong></span> 
     </span>
     <span class='ocr_line' id='line_1_35' title="bbox 276 2426 1321 2480; baseline 0.003 -12"><span class='ocrx_word' id='word_1_239' title='bbox 276 2426 375 2468; x_wconf 62' lang='grc' dir='ltr'><strong>ἒῖβω,</strong></span> <span class='ocrx_word' id='word_1_240' title='bbox 406 2429 507 2476; x_wconf 83' lang='lat' dir='ltr'><strong>quod</strong></span> <span class='ocrx_word' id='word_1_241' title='bbox 531 2430 579 2467; x_wconf 81' lang='lat' dir='ltr'><strong>est</strong></span> <span class='ocrx_word' id='word_1_242' title='bbox 593 2431 677 2468; x_wconf 74' lang='lat' dir='ltr'><strong>dico</strong></span> <span class='ocrx_word' id='word_1_243' title='bbox 693 2460 702 2475; x_wconf 93' lang='lat'><strong><em>,</em></strong></span> <span class='ocrx_word' id='word_1_244' title='bbox 729 2431 933 2480; x_wconf 71' lang='lat' dir='ltr'><strong>praeposita</strong></span> <span class='ocrx_word' id='word_1_245' title='bbox 960 2444 974 2469; x_wconf 88' lang='lat' dir='ltr'><strong>s</strong></span> <span class='ocrx_word' id='word_1_246' title='bbox 1000 2433 1112 2470; x_wconf 86' lang='lat' dir='ltr'><strong>litera.</strong></span> <span class='ocrx_word' id='word_1_247' title='bbox 1141 2433 1240 2471; x_wconf 85' lang='lat' dir='ltr'><strong>unde</strong></span> <span class='ocrx_word' id='word_1_248' title='bbox 1253 2434 1321 2471; x_wconf 88' lang='lat' dir='ltr'><strong>fal-</strong></span> 
     </span>
     <span class='ocr_line' id='line_1_36' title="bbox 276 2474 1317 2529; baseline 0.011 -18"><span class='ocrx_word' id='word_1_249' title='bbox 276 2474 412 2521; x_wconf 87' lang='lat' dir='ltr'><strong>luntur,</strong></span> <span class='ocrx_word' id='word_1_250' title='bbox 437 2480 499 2527; x_wconf 88' lang='lat' dir='ltr'><strong>qui</strong></span> <span class='ocrx_word' id='word_1_251' title='bbox 519 2481 591 2517; x_wconf 76' lang='lat' dir='ltr'><strong>illas</strong></span> <span class='ocrx_word' id='word_1_252' title='bbox 614 2490 741 2529; x_wconf 75' lang='lat' dir='ltr'><strong>putant</strong></span> <span class='ocrx_word' id='word_1_253' title='bbox 764 2483 897 2521; x_wconf 78' lang='lat' dir='ltr'><strong>Latine</strong></span> <span class='ocrx_word' id='word_1_254' title='bbox 920 2484 1095 2520; x_wconf 64' lang='lat' dir='ltr'><strong>trafftrices</strong></span> <span class='ocrx_word' id='word_1_255' title='bbox 1117 2483 1215 2529; x_wconf 91' lang='lat' dir='ltr'><strong>dici,</strong></span> <span class='ocrx_word' id='word_1_256' title='bbox 1231 2496 1317 2522; x_wconf 87' lang='lat' dir='ltr'><strong>cum</strong></span> 
     </span>
     <span class='ocr_line' id='line_1_37' title="bbox 276 2528 1312 2583; baseline 0.013 -23"><span class='ocrx_word' id='word_1_257' title='bbox 276 2535 342 2571; x_wconf 85' lang='lat' dir='ltr'><strong>per</strong></span> <span class='ocrx_word' id='word_1_258' title='bbox 364 2541 390 2561; x_wconf 75' lang='grc' dir='ltr'><strong>ει</strong></span> <span class='ocrx_word' id='word_1_259' title='bbox 414 2528 684 2579; x_wconf 74' lang='lat' dir='ltr'><strong>diphthongum</strong></span> <span class='ocrx_word' id='word_1_260' title='bbox 708 2533 889 2572; x_wconf 81' lang='lat' dir='ltr'><strong>Graecam</strong></span> <span class='ocrx_word' id='word_1_261' title='bbox 913 2533 1131 2576; x_wconf 79' lang='lat' dir='ltr'><strong>scribantur,</strong></span> <span class='ocrx_word' id='word_1_262' title='bbox 1159 2546 1236 2572; x_wconf 92' lang='lat' dir='ltr'><strong>non</strong></span> <span class='ocrx_word' id='word_1_263' title='bbox 1249 2547 1312 2583; x_wconf 89' lang='lat' dir='ltr'><strong>per</strong></span> 
     </span>
     <span class='ocr_line' id='line_1_38' title="bbox 274 2579 1313 2633; baseline 0.011 -21"><span class='ocrx_word' id='word_1_264' title='bbox 274 2585 327 2621; x_wconf 89' lang='lat' dir='ltr'><strong>y,</strong></span> <span class='ocrx_word' id='word_1_265' title='bbox 354 2586 392 2614; x_wconf 86' lang='lat' dir='ltr'><strong>ut</strong></span> <span class='ocrx_word' id='word_1_266' title='bbox 428 2579 586 2617; x_wconf 80' lang='lat' dir='ltr'><strong>scribitur</strong></span> <span class='ocrx_word' id='word_1_267' title='bbox 615 2586 722 2626; x_wconf 70' lang='grc' dir='ltr'><em>σύρω,</em></span> <span class='ocrx_word' id='word_1_268' title='bbox 760 2584 861 2632; x_wconf 83' lang='lat' dir='ltr'><strong>quod</strong></span> <span class='ocrx_word' id='word_1_269' title='bbox 894 2583 1069 2633; x_wconf 85' lang='lat' dir='ltr'><strong>fignificat</strong></span> <span class='ocrx_word' id='word_1_270' title='bbox 1089 2585 1207 2622; x_wconf 83' lang='lat' dir='ltr'><strong>traho.</strong></span> <span class='ocrx_word' id='word_1_271' title='bbox 1235 2586 1313 2622; x_wconf 79' lang='lat' dir='ltr'><strong>RE-</strong></span> 
     </span>
     <span class='ocr_line' id='line_1_39' title="bbox 266 2628 1313 2685; baseline 0.007 -19"><span class='ocrx_word' id='word_1_272' title='bbox 266 2636 376 2666; x_wconf 80' lang='lat' dir='ltr'><strong>.Gms.</strong></span> <span class='ocrx_word' id='word_1_273' title='bbox 412 2628 471 2684; x_wconf 78' lang='lat' dir='ltr'><strong>De</strong></span> <span class='ocrx_word' id='word_1_274' title='bbox 486 2630 663 2669; x_wconf 85' lang='lat' dir='ltr'><strong>Sirenibus</strong></span> <span class='ocrx_word' id='word_1_275' title='bbox 685 2635 722 2670; x_wconf 86' lang='lat'>&amp;</span> <span class='ocrx_word' id='word_1_276' title='bbox 746 2645 870 2671; x_wconf 79' lang='lat' dir='ltr'><strong>earum</strong></span> <span class='ocrx_word' id='word_1_277' title='bbox 885 2635 1005 2672; x_wconf 77' lang='lat' dir='ltr'><strong>forma</strong></span> <span class='ocrx_word' id='word_1_278' title='bbox 1029 2636 1172 2684; x_wconf 78' lang='lat' dir='ltr'><strong>egregie</strong></span> <span class='ocrx_word' id='word_1_279' title='bbox 1197 2648 1313 2685; x_wconf 88' lang='lat' dir='ltr'><strong>nuper</strong></span> 
     </span>
     <span class='ocr_line' id='line_1_40' title="bbox 275 2676 1312 2725; baseline 0.014 -14"><span class='ocrx_word' id='word_1_280' title='bbox 275 2676 315 2712; x_wconf 66' lang='grc' dir='ltr'><strong>ὅ(</strong></span> <span class='ocrx_word' id='word_1_281' title='bbox 339 2683 484 2725; x_wconf 73' lang='lat' dir='ltr'><strong>copiose</strong></span> <span class='ocrx_word' id='word_1_282' title='bbox 502 2681 549 2716; x_wconf 85' lang='lat' dir='ltr'><strong>est</strong></span> <span class='ocrx_word' id='word_1_283' title='bbox 572 2692 845 2720; x_wconf 78' lang='lat' dir='ltr'><strong>commentatus</strong></span> <span class='ocrx_word' id='word_1_284' title='bbox 865 2684 1109 2723; x_wconf 70' lang='lat' dir='ltr'><strong>Broukhufius</strong></span> <span class='ocrx_word' id='word_1_285' title='bbox 1128 2686 1248 2724; x_wconf 87' lang='lat' dir='ltr'><strong>noster</strong></span> <span class='ocrx_word' id='word_1_286' title='bbox 1267 2687 1312 2725; x_wconf 88' lang='lat' dir='ltr'><strong>ad</strong></span> 
     </span>
     <span class='ocr_line' id='line_1_41' title="bbox 273 2724 1314 2786; baseline 0.012 -23"><span class='ocrx_word' id='word_1_287' title='bbox 273 2724 404 2782; x_wconf 84' lang='lat' dir='ltr'><strong>Tibul.</strong></span> <span class='ocrx_word' id='word_1_288' title='bbox 422 2740 476 2765; x_wconf 74' lang='lat' dir='ltr'><strong>iv.</strong></span> <span class='ocrx_word' id='word_1_289' title='bbox 493 2732 590 2777; x_wconf 77' lang='lat'><strong>1.‹59.</strong></span> <span class='ocrx_word' id='word_1_290' title='bbox 618 2735 793 2770; x_wconf 68' lang='lat' dir='ltr'><strong>Ceterum</strong></span> <span class='ocrx_word' id='word_1_291' title='bbox 807 2734 965 2772; x_wconf 87' lang='lat' dir='ltr'><strong>Acheloi</strong></span> <span class='ocrx_word' id='word_1_292' title='bbox 988 2738 1025 2772; x_wconf 70' lang='grc' dir='ltr'><strong>ὃ(</strong></span> <span class='ocrx_word' id='word_1_293' title='bbox 1045 2736 1214 2786; x_wconf 87' lang='lat' dir='ltr'><strong>Steropes</strong></span> <span class='ocrx_word' id='word_1_294' title='bbox 1226 2736 1314 2774; x_wconf 80' lang='lat' dir='ltr'><strong>filias</strong></span> 
     </span>
     <span class='ocr_line' id='line_1_42' title="bbox 269 2777 1313 2836; baseline 0.011 -23"><span class='ocrx_word' id='word_1_295' title='bbox 269 2777 362 2830; x_wconf 53' lang='lat' dir='ltr'><strong>iacit</strong></span> <span class='ocrx_word' id='word_1_296' title='bbox 381 2779 630 2827; x_wconf 82' lang='lat' dir='ltr'><strong>Apollodorus</strong></span> <span class='ocrx_word' id='word_1_297' title='bbox 650 2783 709 2819; x_wconf 89' lang='lat' dir='ltr'><strong>lib.</strong></span> <span class='ocrx_word' id='word_1_298' title='bbox 738 2796 768 2819; x_wconf 87' lang='lat'><strong>1.</strong></span> <span class='ocrx_word' id='word_1_299' title='bbox 790 2795 867 2832; x_wconf 79' lang='lat' dir='ltr'><strong>cap.</strong></span> <span class='ocrx_word' id='word_1_300' title='bbox 893 2796 925 2830; x_wconf 83' lang='lat'><strong>7.</strong></span> <span class='ocrx_word' id='word_1_301' title='bbox 953 2785 1016 2833; x_wconf 86' lang='lat' dir='ltr'><strong>qui</strong></span> <span class='ocrx_word' id='word_1_302' title='bbox 1038 2793 1164 2825; x_wconf 81' lang='lat' dir='ltr'><strong>tamen</strong></span> <span class='ocrx_word' id='word_1_303' title='bbox 1187 2798 1263 2835; x_wconf 87' lang='lat' dir='ltr'><strong>cap.</strong></span> <span class='ocrx_word' id='word_1_304' title='bbox 1279 2799 1313 2836; x_wconf 81' lang='lat'><strong>3.</strong></span> 
     </span>
     <span class='ocr_line' id='line_1_43' title="bbox 274 2830 1313 2877; baseline 0.012 -14"><span class='ocrx_word' id='word_1_305' title='bbox 274 2835 387 2865; x_wconf 86' lang='lat' dir='ltr'><strong>etiam</strong></span> <span class='ocrx_word' id='word_1_306' title='bbox 408 2830 668 2877; x_wconf 81' lang='lat' dir='ltr'><strong>Melpomenes</strong></span> <span class='ocrx_word' id='word_1_307' title='bbox 689 2832 775 2869; x_wconf 78' lang='lat' dir='ltr'><strong>filias</strong></span> <span class='ocrx_word' id='word_1_308' title='bbox 797 2834 898 2870; x_wconf 82' lang='lat' dir='ltr'><strong>dicit.</strong></span> <span class='ocrx_word' id='word_1_309' title='bbox 928 2834 1139 2875; x_wconf 84' lang='lat' dir='ltr'><strong>Scholiastes</strong></span> <span class='ocrx_word' id='word_1_310' title='bbox 1163 2838 1313 2875; x_wconf 86' lang='lat' dir='ltr'><strong>Horatii</strong></span> 
     </span>
     <span class='ocr_line' id='line_1_44' title="bbox 273 2877 1318 2932; baseline 0.01 -18"><span class='ocrx_word' id='word_1_311' title='bbox 273 2877 319 2932; x_wconf 80' lang='lat' dir='ltr'><strong>ad</strong></span> <span class='ocrx_word' id='word_1_312' title='bbox 340 2878 398 2915; x_wconf 91' lang='lat' dir='ltr'><strong>lib.</strong></span> <span class='ocrx_word' id='word_1_313' title='bbox 424 2892 453 2917; x_wconf 92' lang='lat'><strong>1.</strong></span> <span class='ocrx_word' id='word_1_314' title='bbox 475 2881 583 2928; x_wconf 78' lang='lat' dir='ltr'><strong>Epist.</strong></span> <span class='ocrx_word' id='word_1_315' title='bbox 610 2894 665 2918; x_wconf 83' lang='lat' dir='ltr'><strong>rr.</strong></span> <span class='ocrx_word' id='word_1_316' title='bbox 693 2894 711 2918; x_wconf 88' lang='lat' dir='ltr'><strong>a</strong></span> <span class='ocrx_word' id='word_1_317' title='bbox 736 2883 913 2932; x_wconf 77' lang='lat' dir='ltr'><strong>Cruiquio</strong></span> <span class='ocrx_word' id='word_1_318' title='bbox 939 2885 1054 2921; x_wconf 81' lang='lat' dir='ltr'><strong>editus</strong></span> <span class='ocrx_word' id='word_1_319' title='bbox 1077 2914 1086 2929; x_wconf 96' lang='lat'>,</span> <span class='ocrx_word' id='word_1_320' title='bbox 1116 2887 1256 2923; x_wconf 80' lang='lat' dir='ltr'><strong>Alcinoi</strong></span> <span class='ocrx_word' id='word_1_321' title='bbox 1275 2887 1318 2924; x_wconf 90' lang='lat' dir='ltr'><strong>fi-</strong></span> 
     </span>
     <span class='ocr_line' id='line_1_45' title="bbox 270 2927 1318 2981; baseline 0.01 -17"><span class='ocrx_word' id='word_1_322' title='bbox 270 2927 358 2972; x_wconf 73' lang='lat' dir='ltr'><strong>lias,</strong></span> <span class='ocrx_word' id='word_1_323' title='bbox 386 2929 452 2967; x_wconf 81' lang='lat' dir='ltr'><strong>nisi</strong></span> <span class='ocrx_word' id='word_1_324' title='bbox 483 2931 532 2967; x_wconf 87' lang='lat' dir='ltr'><strong>ibi</strong></span> <span class='ocrx_word' id='word_1_325' title='bbox 564 2931 708 2969; x_wconf 75' lang='lat' dir='ltr'><strong>Acheloi</strong></span> <span class='ocrx_word' id='word_1_326' title='bbox 735 2933 930 2981; x_wconf 80' lang='lat' dir='ltr'><strong>legendum</strong></span> <span class='ocrx_word' id='word_1_327' title='bbox 967 2934 1008 2971; x_wconf 79' lang='lat' dir='ltr'><strong>sit</strong></span> <span class='ocrx_word' id='word_1_328' title='bbox 1033 2962 1042 2976; x_wconf 96' lang='lat'>,</span> <span class='ocrx_word' id='word_1_329' title='bbox 1083 2944 1122 2972; x_wconf 89' lang='lat' dir='ltr'><strong>ut</strong></span> <span class='ocrx_word' id='word_1_330' title='bbox 1145 2937 1318 2974; x_wconf 81' lang='lat' dir='ltr'><strong>Heinsius</strong></span> 
     </span>
     <span class='ocr_line' id='line_1_46' title="bbox 271 2979 1317 3032; baseline 0.007 -17"><span class='ocrx_word' id='word_1_331' title='bbox 271 2979 443 3017; x_wconf 86' lang='lat' dir='ltr'><strong>malebat.</strong></span> <span class='ocrx_word' id='word_1_332' title='bbox 479 2981 621 3021; x_wconf 84' lang='lat' dir='ltr'><strong>Servius</strong></span> <span class='ocrx_word' id='word_1_333' title='bbox 655 2982 700 3019; x_wconf 85' lang='lat' dir='ltr'><strong>ad</strong></span> <span class='ocrx_word' id='word_1_334' title='bbox 735 2996 763 3020; x_wconf 91' lang='lat'><strong>1.</strong></span> <span class='ocrx_word' id='word_1_335' title='bbox 796 2985 935 3032; x_wconf 87' lang='lat' dir='ltr'><strong>Georg.</strong></span> <span class='ocrx_word' id='word_1_336' title='bbox 965 2996 1000 3031; x_wconf 84' lang='lat'><strong>9.</strong></span> <span class='ocrx_word' id='word_1_337' title='bbox 1032 2993 1138 3021; x_wconf 83' lang='lat' dir='ltr'><strong>notat</strong></span> <span class='ocrx_word' id='word_1_338' title='bbox 1160 2986 1248 3023; x_wconf 85' lang='lat' dir='ltr'><strong>alios</strong></span> <span class='ocrx_word' id='word_1_339' title='bbox 1272 2986 1317 3022; x_wconf 89' lang='lat' dir='ltr'><strong>de</strong></span> 
     </span>
     <span class='ocr_line' id='line_1_47' title="bbox 270 3029 1319 3082; baseline 0.008 -17"><span class='ocrx_word' id='word_1_340' title='bbox 270 3029 439 3079; x_wconf 86' lang='lat' dir='ltr'><strong>Calliope</strong></span> <span class='ocrx_word' id='word_1_341' title='bbox 458 3039 562 3070; x_wconf 86' lang='lat' dir='ltr'><strong>natas</strong></span> <span class='ocrx_word' id='word_1_342' title='bbox 583 3032 718 3077; x_wconf 84' lang='lat' dir='ltr'><strong>dicere,</strong></span> <span class='ocrx_word' id='word_1_343' title='bbox 732 3041 770 3070; x_wconf 87' lang='lat' dir='ltr'><strong>ut</strong></span> <span class='ocrx_word' id='word_1_344' title='bbox 795 3034 832 3070; x_wconf 59' lang='grc' dir='ltr'>δέ</span> <span class='ocrx_word' id='word_1_345' title='bbox 855 3033 899 3070; x_wconf 83' lang='lat' dir='ltr'><strong>ad</strong></span> <span class='ocrx_word' id='word_1_346' title='bbox 922 3045 956 3069; x_wconf 86' lang='lat' dir='ltr'><strong>v.</strong></span> <span class='ocrx_word' id='word_1_347' title='bbox 982 3034 1139 3071; x_wconf 81' lang='lat' dir='ltr'><strong>Aeneid.</strong></span> <span class='ocrx_word' id='word_1_348' title='bbox 1154 3035 1237 3082; x_wconf 72' lang='lat'><strong>864.</strong></span> <span class='ocrx_word' id='word_1_349' title='bbox 1257 3035 1319 3073; x_wconf 91' lang='lat' dir='ltr'><strong>ubi</strong></span> 
     </span>
     <span class='ocr_line' id='line_1_48' title="bbox 268 3079 985 3132; baseline 0.006 -16"><span class='ocrx_word' id='word_1_350' title='bbox 268 3079 482 3129; x_wconf 74' lang='lat' dir='ltr'><strong>allegoriam</strong></span> <span class='ocrx_word' id='word_1_351' title='bbox 504 3082 645 3120; x_wconf 70' lang='lat' dir='ltr'><strong>Fabulae</strong></span> <span class='ocrx_word' id='word_1_352' title='bbox 664 3084 829 3132; x_wconf 75' lang='lat' dir='ltr'><strong>explicat.</strong></span> <span class='ocrx_word' id='word_1_353' title='bbox 856 3084 985 3122; x_wconf 67' lang='lat' dir='ltr'><strong>Euam.</strong></span> 
     </span>
    </p>

    <p class='ocr_par' dir='ltr' id='par_1_4' title="bbox 270 3134 1312 3217">
     <span class='ocr_line' id='line_1_49' title="bbox 324 3134 1312 3186; baseline 0.006 -17"><span class='ocrx_word' id='word_1_354' title='bbox 324 3145 405 3180; x_wconf 78' lang='lat'><strong>552.</strong></span> <span class='ocrx_word' id='word_1_355' title='bbox 443 3134 692 3186; x_wconf 75' lang='lat' dir='ltr'><strong>Commeruiffe.</strong></span> <span class='ocrx_word' id='word_1_356' title='bbox 719 3134 737 3186; x_wconf 82' lang='lat'>]</span> <span class='ocrx_word' id='word_1_357' title='bbox 793 3134 1012 3184; x_wconf 76' lang='lat' dir='ltr'><strong>Promeruiſje</strong></span> <span class='ocrx_word' id='word_1_358' title='bbox 1055 3134 1244 3174; x_wconf 86' lang='lat' dir='ltr'><strong>Leidenfis</strong></span> <span class='ocrx_word' id='word_1_359' title='bbox 1270 3150 1312 3176; x_wconf 86' lang='lat' dir='ltr'><strong>u-</strong></span> 
     </span>
     <span class='ocr_line' id='line_1_50' title="bbox 270 3191 346 3217; baseline 0 0"><span class='ocrx_word' id='word_1_360' title='bbox 270 3191 346 3217; x_wconf 79' lang='lat' dir='ltr'><strong>nus.</strong></span> 
     </span>
    </p>

    <p class='ocr_par' dir='ltr' id='par_1_5' title="bbox 261 3235 1313 3333">
     <span class='ocr_line' id='line_1_51' title="bbox 322 3235 1313 3288; baseline 0.007 -19"><span class='ocrx_word' id='word_1_361' title='bbox 322 3246 405 3287; x_wconf 71' lang='lat'><strong>555.</strong></span> <span class='ocrx_word' id='word_1_362' title='bbox 435 3241 476 3271; x_wconf 88' lang='lat' dir='ltr'><strong>In</strong></span> <span class='ocrx_word' id='word_1_363' title='bbox 499 3235 666 3276; x_wconf 73' lang='lat' dir='ltr'><strong>comitum</strong></span> <span class='ocrx_word' id='word_1_364' title='bbox 690 3250 832 3276; x_wconf 71' lang='lat' dir='ltr'><strong>numero</strong></span> <span class='ocrx_word' id='word_1_365' title='bbox 845 3237 974 3284; x_wconf 63' lang='lat' dir='ltr'><strong>dobras,</strong></span> <span class='ocrx_word' id='word_1_366' title='bbox 995 3237 1155 3288; x_wconf 56' lang='lat' dir='ltr'><strong>Sirenes]</strong></span> <span class='ocrx_word' id='word_1_367' title='bbox 1172 3239 1313 3277; x_wconf 82' lang='lat' dir='ltr'><strong>Mixtae</strong></span> 
     </span>
     <span class='ocr_line' id='line_1_52' title="bbox 261 3283 610 3333; baseline 0.02 -15"><span class='ocrx_word' id='word_1_368' title='bbox 261 3283 451 3329; x_wconf 61' lang='lat' dir='ltr'><strong>jneliores.</strong></span> <span class='ocrx_word' id='word_1_369' title='bbox 488 3286 610 3333; x_wconf 83' lang='lat' dir='ltr'><strong>forte,</strong></span> 
     </span>
    </p>
   </div>
   <div class='ocr_carea' id='block_1_4' title="bbox 2272 1270 2429 1330">
    <p class='ocr_par' dir='ltr' id='par_1_6' title="bbox 2272 1270 2429 1330">
     <span class='ocr_line' id='line_1_53' title="bbox 2272 1270 2429 1330; baseline 0.025 -4"><span class='ocrx_word' id='word_1_370' title='bbox 2272 1270 2327 1326; x_wconf 69' lang='lat' dir='ltr'>F</span> <span class='ocrx_word' id='word_1_371' title='bbox 2339 1293 2370 1328; x_wconf 87' lang='lat' dir='ltr'>A</span> <span class='ocrx_word' id='word_1_372' title='bbox 2385 1280 2429 1330; x_wconf 67' lang='lat' dir='ltr'><strong>u.</strong></span> 
     </span>
    </p>
   </div>
   <div class='ocr_carea' id='block_1_5' title="bbox 1359 1418 2483 3382">
    <p class='ocr_par' dir='ltr' id='par_1_7' title="bbox 1382 1418 2424 1610">
     <span class='ocr_line' id='line_1_54' title="bbox 1486 1418 2209 1458; baseline 0.003 -2"><span class='ocrx_word' id='word_1_373' title='bbox 1486 1419 1675 1457; x_wconf 79' lang='lat' dir='ltr'><strong>Immixtae</strong></span> <span class='ocrx_word' id='word_1_374' title='bbox 1693 1418 1856 1457; x_wconf 77' lang='lat' dir='ltr'><strong>comitum</strong></span> <span class='ocrx_word' id='word_1_375' title='bbox 1878 1432 2028 1456; x_wconf 83' lang='lat' dir='ltr'><strong>numero.</strong></span> <span class='ocrx_word' id='word_1_376' title='bbox 2066 1419 2209 1458; x_wconf 59' lang='lat' dir='ltr'><strong>Herus.</strong></span> 
     </span>
     <span class='ocr_line' id='line_1_55' title="bbox 1383 1468 2424 1515; baseline 0.001 -8"><span class='ocrx_word' id='word_1_377' title='bbox 1383 1468 1506 1508; x_wconf 82' lang='lat' dir='ltr'><strong>Sed&amp;</strong></span> <span class='ocrx_word' id='word_1_378' title='bbox 1529 1471 1663 1508; x_wconf 79' lang='lat' dir='ltr'><strong>mixtae</strong></span> <span class='ocrx_word' id='word_1_379' title='bbox 1692 1471 1731 1507; x_wconf 84' lang='lat' dir='ltr'><strong>in</strong></span> <span class='ocrx_word' id='word_1_380' title='bbox 1753 1485 1893 1507; x_wconf 82' lang='lat' dir='ltr'><strong>numero</strong></span> <span class='ocrx_word' id='word_1_381' title='bbox 1923 1470 2020 1508; x_wconf 60' lang='lat' dir='ltr'><strong>recl-e</strong></span> <span class='ocrx_word' id='word_1_382' title='bbox 2044 1470 2188 1515; x_wconf 87' lang='lat' dir='ltr'><strong>dicitur,</strong></span> <span class='ocrx_word' id='word_1_383' title='bbox 2211 1477 2250 1506; x_wconf 83' lang='lat' dir='ltr'><strong>ut</strong></span> <span class='ocrx_word' id='word_1_384' title='bbox 2269 1469 2329 1506; x_wconf 90' lang='lat' dir='ltr'><strong>lib.</strong></span> <span class='ocrx_word' id='word_1_385' title='bbox 2344 1471 2424 1510; x_wconf 66' lang='lat'>1112</span> 
     </span>
     <span class='ocr_line' id='line_1_56' title="bbox 1382 1521 2423 1568; baseline 0.002 -11"><span class='ocrx_word' id='word_1_386' title='bbox 1382 1533 1466 1565; x_wconf 66' lang='lat'><strong>422.</strong></span> <span class='ocrx_word' id='word_1_387' title='bbox 1505 1534 1549 1560; x_wconf 68' lang='grc'><strong>(7</strong></span> <span class='ocrx_word' id='word_1_388' title='bbox 1573 1523 1611 1558; x_wconf 86' lang='lat' dir='ltr'><strong>in</strong></span> <span class='ocrx_word' id='word_1_389' title='bbox 1633 1522 1733 1558; x_wconf 84' lang='lat' dir='ltr'><strong>niveo</strong></span> <span class='ocrx_word' id='word_1_390' title='bbox 1767 1522 1922 1558; x_wconf 82' lang='lat' dir='ltr'><strong>mixtum</strong></span> <span class='ocrx_word' id='word_1_391' title='bbox 1946 1522 2091 1559; x_wconf 82' lang='lat' dir='ltr'><strong>candore</strong></span> <span class='ocrx_word' id='word_1_392' title='bbox 2111 1521 2280 1559; x_wconf 82' lang='lat' dir='ltr'><strong>ruborem.</strong></span> <span class='ocrx_word' id='word_1_393' title='bbox 2305 1521 2423 1568; x_wconf 83' lang='lat' dir='ltr'><strong>dirae,</strong></span> 
     </span>
     <span class='ocr_line' id='line_1_57' title="bbox 1382 1572 1931 1610; baseline 0 -1"><span class='ocrx_word' id='word_1_394' title='bbox 1382 1583 1476 1609; x_wconf 85' lang='lat' dir='ltr'><strong>unus</strong></span> <span class='ocrx_word' id='word_1_395' title='bbox 1500 1572 1776 1610; x_wconf 87' lang='lat' dir='ltr'><strong>Gronovianus.</strong></span> <span class='ocrx_word' id='word_1_396' title='bbox 1801 1572 1931 1610; x_wconf 66' lang='lat' dir='ltr'><strong>Burin.</strong></span> 
     </span>
    </p>

    <p class='ocr_par' dir='ltr' id='par_1_8' title="bbox 1370 1622 2425 1775">
     <span class='ocr_line' id='line_1_58' title="bbox 1435 1622 2425 1672; baseline -0.001 -12"><span class='ocrx_word' id='word_1_397' title='bbox 1435 1635 1518 1672; x_wconf 78' lang='lat'><strong>557.</strong></span> <span class='ocrx_word' id='word_1_398' title='bbox 1547 1624 1711 1660; x_wconf 81' lang='lat' dir='ltr'><strong>Protinus</strong></span> <span class='ocrx_word' id='word_1_399' title='bbox 1743 1633 1783 1659; x_wconf 85' lang='lat' dir='ltr'><strong>ut</strong></span> <span class='ocrx_word' id='word_1_400' title='bbox 1815 1622 2006 1672; x_wconf 68' lang='lat' dir='ltr'><strong>vestram]</strong></span> <span class='ocrx_word' id='word_1_401' title='bbox 2064 1629 2144 1660; x_wconf 88' lang='lat' dir='ltr'><strong>Non</strong></span> <span class='ocrx_word' id='word_1_402' title='bbox 2167 1623 2283 1660; x_wconf 84' lang='lat' dir='ltr'><strong>minus</strong></span> <span class='ocrx_word' id='word_1_403' title='bbox 2304 1633 2344 1660; x_wconf 87' lang='lat' dir='ltr'><strong>ut</strong></span> <span class='ocrx_word' id='word_1_404' title='bbox 2364 1626 2425 1660; x_wconf 60' lang='lat' dir='ltr'><strong>‘ve-⁴</strong></span> 
     </span>
     <span class='ocr_line' id='line_1_59' title="bbox 1370 1673 2423 1723; baseline 0.001 -13"><span class='ocrx_word' id='word_1_405' title='bbox 1370 1673 1510 1720; x_wconf 73' lang='lat' dir='ltr'><strong>stram,</strong></span> <span class='ocrx_word' id='word_1_406' title='bbox 1537 1675 1745 1722; x_wconf 83' lang='lat' dir='ltr'><strong>cogitabam</strong></span> <span class='ocrx_word' id='word_1_407' title='bbox 1769 1673 1979 1723; x_wconf 86' lang='lat' dir='ltr'><strong>aliquando.</strong></span> <span class='ocrx_word' id='word_1_408' title='bbox 2007 1673 2147 1712; x_wconf 70' lang='lat' dir='ltr'><strong>Hms.</strong></span> <span class='ocrx_word' id='word_1_409' title='bbox 2184 1674 2356 1711; x_wconf 73' lang='lat' dir='ltr'><strong>sentirem</strong></span> <span class='ocrx_word' id='word_1_410' title='bbox 2368 1687 2423 1721; x_wconf 71' lang='lat' dir='ltr'><strong>ae-⁴</strong></span> 
     </span>
     <span class='ocr_line' id='line_1_60' title="bbox 1379 1725 1909 1775; baseline 0 -14"><span class='ocrx_word' id='word_1_411' title='bbox 1379 1739 1488 1775; x_wconf 71' lang='lat' dir='ltr'><strong>quera</strong></span> <span class='ocrx_word' id='word_1_412' title='bbox 1511 1735 1661 1762; x_wconf 81' lang='lat' dir='ltr'><strong>mentem</strong></span> <span class='ocrx_word' id='word_1_413' title='bbox 1682 1736 1734 1772; x_wconf 90' lang='lat' dir='ltr'><strong>pr.</strong></span> <span class='ocrx_word' id='word_1_414' title='bbox 1757 1725 1909 1762; x_wconf 83' lang='lat' dir='ltr'><strong>Moreti.</strong></span> 
     </span>
    </p>

    <p class='ocr_par' dir='ltr' id='par_1_9' title="bbox 1374 1772 2471 2026">
     <span class='ocr_line' id='line_1_61' title="bbox 1422 1772 2424 1825; baseline 0.001 -12"><span class='ocrx_word' id='word_1_415' title='bbox 1422 1775 1514 1824; x_wconf 58' lang='lat'><strong>558.</strong></span> <span class='ocrx_word' id='word_1_416' title='bbox 1542 1777 1698 1825; x_wconf 81' lang='lat' dir='ltr'><strong>Remis.]</strong></span> <span class='ocrx_word' id='word_1_417' title='bbox 1738 1775 1780 1812; x_wconf 88' lang='lat' dir='ltr'><strong>In</strong></span> <span class='ocrx_word' id='word_1_418' title='bbox 1809 1787 1887 1813; x_wconf 91' lang='lat' dir='ltr'><strong>uno</strong></span> <span class='ocrx_word' id='word_1_419' title='bbox 1912 1787 2025 1820; x_wconf 89' lang='lat' dir='ltr'><strong>meo,</strong></span> <span class='ocrx_word' id='word_1_420' title='bbox 2047 1775 2180 1825; x_wconf 85' lang='lat' dir='ltr'><strong>pennis.</strong></span> <span class='ocrx_word' id='word_1_421' title='bbox 2210 1772 2424 1814; x_wconf 54' lang='lat' dir='ltr'><strong>Cmmuusss</strong></span> 
     </span>
     <span class='ocr_line' id='line_1_62' title="bbox 1377 1825 2422 1870; baseline 0.001 -8"><span class='ocrx_word' id='word_1_422' title='bbox 1377 1826 1505 1863; x_wconf 86' lang='lat' dir='ltr'><strong>Minus</strong></span> <span class='ocrx_word' id='word_1_423' title='bbox 1534 1826 1657 1870; x_wconf 62' lang='lat' dir='ltr'><strong>reete,</strong></span> <span class='ocrx_word' id='word_1_424' title='bbox 1685 1825 1771 1863; x_wconf 86' lang='lat' dir='ltr'><strong>illud</strong></span> <span class='ocrx_word' id='word_1_425' title='bbox 1814 1826 1914 1863; x_wconf 84' lang='lat' dir='ltr'><strong>enim</strong></span> <span class='ocrx_word' id='word_1_426' title='bbox 1948 1826 2178 1863; x_wconf 89' lang='lat' dir='ltr'><strong>Graecorum</strong></span> <span class='ocrx_word' id='word_1_427' title='bbox 2212 1826 2422 1864; x_wconf 82' lang='lat' dir='ltr'><strong>imitatione</strong></span> 
     </span>
     <span class='ocr_line' id='line_1_63' title="bbox 1377 1876 2417 1925; baseline 0.001 -12"><span class='ocrx_word' id='word_1_428' title='bbox 1377 1876 1533 1921; x_wconf 48' lang='lat' dir='ltr'><strong>dicium,</strong></span> <span class='ocrx_word' id='word_1_429' title='bbox 1547 1877 1584 1914; x_wconf 86' lang='lat'>&amp;</span> <span class='ocrx_word' id='word_1_430' title='bbox 1599 1876 1723 1925; x_wconf 78' lang='lat' dir='ltr'><strong>Virgil.</strong></span> <span class='ocrx_word' id='word_1_431' title='bbox 1738 1876 1918 1924; x_wconf 80' lang='lat' dir='ltr'><strong>remigium</strong></span> <span class='ocrx_word' id='word_1_432' title='bbox 1935 1876 2078 1912; x_wconf 85' lang='lat' dir='ltr'><strong>alarum</strong></span> <span class='ocrx_word' id='word_1_433' title='bbox 2091 1876 2194 1914; x_wconf 86' lang='lat' dir='ltr'><strong>dixit.</strong></span> <span class='ocrx_word' id='word_1_434' title='bbox 2215 1876 2417 1914; x_wconf 77' lang='lat' dir='ltr'><strong>BERSMAN.</strong></span> 
     </span>
     <span class='ocr_line' id='line_1_64' title="bbox 1374 1926 2471 1976; baseline -0.001 -13"><span class='ocrx_word' id='word_1_435' title='bbox 1374 1927 1524 1974; x_wconf 85' lang='lat' dir='ltr'><strong>Existere</strong></span> <span class='ocrx_word' id='word_1_436' title='bbox 1556 1927 1661 1964; x_wconf 87' lang='lat' dir='ltr'><strong>MSS.</strong></span> <span class='ocrx_word' id='word_1_437' title='bbox 1684 1927 1896 1964; x_wconf 81' lang='lat' dir='ltr'><strong>Bersinanni</strong></span> <span class='ocrx_word' id='word_1_438' title='bbox 1924 1928 1962 1964; x_wconf 74' lang='grc' dir='ltr'><strong>δε</strong></span> <span class='ocrx_word' id='word_1_439' title='bbox 1995 1938 2124 1976; x_wconf 84' lang='lat' dir='ltr'><strong>margo</strong></span> <span class='ocrx_word' id='word_1_440' title='bbox 2155 1926 2321 1974; x_wconf 87' lang='lat' dir='ltr'><strong>Gryphii.</strong></span> <span class='ocrx_word' id='word_1_441' title='bbox 2347 1927 2423 1966; x_wconf 84' lang='lat' dir='ltr'><strong>vid.</strong></span> <span class='ocrx_word' id='word_1_442' title='bbox 2470 1927 2471 1962; x_wconf 69' lang='grc' dir='ltr'>ζ</span> 
     </span>
     <span class='ocr_line' id='line_1_65' title="bbox 1374 1977 1690 2026; baseline -0.006 -10"><span class='ocrx_word' id='word_1_443' title='bbox 1374 1989 1468 2016; x_wconf 77' lang='lat' dir='ltr'><strong>mox</strong></span> <span class='ocrx_word' id='word_1_444' title='bbox 1496 1977 1583 2016; x_wconf 89' lang='lat' dir='ltr'><strong>vers.</strong></span> <span class='ocrx_word' id='word_1_445' title='bbox 1609 1978 1690 2026; x_wconf 74' lang='lat'><strong>548.</strong></span> 
     </span>
    </p>

    <p class='ocr_par' dir='ltr' id='par_1_10' title="bbox 1367 2025 2483 2332">
     <span class='ocr_line' id='line_1_66' title="bbox 1429 2025 2419 2079; baseline 0 -14"><span class='ocrx_word' id='word_1_446' title='bbox 1429 2030 1512 2077; x_wconf 79' lang='lat'><strong>562.</strong></span> <span class='ocrx_word' id='word_1_447' title='bbox 1540 2027 1793 2078; x_wconf 72' lang='lat' dir='ltr'><strong>Deperderer.]</strong></span> <span class='ocrx_word' id='word_1_448' title='bbox 1835 2034 1889 2065; x_wconf 84' lang='lat' dir='ltr'><strong>Ne</strong></span> <span class='ocrx_word' id='word_1_449' title='bbox 1914 2029 2069 2079; x_wconf 76' lang='lat' dir='ltr'><strong>perderet</strong></span> <span class='ocrx_word' id='word_1_450' title='bbox 2110 2027 2186 2065; x_wconf 85' lang='lat' dir='ltr'><strong>duo</strong></span> <span class='ocrx_word' id='word_1_451' title='bbox 2220 2025 2419 2065; x_wconf 85' lang='lat' dir='ltr'><strong>Leidenses</strong></span> 
     </span>
     <span class='ocr_line' id='line_1_67' title="bbox 1370 2076 2469 2128; baseline -0.002 -11"><span class='ocrx_word' id='word_1_452' title='bbox 1370 2079 1526 2117; x_wconf 75' lang='lat' dir='ltr'><strong>Lovan.</strong></span> <span class='ocrx_word' id='word_1_453' title='bbox 1558 2081 1597 2117; x_wconf 87' lang='lat'>&amp;</span> <span class='ocrx_word' id='word_1_454' title='bbox 1627 2079 1781 2128; x_wconf 77' lang='lat' dir='ltr'><strong>Argent.</strong></span> <span class='ocrx_word' id='word_1_455' title='bbox 1812 2091 1897 2116; x_wconf 87' lang='lat' dir='ltr'><strong>cuin</strong></span> <span class='ocrx_word' id='word_1_456' title='bbox 1920 2078 2042 2116; x_wconf 81' lang='lat' dir='ltr'><strong>multis</strong></span> <span class='ocrx_word' id='word_1_457' title='bbox 2064 2077 2150 2114; x_wconf 82' lang='lat' dir='ltr'><strong>aliis.</strong></span> <span class='ocrx_word' id='word_1_458' title='bbox 2177 2078 2285 2114; x_wconf 86' lang='lat' dir='ltr'><strong>&amp;ita</strong></span> <span class='ocrx_word' id='word_1_459' title='bbox 2307 2076 2420 2115; x_wconf 87' lang='lat' dir='ltr'><strong>edidit</strong></span> <span class='ocrx_word' id='word_1_460' title='bbox 2468 2091 2469 2094; x_wconf 49' lang='lat'>¹</span> 
     </span>
     <span class='ocr_line' id='line_1_68' title="bbox 1375 2128 2469 2178; baseline -0.003 -11"><span class='ocrx_word' id='word_1_461' title='bbox 1375 2129 1583 2168; x_wconf 86' lang='lat' dir='ltr'><strong>Farnabius.</strong></span> <span class='ocrx_word' id='word_1_462' title='bbox 1610 2144 1651 2167; x_wconf 80' lang='lat' dir='ltr'><strong>ne</strong></span> <span class='ocrx_word' id='word_1_463' title='bbox 1682 2131 1819 2178; x_wconf 83' lang='lat' dir='ltr'><strong>linguae</strong></span> <span class='ocrx_word' id='word_1_464' title='bbox 1847 2131 2002 2178; x_wconf 78' lang='lat' dir='ltr'><strong>perderet</strong></span> <span class='ocrx_word' id='word_1_465' title='bbox 2024 2129 2198 2165; x_wconf 89' lang='lat' dir='ltr'><strong>Gronov.</strong></span> <span class='ocrx_word' id='word_1_466' title='bbox 2219 2128 2420 2176; x_wconf 81' lang='lat' dir='ltr'><strong>disperderet</strong></span> <span class='ocrx_word' id='word_1_467' title='bbox 2466 2142 2469 2170; x_wconf 62' lang='lat' dir='ltr'><strong>,J</strong></span> 
     </span>
     <span class='ocr_line' id='line_1_69' title="bbox 1374 2176 2469 2230; baseline -0.003 -12"><span class='ocrx_word' id='word_1_468' title='bbox 1374 2190 1545 2228; x_wconf 73' lang='lat' dir='ltr'><strong>quatuor.</strong></span> <span class='ocrx_word' id='word_1_469' title='bbox 1575 2181 1780 2230; x_wconf 74' lang='lat' dir='ltr'><strong>desperderet</strong></span> <span class='ocrx_word' id='word_1_470' title='bbox 1809 2180 1921 2217; x_wconf 83' lang='lat' dir='ltr'><strong>Palat.</strong></span> <span class='ocrx_word' id='word_1_471' title='bbox 1945 2179 2161 2230; x_wconf 77' lang='lat' dir='ltr'><strong>deprenderet</strong></span> <span class='ocrx_word' id='word_1_472' title='bbox 2182 2179 2333 2215; x_wconf 89' lang='lat' dir='ltr'><strong>Moreti.</strong></span> <span class='ocrx_word' id='word_1_473' title='bbox 2358 2176 2418 2215; x_wconf 89' lang='lat' dir='ltr'><strong>sed</strong></span> <span class='ocrx_word' id='word_1_474' title='bbox 2466 2183 2469 2194; x_wconf 96' lang='lat'>&#39;</span> 
     </span>
     <span class='ocr_line' id='line_1_70' title="bbox 1374 2229 2483 2280; baseline -0.003 -12"><span class='ocrx_word' id='word_1_475' title='bbox 1374 2231 1465 2268; x_wconf 86' lang='lat' dir='ltr'><strong>nihil</strong></span> <span class='ocrx_word' id='word_1_476' title='bbox 1487 2233 1722 2269; x_wconf 88' lang='lat' dir='ltr'><strong>mutandum.</strong></span> <span class='ocrx_word' id='word_1_477' title='bbox 1743 2230 1883 2268; x_wconf 82' lang='lat' dir='ltr'><strong>Caesar.</strong></span> <span class='ocrx_word' id='word_1_478' title='bbox 1913 2243 1994 2268; x_wconf 83' lang='lat'><strong>111.</strong></span> <span class='ocrx_word' id='word_1_479' title='bbox 2022 2231 2059 2266; x_wconf 83' lang='grc' dir='ltr'><strong>Β.</strong></span> <span class='ocrx_word' id='word_1_480' title='bbox 2091 2230 2138 2267; x_wconf 88' lang='lat' dir='ltr'><strong>G.</strong></span> <span class='ocrx_word' id='word_1_481' title='bbox 2159 2229 2217 2266; x_wconf 83' lang='lat'><strong>28.</strong></span> <span class='ocrx_word' id='word_1_482' title='bbox 2235 2237 2357 2278; x_wconf 84' lang='lat' dir='ltr'><strong>paucos</strong></span> <span class='ocrx_word' id='word_1_483' title='bbox 2376 2240 2417 2265; x_wconf 83' lang='lat' dir='ltr'><strong>ex</strong></span> <span class='ocrx_word' id='word_1_484' title='bbox 2466 2246 2483 2280; x_wconf 31' lang='grc' dir='ltr'><strong>ἦ.</strong></span> 
     </span>
     <span class='ocr_line' id='line_1_71' title="bbox 1367 2280 2467 2332; baseline -0.002 -13"><span class='ocrx_word' id='word_1_485' title='bbox 1367 2282 1445 2330; x_wconf 76' lang='lat' dir='ltr'><strong>suis</strong></span> <span class='ocrx_word' id='word_1_486' title='bbox 1466 2282 1740 2332; x_wconf 80' lang='lat' dir='ltr'><strong>deperdiderunt.</strong></span> <span class='ocrx_word' id='word_1_487' title='bbox 1766 2282 1806 2318; x_wconf 84' lang='lat'>&amp;</span> <span class='ocrx_word' id='word_1_488' title='bbox 1827 2282 1877 2318; x_wconf 79' lang='lat' dir='ltr'><strong>ita</strong></span> <span class='ocrx_word' id='word_1_489' title='bbox 1897 2281 1967 2318; x_wconf 79' lang='lat' dir='ltr'><strong>alii.</strong></span> <span class='ocrx_word' id='word_1_490' title='bbox 1994 2280 2126 2318; x_wconf 76' lang='lat' dir='ltr'><strong>BuRM.</strong></span> <span class='ocrx_word' id='word_1_491' title='bbox 2466 2281 2467 2296; x_wconf 67' lang='lat'><strong>³</strong></span> 
     </span>
    </p>

    <p class='ocr_par' dir='ltr' id='par_1_11' title="bbox 1370 2330 2418 2422">
     <span class='ocr_line' id='line_1_72' title="bbox 1428 2330 2418 2382; baseline -0.004 -12"><span class='ocrx_word' id='word_1_492' title='bbox 1428 2341 1444 2359; x_wconf 79' lang='lat'>³</span> <span class='ocrx_word' id='word_1_493' title='bbox 1471 2334 1536 2370; x_wconf 80' lang='lat' dir='ltr'><strong>Ad</strong></span> <span class='ocrx_word' id='word_1_494' title='bbox 1555 2331 1715 2382; x_wconf 72' lang='lat' dir='ltr'><strong>virum]</strong></span> <span class='ocrx_word' id='word_1_495' title='bbox 1746 2332 1854 2382; x_wconf 88' lang='lat' dir='ltr'><strong>Apud</strong></span> <span class='ocrx_word' id='word_1_496' title='bbox 1883 2332 2005 2369; x_wconf 85' lang='lat' dir='ltr'><strong>virum</strong></span> <span class='ocrx_word' id='word_1_497' title='bbox 2027 2359 2039 2376; x_wconf 90' lang='lat'>,</span> <span class='ocrx_word' id='word_1_498' title='bbox 2067 2330 2203 2381; x_wconf 84' lang='lat' dir='ltr'><strong>partim</strong></span> <span class='ocrx_word' id='word_1_499' title='bbox 2226 2330 2321 2380; x_wconf 84' lang='lat' dir='ltr'><strong>apud</strong></span> <span class='ocrx_word' id='word_1_500' title='bbox 2340 2340 2418 2376; x_wconf 75' lang='lat' dir='ltr'><strong>ma·⁴</strong></span> 
     </span>
     <span class='ocr_line' id='line_1_73' title="bbox 1370 2383 1748 2422; baseline 0 -2"><span class='ocrx_word' id='word_1_501' title='bbox 1370 2393 1467 2420; x_wconf 65' lang='lat' dir='ltr'><strong>irem</strong></span> <span class='ocrx_word' id='word_1_502' title='bbox 1486 2383 1579 2421; x_wconf 85' lang='lat' dir='ltr'><strong>Edd.</strong></span> <span class='ocrx_word' id='word_1_503' title='bbox 1604 2395 1748 2422; x_wconf 78' lang='lat' dir='ltr'><strong>omnes.</strong></span> 
     </span>
    </p>

    <p class='ocr_par' dir='ltr' id='par_1_12' title="bbox 1414 2434 2069 2479">
     <span class='ocr_line' id='line_1_74' title="bbox 1414 2434 2069 2479; baseline 0.002 -8"><span class='ocrx_word' id='word_1_504' title='bbox 1414 2434 1445 2461; x_wconf 28' lang='lat' dir='ltr'><strong>*b</strong></span> <span class='ocrx_word' id='word_1_505' title='bbox 1473 2434 1715 2479; x_wconf 48' lang='lat' dir='ltr'><strong>Morantur]</strong></span> <span class='ocrx_word' id='word_1_506' title='bbox 1743 2445 1907 2472; x_wconf 83' lang='lat' dir='ltr'><strong>moretur.</strong></span> <span class='ocrx_word' id='word_1_507' title='bbox 1929 2434 2069 2473; x_wconf 85' lang='lat' dir='ltr'><strong>Colon.</strong></span> 
     </span>
    </p>

    <p class='ocr_par' dir='ltr' id='par_1_13' title="bbox 1424 2485 2463 2536">
     <span class='ocr_line' id='line_1_75' title="bbox 1424 2485 2463 2536; baseline 0.003 -16"><span class='ocrx_word' id='word_1_508' title='bbox 1424 2493 1442 2512; x_wconf 88' lang='lat' dir='ltr'><strong>e</strong></span> <span class='ocrx_word' id='word_1_509' title='bbox 1469 2491 1514 2521; x_wconf 89' lang='lat' dir='ltr'><strong>Ut</strong></span> <span class='ocrx_word' id='word_1_510' title='bbox 1527 2485 1635 2536; x_wconf 56' lang='grc' dir='ltr'><strong>βῶξ]</strong></span> <span class='ocrx_word' id='word_1_511' title='bbox 1664 2485 1734 2522; x_wconf 76' lang='lat' dir='ltr'><strong>sibi</strong></span> <span class='ocrx_word' id='word_1_512' title='bbox 1756 2485 1853 2523; x_wconf 88' lang='lat' dir='ltr'><strong>deest</strong></span> <span class='ocrx_word' id='word_1_513' title='bbox 1877 2486 2012 2523; x_wconf 92' lang='lat' dir='ltr'><strong>Colon.</strong></span> <span class='ocrx_word' id='word_1_514' title='bbox 2461 2506 2463 2509; x_wconf 84' lang='lat'><strong>.</strong></span> 
     </span>
    </p>

    <p class='ocr_par' dir='ltr' id='par_1_14' title="bbox 1359 2533 2467 3376">
     <span class='ocr_line' id='line_1_76' title="bbox 1425 2533 2463 2585; baseline 0 -14"><span class='ocrx_word' id='word_1_515' title='bbox 1425 2534 1444 2562; x_wconf 86' lang='lat' dir='ltr'><strong>d</strong></span> <span class='ocrx_word' id='word_1_516' title='bbox 1457 2536 1724 2585; x_wconf 63' lang='lat' dir='ltr'><strong>‹Deligeretur.]</strong></span> <span class='ocrx_word' id='word_1_517' title='bbox 1753 2537 2012 2585; x_wconf 75' lang='lat' dir='ltr'><strong>Persequeretur</strong></span> <span class='ocrx_word' id='word_1_518' title='bbox 2030 2534 2174 2583; x_wconf 82' lang='lat' dir='ltr'><strong>Micyll.</strong></span> <span class='ocrx_word' id='word_1_519' title='bbox 2194 2535 2236 2572; x_wconf 62' lang='grc' dir='ltr'>ἃ</span> <span class='ocrx_word' id='word_1_520' title='bbox 2257 2533 2417 2572; x_wconf 59' lang='lat' dir='ltr'><strong>Veneta?</strong></span> <span class='ocrx_word' id='word_1_521' title='bbox 2461 2546 2463 2575; x_wconf 79' lang='lat' dir='ltr'>j</span> 
     </span>
     <span class='ocr_line' id='line_1_77' title="bbox 1368 2584 2411 2624; baseline 0 -2"><span class='ocrx_word' id='word_1_522' title='bbox 1368 2584 1430 2623; x_wconf 88' lang='lat' dir='ltr'><strong>sed</strong></span> <span class='ocrx_word' id='word_1_523' title='bbox 1452 2585 1606 2623; x_wconf 89' lang='lat' dir='ltr'><strong>alterum</strong></span> <span class='ocrx_word' id='word_1_524' title='bbox 1620 2587 1669 2624; x_wconf 89' lang='lat' dir='ltr'><strong>est</strong></span> <span class='ocrx_word' id='word_1_525' title='bbox 1690 2588 1728 2624; x_wconf 87' lang='lat' dir='ltr'><strong>in</strong></span> <span class='ocrx_word' id='word_1_526' title='bbox 1741 2586 1809 2623; x_wconf 89' lang='lat' dir='ltr'><strong>MS</strong></span> <span class='ocrx_word' id='word_1_527' title='bbox 1845 2586 2016 2624; x_wconf 88' lang='lat' dir='ltr'><strong>Raenerii</strong></span> <span class='ocrx_word' id='word_1_528' title='bbox 2036 2585 2134 2622; x_wconf 79' lang='lat' dir='ltr'><strong>nulla</strong></span> <span class='ocrx_word' id='word_1_529' title='bbox 2145 2586 2227 2622; x_wconf 88' lang='lat' dir='ltr'><strong>heic</strong></span> <span class='ocrx_word' id='word_1_530' title='bbox 2243 2586 2335 2622; x_wconf 87' lang='lat' dir='ltr'><strong>ratio</strong></span> <span class='ocrx_word' id='word_1_531' title='bbox 2349 2585 2411 2622; x_wconf 76' lang='lat' dir='ltr'><strong>lia-</strong></span> 
     </span>
     <span class='ocr_line' id='line_1_78' title="bbox 1369 2634 2461 2685; baseline -0.001 -13"><span class='ocrx_word' id='word_1_532' title='bbox 1369 2636 1502 2680; x_wconf 86' lang='lat' dir='ltr'><strong>benda,</strong></span> <span class='ocrx_word' id='word_1_533' title='bbox 1513 2644 1553 2673; x_wconf 87' lang='lat' dir='ltr'><strong>ut</strong></span> <span class='ocrx_word' id='word_1_534' title='bbox 1564 2638 1627 2685; x_wconf 90' lang='lat' dir='ltr'><strong>qui</strong></span> <span class='ocrx_word' id='word_1_535' title='bbox 1639 2649 1684 2674; x_wconf 86' lang='lat' dir='ltr'><strong>ex</strong></span> <span class='ocrx_word' id='word_1_536' title='bbox 1696 2637 1846 2684; x_wconf 86' lang='lat' dir='ltr'><strong>ingenio</strong></span> <span class='ocrx_word' id='word_1_537' title='bbox 1858 2636 1921 2674; x_wconf 89' lang='lat' dir='ltr'><strong>suo</strong></span> <span class='ocrx_word' id='word_1_538' title='bbox 1932 2637 2043 2684; x_wconf 84' lang='lat' dir='ltr'><strong>longe</strong></span> <span class='ocrx_word' id='word_1_539' title='bbox 2055 2636 2161 2672; x_wconf 90' lang='lat' dir='ltr'><strong>aliam</strong></span> <span class='ocrx_word' id='word_1_540' title='bbox 2175 2635 2260 2672; x_wconf 90' lang='lat' dir='ltr'><strong>huic</strong></span> <span class='ocrx_word' id='word_1_541' title='bbox 2273 2634 2412 2672; x_wconf 81' lang='lat' dir='ltr'><strong>fabulae</strong></span> <span class='ocrx_word' id='word_1_542' title='bbox 2460 2674 2461 2681; x_wconf 12' lang='grc' dir='ltr'>ἵ</span> 
     </span>
     <span class='ocr_line' id='line_1_79' title="bbox 1367 2683 2461 2736; baseline 0 -13"><span class='ocrx_word' id='word_1_543' title='bbox 1367 2686 1501 2723; x_wconf 86' lang='lat' dir='ltr'><strong>faciem</strong></span> <span class='ocrx_word' id='word_1_544' title='bbox 1516 2686 1667 2724; x_wconf 86' lang='lat' dir='ltr'><strong>dederit.</strong></span> <span class='ocrx_word' id='word_1_545' title='bbox 1694 2687 1858 2723; x_wconf 69' lang='lat' dir='ltr'><strong>Muucic.</strong></span> <span class='ocrx_word' id='word_1_546' title='bbox 1896 2683 2413 2736; x_wconf 73' lang='lat' dir='ltr'><strong>PerfiquereturParm.Lugd.</strong></span> <span class='ocrx_word' id='word_1_547' title='bbox 2459 2702 2461 2735; x_wconf 68' lang='lat'>3</span> 
     </span>
     <span class='ocr_line' id='line_1_80' title="bbox 1369 2735 2460 2786; baseline 0 -14"><span class='ocrx_word' id='word_1_548' title='bbox 1369 2735 1512 2784; x_wconf 83' lang='lat' dir='ltr'><strong>Micyll.</strong></span> <span class='ocrx_word' id='word_1_549' title='bbox 1551 2737 1698 2785; x_wconf 85' lang='lat' dir='ltr'><strong>Jupiter</strong></span> <span class='ocrx_word' id='word_1_550' title='bbox 1719 2735 1840 2785; x_wconf 81' lang='lat' dir='ltr'><strong>divifit</strong></span> <span class='ocrx_word' id='word_1_551' title='bbox 1861 2750 1996 2774; x_wconf 82' lang='lat' dir='ltr'><strong>annum</strong></span> <span class='ocrx_word' id='word_1_552' title='bbox 2011 2766 2022 2782; x_wconf 86' lang='lat'>‚</span> <span class='ocrx_word' id='word_1_553' title='bbox 2050 2747 2090 2773; x_wconf 87' lang='lat' dir='ltr'><strong>ut</strong></span> <span class='ocrx_word' id='word_1_554' title='bbox 2112 2737 2311 2786; x_wconf 75' lang='lat' dir='ltr'><strong>Proserpina</strong></span> <span class='ocrx_word' id='word_1_555' title='bbox 2327 2745 2411 2786; x_wconf 86' lang='lat' dir='ltr'><strong>par·</strong></span> <span class='ocrx_word' id='word_1_556' title='bbox 2458 2740 2460 2779; x_wconf 65' lang='grc' dir='ltr'>ξ</span> 
     </span>
     <span class='ocr_line' id='line_1_81' title="bbox 1368 2787 2408 2838; baseline -0.003 -15"><span class='ocrx_word' id='word_1_557' title='bbox 1368 2787 1437 2823; x_wconf 85' lang='lat' dir='ltr'><strong>tim</strong></span> <span class='ocrx_word' id='word_1_558' title='bbox 1458 2787 1551 2836; x_wconf 77' lang='lat' dir='ltr'><strong>apud</strong></span> <span class='ocrx_word' id='word_1_559' title='bbox 1572 2787 1693 2824; x_wconf 84' lang='lat' dir='ltr'><strong>virum</strong></span> <span class='ocrx_word' id='word_1_560' title='bbox 1708 2815 1718 2831; x_wconf 91' lang='lat'><em>‚</em></span> <span class='ocrx_word' id='word_1_561' title='bbox 1740 2787 1876 2836; x_wconf 74' lang='lat' dir='ltr'><strong>partim</strong></span> <span class='ocrx_word' id='word_1_562' title='bbox 1904 2788 1999 2838; x_wconf 78' lang='lat' dir='ltr'><strong>apud</strong></span> <span class='ocrx_word' id='word_1_563' title='bbox 2030 2798 2180 2824; x_wconf 88' lang='lat' dir='ltr'><strong>matrem</strong></span> <span class='ocrx_word' id='word_1_564' title='bbox 2204 2797 2408 2824; x_wconf 74' lang='lat' dir='ltr'><strong>moraretur.</strong></span> 
     </span>
     <span class='ocr_line' id='line_1_82' title="bbox 1375 2835 2459 2886; baseline -0.001 -13"><span class='ocrx_word' id='word_1_565' title='bbox 1375 2843 1474 2874; x_wconf 87' lang='lat' dir='ltr'><strong>Ceres</strong></span> <span class='ocrx_word' id='word_1_566' title='bbox 1494 2846 1624 2886; x_wconf 87' lang='lat' dir='ltr'><strong>pacata</strong></span> <span class='ocrx_word' id='word_1_567' title='bbox 1636 2838 1674 2885; x_wconf 80' lang='lat' dir='ltr'><strong>se</strong></span> <span class='ocrx_word' id='word_1_568' title='bbox 1692 2838 1850 2886; x_wconf 80' lang='lat' dir='ltr'><strong>recipiens</strong></span> <span class='ocrx_word' id='word_1_569' title='bbox 1872 2839 1918 2875; x_wconf 87' lang='lat' dir='ltr'><strong>ab</strong></span> <span class='ocrx_word' id='word_1_570' title='bbox 1942 2837 2121 2886; x_wconf 81' lang='lat' dir='ltr'><strong>Arethusa</strong></span> <span class='ocrx_word' id='word_1_571' title='bbox 2131 2838 2239 2886; x_wconf 85' lang='lat' dir='ltr'><strong>exegit</strong></span> <span class='ocrx_word' id='word_1_572' title='bbox 2252 2866 2262 2881; x_wconf 93' lang='lat'><strong>,</strong></span> <span class='ocrx_word' id='word_1_573' title='bbox 2291 2847 2331 2873; x_wconf 85' lang='lat' dir='ltr'><strong>ut</strong></span> <span class='ocrx_word' id='word_1_574' title='bbox 2342 2835 2409 2886; x_wconf 75' lang='lat' dir='ltr'><strong>sthi</strong></span> <span class='ocrx_word' id='word_1_575' title='bbox 2457 2843 2459 2878; x_wconf 67' lang='grc' dir='ltr'>ξ</span> 
     </span>
     <span class='ocr_line' id='line_1_83' title="bbox 1375 2887 2410 2937; baseline 0.001 -14"><span class='ocrx_word' id='word_1_576' title='bbox 1375 2902 1401 2924; x_wconf 86' lang='grc' dir='ltr'><strong>ο.</strong></span> <span class='ocrx_word' id='word_1_577' title='bbox 1418 2888 1450 2936; x_wconf 91' lang='lat' dir='ltr'><em>s</em></span> <span class='ocrx_word' id='word_1_578' title='bbox 1472 2901 1525 2925; x_wconf 87' lang='lat' dir='ltr'><strong>ex.</strong></span> <span class='ocrx_word' id='word_1_579' title='bbox 1564 2893 1654 2924; x_wconf 83' lang='lat' dir='ltr'><strong>Tum</strong></span> <span class='ocrx_word' id='word_1_580' title='bbox 1686 2887 1876 2937; x_wconf 80' lang='lat' dir='ltr'><strong>Arethusa.</strong></span> <span class='ocrx_word' id='word_1_581' title='bbox 1914 2894 1965 2925; x_wconf 89' lang='lat' dir='ltr'><strong>A.</strong></span> <span class='ocrx_word' id='word_1_582' title='bbox 1990 2896 2038 2927; x_wconf 88' lang='lat' dir='ltr'><strong>N.</strong></span> <span class='ocrx_word' id='word_1_583' title='bbox 2060 2887 2336 2936; x_wconf 73' lang='lat' dir='ltr'><strong>formofiffimam</strong></span> <span class='ocrx_word' id='word_1_584' title='bbox 2357 2899 2410 2924; x_wconf 79' lang='lat' dir='ltr'><strong>me</strong></span> 
     </span>
     <span class='ocr_line' id='line_1_84' title="bbox 1371 2936 2457 2988; baseline -0.001 -15"><span class='ocrx_word' id='word_1_585' title='bbox 1371 2938 1511 2974; x_wconf 77' lang='lat' dir='ltr'><strong>dixere.-</strong></span> <span class='ocrx_word' id='word_1_586' title='bbox 1539 2950 1585 2977; x_wconf 62' lang='grc' dir='ltr'><strong>(ρ’</strong></span> <span class='ocrx_word' id='word_1_587' title='bbox 1614 2953 1667 2975; x_wconf 87' lang='lat' dir='ltr'><strong>me</strong></span> <span class='ocrx_word' id='word_1_588' title='bbox 1688 2938 1843 2988; x_wconf 75' lang='lat' dir='ltr'><strong>Alpheus</strong></span> <span class='ocrx_word' id='word_1_589' title='bbox 1874 2940 1993 2976; x_wconf 78' lang='lat' dir='ltr'><strong>amnis</strong></span> <span class='ocrx_word' id='word_1_590' title='bbox 2027 2940 2094 2976; x_wconf 85' lang='lat' dir='ltr'><strong>mei</strong></span> <span class='ocrx_word' id='word_1_591' title='bbox 2127 2952 2242 2976; x_wconf 87' lang='lat' dir='ltr'><strong>amore</strong></span> <span class='ocrx_word' id='word_1_592' title='bbox 2260 2936 2409 2985; x_wconf 66' lang='lat' dir='ltr'><strong>incenfiu·</strong></span> <span class='ocrx_word' id='word_1_593' title='bbox 2456 2963 2457 2972; x_wconf 41' lang='lat'>1</span> 
     </span>
     <span class='ocr_line' id='line_1_85' title="bbox 1362 2988 2457 3038; baseline 0.001 -16"><span class='ocrx_word' id='word_1_594' title='bbox 1362 2988 1510 3036; x_wconf 84' lang='lat' dir='ltr'><strong>sumpta</strong></span> <span class='ocrx_word' id='word_1_595' title='bbox 1541 2988 1614 3024; x_wconf 82' lang='lat' dir='ltr'><strong>viri</strong></span> <span class='ocrx_word' id='word_1_596' title='bbox 1635 2991 1757 3036; x_wconf 87' lang='lat' dir='ltr'><strong>forma</strong></span> <span class='ocrx_word' id='word_1_597' title='bbox 1781 2989 1972 3037; x_wconf 80' lang='lat' dir='ltr'><strong>persecutus</strong></span> <span class='ocrx_word' id='word_1_598' title='bbox 2003 2990 2057 3037; x_wconf 78' lang='lat' dir='ltr'><strong>est,</strong></span> <span class='ocrx_word' id='word_1_599' title='bbox 2112 2990 2222 3038; x_wconf 82' lang='lat' dir='ltr'><strong>Cujus</strong></span> <span class='ocrx_word' id='word_1_600' title='bbox 2245 2990 2406 3037; x_wconf 86' lang='lat' dir='ltr'><strong>impetum</strong></span> <span class='ocrx_word' id='word_1_601' title='bbox 2455 3020 2457 3024; x_wconf 80' lang='grc'>,</span> 
     </span>
     <span class='ocr_line' id='line_1_86' title="bbox 1370 3036 2457 3088; baseline 0.002 -16"><span class='ocrx_word' id='word_1_602' title='bbox 1370 3050 1453 3072; x_wconf 68' lang='lat' dir='ltr'><strong>cum</strong></span> <span class='ocrx_word' id='word_1_603' title='bbox 1471 3036 1610 3085; x_wconf 60' lang='lat' dir='ltr'><strong>effugere</strong></span> <span class='ocrx_word' id='word_1_604' title='bbox 1632 3048 1780 3087; x_wconf 81' lang='lat' dir='ltr'><strong>cuperem</strong></span> <span class='ocrx_word' id='word_1_605' title='bbox 1797 3067 1806 3083; x_wconf 96' lang='lat'>,</span> <span class='ocrx_word' id='word_1_606' title='bbox 1832 3039 2002 3076; x_wconf 80' lang='lat' dir='ltr'><strong>invocavi</strong></span> <span class='ocrx_word' id='word_1_607' title='bbox 2025 3040 2185 3076; x_wconf 78' lang='lat' dir='ltr'><strong>Dianam</strong></span> <span class='ocrx_word' id='word_1_608' title='bbox 2199 3068 2209 3083; x_wconf 93' lang='lat'>‚</span> <span class='ocrx_word' id='word_1_609' title='bbox 2237 3040 2331 3088; x_wconf 81' lang='lat' dir='ltr'><strong>cujus</strong></span> <span class='ocrx_word' id='word_1_610' title='bbox 2357 3049 2406 3074; x_wconf 86' lang='lat' dir='ltr'><strong>co·</strong></span> <span class='ocrx_word' id='word_1_611' title='bbox 2454 3038 2457 3073; x_wconf 83' lang='lat'><strong>.¹</strong></span> 
     </span>
     <span class='ocr_line' id='line_1_87' title="bbox 1368 3087 2456 3137; baseline 0.001 -14"><span class='ocrx_word' id='word_1_612' title='bbox 1368 3101 1444 3123; x_wconf 69' lang='lat' dir='ltr'><strong>¹mes</strong></span> <span class='ocrx_word' id='word_1_613' title='bbox 1455 3087 1631 3137; x_wconf 74' lang='lat' dir='ltr'><strong>studiique</strong></span> <span class='ocrx_word' id='word_1_614' title='bbox 1651 3088 1790 3124; x_wconf 80' lang='lat' dir='ltr'><strong>aemula</strong></span> <span class='ocrx_word' id='word_1_615' title='bbox 1804 3090 1948 3135; x_wconf 76' lang='lat' dir='ltr'><strong>ficeram</strong></span> <span class='ocrx_word' id='word_1_616' title='bbox 1961 3119 1971 3134; x_wconf 93' lang='lat'>,</span> <span class='ocrx_word' id='word_1_617' title='bbox 1985 3101 2026 3126; x_wconf 84' lang='lat' dir='ltr'><strong>ut</strong></span> <span class='ocrx_word' id='word_1_618' title='bbox 2037 3089 2213 3126; x_wconf 82' lang='lat' dir='ltr'><strong>laboranti</strong></span> <span class='ocrx_word' id='word_1_619' title='bbox 2235 3089 2322 3126; x_wconf 84' lang='lat' dir='ltr'><strong>mihi</strong></span> <span class='ocrx_word' id='word_1_620' title='bbox 2333 3089 2406 3132; x_wconf 74' lang='lat' dir='ltr'><strong>fer-</strong></span> <span class='ocrx_word' id='word_1_621' title='bbox 2454 3102 2456 3132; x_wconf 67' lang='lat'><strong>³,</strong></span> 
     </span>
     <span class='ocr_line' id='line_1_88' title="bbox 1370 3135 2455 3189; baseline 0 -16"><span class='ocrx_word' id='word_1_622' title='bbox 1370 3148 1422 3174; x_wconf 82' lang='lat' dir='ltr'><strong>ret</strong></span> <span class='ocrx_word' id='word_1_623' title='bbox 1443 3137 1619 3174; x_wconf 74' lang='lat' dir='ltr'><strong>auxilium</strong></span> <span class='ocrx_word' id='word_1_624' title='bbox 1634 3166 1644 3181; x_wconf 92' lang='lat'>‚</span> <span class='ocrx_word' id='word_1_625' title='bbox 1672 3151 1758 3187; x_wconf 80' lang='lat' dir='ltr'><strong>quae</strong></span> <span class='ocrx_word' id='word_1_626' title='bbox 1779 3152 1831 3174; x_wconf 87' lang='lat' dir='ltr'><strong>me</strong></span> <span class='ocrx_word' id='word_1_627' title='bbox 1854 3140 1940 3176; x_wconf 80' lang='lat' dir='ltr'><strong>nube</strong></span> <span class='ocrx_word' id='word_1_628' title='bbox 1971 3140 2084 3184; x_wconf 82' lang='lat' dir='ltr'><strong>texit,</strong></span> <span class='ocrx_word' id='word_1_629' title='bbox 2121 3154 2162 3177; x_wconf 87' lang='lat' dir='ltr'><strong>ne</strong></span> <span class='ocrx_word' id='word_1_630' title='bbox 2184 3141 2222 3177; x_wconf 89' lang='lat' dir='ltr'><strong>in</strong></span> <span class='ocrx_word' id='word_1_631' title='bbox 2249 3135 2406 3189; x_wconf 68' lang='lat' dir='ltr'><strong>cupientis</strong></span> <span class='ocrx_word' id='word_1_632' title='bbox 2454 3144 2455 3151; x_wconf 64' lang='lat'>¹</span> 
     </span>
     <span class='ocr_line' id='line_1_89' title="bbox 1369 3188 2455 3240; baseline -0.001 -15"><span class='ocrx_word' id='word_1_633' title='bbox 1369 3190 1574 3237; x_wconf 49' lang='lat' dir='ltr'><strong>conspersum</strong></span> <span class='ocrx_word' id='word_1_634' title='bbox 1596 3188 1762 3224; x_wconf 80' lang='lat' dir='ltr'><strong>venirem.</strong></span> <span class='ocrx_word' id='word_1_635' title='bbox 1788 3201 1970 3240; x_wconf 80' lang='lat' dir='ltr'><strong>mutorque</strong></span> <span class='ocrx_word' id='word_1_636' title='bbox 1997 3191 2036 3227; x_wconf 87' lang='lat' dir='ltr'><strong>in</strong></span> <span class='ocrx_word' id='word_1_637' title='bbox 2057 3193 2220 3237; x_wconf 84' lang='lat' dir='ltr'><strong>fontem.-</strong></span> <span class='ocrx_word' id='word_1_638' title='bbox 2248 3191 2340 3239; x_wconf 85' lang='lat' dir='ltr'><strong>cujus</strong></span> <span class='ocrx_word' id='word_1_639' title='bbox 2366 3200 2407 3225; x_wconf 59' lang='lat' dir='ltr'><strong>a?</strong></span> <span class='ocrx_word' id='word_1_640' title='bbox 2454 3195 2455 3199; x_wconf 79' lang='grc'>’</span> 
     </span>
     <span class='ocr_line' id='line_1_90' title="bbox 1369 3238 2453 3290; baseline -0.002 -16"><span class='ocrx_word' id='word_1_641' title='bbox 1369 3252 1456 3289; x_wconf 80' lang='lat' dir='ltr'><strong>quas</strong></span> <span class='ocrx_word' id='word_1_642' title='bbox 1478 3249 1518 3274; x_wconf 86' lang='lat' dir='ltr'><strong>ut</strong></span> <span class='ocrx_word' id='word_1_643' title='bbox 1539 3239 1634 3275; x_wconf 78' lang='lat' dir='ltr'><strong>vidit</strong></span> <span class='ocrx_word' id='word_1_644' title='bbox 1652 3238 1805 3288; x_wconf 81' lang='lat' dir='ltr'><strong>Alpheus</strong></span> <span class='ocrx_word' id='word_1_645' title='bbox 1819 3269 1828 3284; x_wconf 90' lang='lat'>‚</span> <span class='ocrx_word' id='word_1_646' title='bbox 1841 3241 1997 3289; x_wconf 83' lang='lat' dir='ltr'><strong>cognovit</strong></span> <span class='ocrx_word' id='word_1_647' title='bbox 2010 3269 2018 3282; x_wconf 85' lang='lat'>‚</span> <span class='ocrx_word' id='word_1_648' title='bbox 2038 3239 2230 3290; x_wconf 65' lang='lat' dir='ltr'><strong>filmfitque</strong></span> <span class='ocrx_word' id='word_1_649' title='bbox 2235 3239 2404 3289; x_wconf 85' lang='lat' dir='ltr'><strong>propriam</strong></span> <span class='ocrx_word' id='word_1_650' title='bbox 2452 3244 2453 3249; x_wconf 78' lang='grc'>’</span> 
     </span>
     <span class='ocr_line' id='line_1_91' title="bbox 1359 3289 2453 3376; baseline -0.001 -49"><span class='ocrx_word' id='word_1_651' title='bbox 1359 3289 1484 3330; x_wconf 65' lang='lat' dir='ltr'><strong>amnis</strong></span> <span class='ocrx_word' id='word_1_652' title='bbox 1496 3291 1656 3337; x_wconf 71' lang='lat' dir='ltr'><strong>firmam</strong></span> <span class='ocrx_word' id='word_1_653' title='bbox 1671 3300 1732 3337; x_wconf 80' lang='lat' dir='ltr'><strong>,at</strong></span> <span class='ocrx_word' id='word_1_654' title='bbox 1744 3289 1884 3340; x_wconf 73' lang='lat' dir='ltr'><strong>semihi</strong></span> <span class='ocrx_word' id='word_1_655' title='bbox 1903 3291 2068 3341; x_wconf 74' lang='lat' dir='ltr'><strong>misceret.</strong></span> <span class='ocrx_word' id='word_1_656' title='bbox 2094 3296 2151 3331; x_wconf 84' lang='lat' dir='ltr'><strong>At</strong></span> <span class='ocrx_word' id='word_1_657' title='bbox 2161 3292 2298 3333; x_wconf 77' lang='lat' dir='ltr'><strong>Diana,</strong></span> <span class='ocrx_word' id='word_1_658' title='bbox 2301 3296 2405 3376; x_wconf 64' lang='lat' dir='ltr'><strong>Irlupta</strong></span> <span class='ocrx_word' id='word_1_659' title='bbox 2452 3318 2453 3327; x_wconf 66' lang='grc'>,</span> 
     </span>
    </p>

    <p class='ocr_par' dir='ltr' id='par_1_15' title="bbox 2269 3348 2407 3382">
     <span class='ocr_line' id='line_1_92' title="bbox 2269 3348 2407 3382; baseline -0.036 -5"><span class='ocrx_word' id='word_1_660' title='bbox 2269 3350 2301 3380; x_wconf 73' lang='lat' dir='ltr'><strong>n</strong></span> <span class='ocrx_word' id='word_1_661' title='bbox 2327 3348 2383 3375; x_wconf 84' lang='lat' dir='ltr'><strong>ure</strong></span> <span class='ocrx_word' id='word_1_662' title='bbox 2388 3360 2407 3382; x_wconf 42' lang='grc' dir='ltr'>θ</span> 
     </span>
    </p>
   </div>
  </div>
 </body>
</html>
