2483 3616
324 188 1534 250 METAMORPHOSEON
1606 188 1747 246 Lm.

333 295 595 365 Denegat.
632 293 715 347 illa
739 294 966 365 premit3
1006 292 1385 366 commiffaque
1412 308 1641 365 corpore
1667 301 1787 344 toto

186 386 286 435 370
323 368 468 421 Sicut
490 366 821 428 inhaerebat,
861 367 1069 437 Pugnes
1093 367 1246 430 licet,
1284 364 1557 438 improbe,
1597 363 1760 427 dixit,

328 439 455 493 Non
477 453 655 492 tamen
681 439 917 507 eflugies.
958 440 1029 492 ita
1054 440 1127 492 Di
1147 439 1397 509 jubeatiS,
1437 438 1492 490 &
1514 436 1669 492 istum

328 511 484 564 Nulla
510 511 622 565 dies
649 513 677 564 ᾗ
704 530 814 574 me,
856 532 953 566 nec
982 530 1067 565 me
1095 511 1308 564 seducat
1333 512 1396 564 ab
1423 510 1536 563 isto.

324 581 470 638 Vota
495 583 612 640 suos
637 584 866 639 habuere
890 585 1053 639 Deos,
1092 602 1214 638 nam
1240 584 1403 639 mixta
1431 582 1666 637 duorum

328 654 574 728 Corpora
596 657 916 728 junguntur:
959 658 1222 731 faciesque
1251 657 1523 711 inducitur
1548 655 1645 709 illis

180 746 280 797 ¹375
317 727 452 782 Una.
494 731 637 783 velut
665 730 697 782 si
726 731 840 801 quis
866 729 1128 784 conducta
1158 731 1359 784 cortice
1387 746 1559 783 ramos

321 800 630 857 Crescendo
648 802 825 876 jungi,
864 804 1166 876 pariterque
1192 803 1492 858 adolescere
1519 811 1717 856 cernat.

89 962 188 973 --
211 950 448 1001 commiffaque
468 950 506 987 in
530 964 640 988 unum

92 1000 270 1038 Paulatim
292 1003 389 1038 tereti
401 1000 594 1051 stnuantur
613 1001 770 1039 acumine
792 1013 904 1039 crura.

41 1051 99 1091 lib.
113 1064 195 1090 xir.
210 1063 286 1101 315.

219 1117 287 1153 qua
306 1103 402 1140 naris
413 1104 530 1150 fronti
548 1102 789 1151 committitur.

43 1152 139 1192 Vide
168 1154 286 1191 Notas
316 1153 450 1191 nostras
483 1154 526 1191 ad
562 1153 750 1190 (laudiani
780 1151 1016 1201 Epigramma
1038 1151 1074 1189 in

41 1204 278 1242 Armentum.
313 1206 448 1241 Hiems.
477 1204 574 1241 Vide
596 1204 640 1240 ad
664 1202 770 1250 Epist.
793 1202 1078 1239 Herodxnzr.

41 1255 90 1292 ita
124 1261 230 1291 Venus
273 1254 441 1302 commiffa
482 1253 577 1302 apud
620 1253 851 1300 Propertium
903 1265 955 1289 iv.
995 1265 1036 1290 vr
1050 1266 1078 1290 1.

44 1315 101 1353 19.
130 1314 169 1343 ut
181 1306 322 1353 jungere
344 1311 499 1341 Venerem
522 1302 654 1341 Noster
673 1303 818 1351 saepius.
843 1303 917 1341 vid.
939 1303 983 1341 ad
1006 1305 1079 1341 Re-

44 1355 142 1393 med.
168 1367 251 1400 407·
278 1355 407 1392 Euam.

96 1417 178 1455 371.
206 1409 252 1440 Et
272 1404 412 1454 istum]
441 1409 486 1441 Ut
517 1404 618 1452 illum
631 1404 1076 1443 MS.Berssnanni&ma-

45 1467 119 1507 gno
138 1466 294 1493 numero
317 1456 386 1492 alii.

99 1518 179 1557 372.
208 1512 277 1542 Nec
298 1520 350 1543 me
372 1506 515 1542 diducat
544 1506 587 1542 ab
610 1505 709 1556 isto.]
748 1506 859 1543 Liber
886 1507 1079 1545 Dominic.

39 1557 192 1607 seducat.
218 1556 292 1594 Alii
311 1564 383 1594 vet.
404 1569 480 1594 uno
502 1569 590 1594 meo
612 1565 768 1605 excepto
784 1586 794 1601 ,
821 1558 865 1595 ad
879 1570 995 1594 unum
1015 1559 1080 1594 ha-

47 1609 153 1653 bent,
181 1607 334 1645 deducat.
361 1607 477 1657 Quod
508 1619 638 1646 verum
669 1609 728 1645 est.
757 1609 814 1646 Sic
848 1608 1079 1657 Propertius:

50 1670 107 1697 11.
128 1671 204 1696 xxx.
224 1672 280 1707 45.

98 1714 156 1746 At
173 1723 225 1746 me
243 1709 286 1746 ab
306 1724 419 1748 amore
441 1721 498 1747 tuo
525 1712 664 1748 deducet
686 1710 784 1748 nulla
802 1710 976 1759 finec‘lus,

146 1760 227 1797 Sive
247 1774 298 1809 ego
319 1761 487 1798 Tithonus
501 1791 510 1807 ,
529 1760 606 1811 sive
627 1776 680 1811 ego
705 1762 822 1809 Nestor
843 1776 908 1799 ero.

47 1810 105 1849 M.
133 1809 274 1848 Tullius
296 1811 354 1850 lib.
382 1825 410 1850 1.
439 1813 499 1850 De
516 1814 760 1850 Inventione:
789 1819 882 1849 Cum
905 1812 1084 1850 deducaris

50 1860 92 1898 ab
112 1875 170 1906 eo,
206 1861 347 1912 quicum
376 1862 584 1910 libentissime
595 1864 736 1900 vixeris.
763 1863 978 1901 Cromnos.
1004 1864 1083 1900 Ve-

49 1918 138 1949 teres
173 1912 347 1961 plerique,
369 1914 524 1952 deducat.
551 1915 654 1963 Lege
675 1943 685 1959 ,
714 1913 857 1963 fiducat
879 1926 963 1952 cum
987 1926 1084 1952 non-

48 1963 162 2000 nullis.
190 1964 227 2000 &
251 1975 341 2000 mox
361 1965 440 2013 jam
463 1965 573 2012 mista.
601 1976 813 2014 quanquam
843 1965 922 2002 libri
944 1973 1083 2002 veteres

49 2023 135 2050 cum
156 2013 428 2062 vulgatis‚nam.
455 2016 549 2053 Puto
570 2016 678 2053 etiam
702 2016 811 2064 paulo
828 2024 912 2052 ante
927 2044 936 2060 ,
964 2016 1015 2052 ita
1038 2017 1086 2052 Di

47 2063 221 2112 jubeatis,
249 2075 288 2100 ut
308 2065 419 2111 istum.
446 2077 523 2103 non
547 2079 589 2106 ω’
608 2066 719 2114 istum.
752 2066 868 2103 IDEM.
926 2067 1084 2102 Diducat

50 2120 190 2158 tamen,
211 2114 312 2163 quod
324 2115 559 2153 Bersmannus
590 2118 628 2153 &
650 2117 708 2153 alii
725 2128 895 2164 recepere
910 2144 920 2160 ‚
942 2129 1019 2153 non
1030 2125 1085 2153 te-

53 2173 157 2199 mere
180 2175 370 2202 moverem
388 2195 396 2209 ,
424 2166 524 2216 quod
545 2167 579 2204 in
601 2167 670 2203 hac
693 2179 730 2203 re
750 2168 937 2215 proprium
955 2168 992 2204 ἃ
1007 2167 1083 2203 effi-

53 2222 120 2267 cax
135 2241 146 2257 ,
168 2225 234 2261 pro
267 2214 411 2254 divellat
431 2229 451 2254 a
474 2217 745 2266 complexibus:
772 2216 820 2254 sic
842 2216 939 2266 apud
961 2217 1085 2255 Hora—

53 2270 149 2300 tium
168 2264 228 2301 lib.
255 2266 407 2303 11i.0d.
423 2280 458 2314 9.

157 2315 256 2370 Qid
267 2325 282 2352 ?
307 2314 335 2360 [ἱ
348 2317 458 2365 prisca
479 2319 567 2356 redit
588 2326 716 2364 Venus,

200 2366 431 2416 Diduttosque
444 2367 523 2416 jugo
542 2371 626 2417 cogit
645 2374 759 2408 a'e‘neo.

50 2413 130 2452 vUbi
151 2415 246 2453 male
265 2416 374 2454 etiam
397 2417 553 2454 deductos
572 2419 641 2455 alii.
668 2420 827 2468 propert.
845 2432 874 2458 r.
890 2433 980 2458 x111.
995 2432 1051 2469 19.

41 2483 46 2486 ·
107 2472 188 2503 Non
207 2480 260 2515 ego
282 2467 469 2516 complexus
483 2469 581 2518 potui
602 2469 756 2507 diducere
779 2470 914 2517 vestros.

55 2514 104 2555 Et
123 2515 180 2554 lib.
193 2529 237 2554 11.
251 2517 340 2566 eleg.
353 2527 459 2568 vt.3.

107 2568 161 2604 Ni
180 2582 239 2605 nos
259 2568 431 2606 divideret
444 2599 454 2615 ‚
482 2571 646 2621 quamvis
668 2571 822 2608 diducere
843 2581 1001 2608 amantes
1014 2599 1025 2616 ,

155 2624 237 2655 Non
258 2630 361 2669 queat
381 2620 510 2657 invitos
529 2622 672 2670 Jupiter
696 2622 758 2669 ipse
778 2623 870 2658 duos.

41 2667 169 2716 Saepe
190 2669 227 2706 in
237 2669 576 2708 Declamationibus
588 2671 827 2719 Quinctilium
848 2672 921 2709 hoc
933 2673 1087 2710 verbum

52 2719 232 2764 occurrit;
262 2719 308 2757 fic
338 2720 439 2770 supra
465 2734 521 2759 11.
546 2722 626 2769 560.
663 2721 827 2771 nodosque
858 2735 968 2758 manu
988 2724 1091 2760 didu-

55 2769 114 2806 cit.
150 2771 370 2808 contrarium
394 2772 441 2809 est
462 2773 639 2809 conducere
668 2771 771 2821 quod
791 2784 882 2809 mox
905 2772 1062 2823 sequitur
1077 2802 1088 2819 ,

57 2818 103 2856 de
122 2831 197 2868 quo
217 2820 291 2857 vid.
313 2821 520 2860 Heinfium.
547 2823 678 2861 Burin.

109 2879 190 2918 373.
204 2877 287 2907 Vota
305 2870 380 2917 suos
389 2872 537 2909 habuere
554 2874 681 2923 Deos.]
708 2873 751 2910 In
774 2872 919 2911 ambob.
934 2873 1083 2913 Caelest.

58 2921 212 2965 Tetigere.
240 2922 347 2957 C101=⁴
373 2922 446 2959 vid.
467 2923 557 2971 supr.
581 2925 661 2970 165.

109 2978 191 3017 375.
202 2972 379 3008 conducat
390 2973 507 3010 cortice
516 2974 657 3023 ramos]
672 2974 727 3011 Ita
738 2973 785 3011 est
795 2974 1088 3023 legendumtnon

54 3027 182 3073 autem
202 3020 368 3058 audiendi
388 3022 467 3060 sunt
486 3024 535 3060 illi
548 3051 558 3068 ‚
585 3026 646 3073 qui
666 3025 805 3072 legunt,
818 3025 973 3063 inducat.
996 3033 1088 3064 Con-

59 3069 157 3104 ductt
175 3071 279 3115 prim.
295 3072 481 3110 Mediceus
501 3085 586 3110 cum
610 3075 765 3111 Norico.
792 3074 943 3113 Thuan.
963 3078 1091 3114 condu-

61 3119 164 3155 citur.
194 3131 270 3155 cum
291 3121 525 3160 ducitErfurt.
555 3124 658 3172 Lege
671 3152 681 3168 ,
701 3125 871 3161 conantia
892 3127 1018 3165 cortice.
1046 3128 1089 3165 In

61 3179 139 3206 uno
160 3176 256 3204 certe
276 3169 450 3209 Mediceo
475 3172 598 3221 postea
619 3174 759 3218 inveni,
781 3175 940 3212 conducto
962 3178 1091 3216 cortice.

61 3217 312 3303 Cortex6saepe
332 3220 525 3261 foeminini
553 3223 693 3272 generis
714 3225 812 3272 apud
825 3226 1013 3267 Nostrum.
1032 3227 1092 3267 lib.

59 3280 152 3314 svm.
172 3279 188 3310 7
221 3280 253 3304 2.

111 3319 222 3406 Hagd
241 3318 343 3406 alivtler
355 3318 468 3371 fluxit
487 3323 626 3374 discussa
654 3323 771 3365 cortice
784 3323 938 3376 sangui.»-E

192 3382 256 3408 om.
316 3398 325 3409 .

1820 194 1913 252 IV.
2069 210 2136 258 27
2143 213 2164 256 3

2083 868 2169 925 Sic

1128 951 1187 989 lib.
1208 964 1262 989 1x.
1282 952 1365 1000 658.
1931 996 1938 1000 Ἰ

1309 1012 1350 1037 ut
1364 1000 1459 1049 fiand
1475 1003 1586 1050 piceae
1609 1000 1648 1036 de
1671 998 1786 1036 cortice
1805 1005 1939 1047 guttae·

1128 1051 1192 1091 lib.
1207 1065 1239 1089 x.
1253 1066 1270 1102 ς
1282 1065 1333 1089 12.

1302 1101 1381 1150 fiffa'
1403 1102 1520 1139 cortice
1539 1100 1670 1138 vivum

1185 1154 1312 1190 Reddit
1335 1166 1428 1190 onus.

1132 1204 1192 1242 111).
1206 1216 1283 1241 xiv.
1302 1206 1387 1253 030.

1188 1268 1238 1274 ··-
1256 1270 1280 1275 -
1306 1255 1383 1304 fissa
1406 1255 1503 1291 modo
1523 1255 1640 1291 cortice
1659 1254 1793 1302 lignum

1189 1306 1321 1354 Inserit.

1133 1357 1182 1394 ita
1204 1357 1350 1395 codices
1367 1356 1535 1394 nonnulli
1553 1356 1620 1393 istis
1640 1354 1742 1392 locis.
1769 1363 1890 1402 neque
1911 1351 2047 1407 obstat,
2072 1352 2176 1402 quod

1136 1407 1270 1444 Noster
1291 1408 1366 1445 aliis
1395 1408 1485 1445 locis
1508 1408 1706 1444 masculino
1737 1415 1871 1453 genere
1903 1403 1950 1439 est
1972 1406 2060 1440 ulus.
2087 1414 2175 1457 cum

1133 1466 1290 1507 utroque
1320 1470 1455 1507 genere
1475 1457 1672 1506 Virgilium
1701 1466 1853 1505 quoque
1885 1451 2008 1490 dixiffe
2032 1454 2180 1497 Nonius

1129 1509 1208 1557 jam
1232 1508 1440 1553 observarit,
1462 1510 1525 1558 qui
1548 1508 1727 1545 videatur.
1766 1503 1928 1559 Floridus
1952 1506 2085 1560 Poeta:

1188 1560 1317 1596 Cortici
1332 1562 1494 1609 summae
1518 1560 1641 1595 notavi
1664 1570 1786 1594 nornen
1809 1555 1940 1592 ardoris
1961 1567 2039 1592 met.

1136 1611 1314 1647 Martialis
1332 1611 1388 1647 lib.
1403 1623 1490 1646 xm.
1502 1610 1568 1658 Ep.
1580 1609 1638 1646 8¹5.

1189 1662 1320 1698 Cortice
1342 1659 1483 1709 depofita
1503 1660 1614 1696 mollis
1638 1658 1787 1695 Echinus
1808 1656 1883 1694 erit.

1138 1713 1191 1750 Ita
1214 1721 1317 1749 vetus
1338 1710 1458 1748 codex
1481 1710 1608 1747 Voffii.
1638 1721 1727 1747 mox
1761 1720 1826 1757 pro
1849 1708 1955 1745 csrnit
1972 1735 1982 1751 ,
2010 1718 2095 1744 cum
2116 1707 2178 1744 sex

1135 1763 1268 1810 scriptis
1293 1791 1304 1807 ‚
1358 1771 1475 1798 cernat
1515 1760 1565 1799 est
1603 1760 1814 1810 legendum.
1869 1757 2090 1807 Cogitabam
2117 1756 2181 1803 alig

1137 1813 1286 1864 quando
1300 1841 1313 1859 ,

1370 1864 1546 1913 Faciefique
1566 1861 1745 1899 inducitur
1766 1861 1835 1898 illis

1190 1921 1278 1953 Una.
1307 1916 1388 1952 duos
1407 1926 1448 1952 ut
1461 1914 1495 1963 fi
1514 1911 1682 1950 conductu
1702 1913 1820 1949 cortice
1842 1926 1955 1949 ramos

1192 1967 1374 2014 Crescendo
1386 1966 1488 2016 jungi
1500 1965 1697 2014 pariterque
1718 1963 1898 2011 adolescere
1917 1975 2046 2000 cernas.

1140 2018 1319 2054 conducere
1341 2017 1494 2053 corticem
1509 2043 1518 2058 ,
1545 2013 1743 2063 quomodo
1764 2014 1915 2050 'vulnera
1940 2013 2118 2049 conducere
2139 2013 2176 2052 δε

1140 2069 1277 2112 ducere,
1307 2069 1345 2105 &
1365 2066 1656 2105 contradiducere
1667 2063 1763 2113 apud
1775 2063 1957 2101 Medicos.
1986 2063 2181 2106 Va1.F1ae-‚

1142 2130 1202 2156 cus
1220 2116 1279 2155 lib.
1299 2131 1327 2155 1.
1340 2117 1387 2155 vs.
1401 2117 1484 2165 480.

1647 2165 1783 2215 fifflzque
1797 2164 1910 2214 fluctu

1193 2220 1251 2257 Vel
1267 2221 1337 2270 pice
1356 2219 1412 2257 vel
1433 2219 1528 2257 molli
1549 2217 1726 2255 conducere
1746 2217 1895 2252 vulnera
1918 2215 2004 2252 cerd.

1140 2271 1190 2308 ita
1210 2271 1338 2308 vetusti
1370 2270 1539 2314 codices,
1567 2267 1665 2305 haud
1698 2266 1806 2303 dubie
1838 2277 1934 2302 vere.
1964 2264 2082 2301 nubila
2102 2266 2181 2302 conS

1142 2322 1258 2358 ducere
1291 2321 1425 2358 Noster
1452 2320 1511 2357 lib.
1529 2333 1558 2358 1.
1584 2318 1836 2364 Metamorph.
1857 2317 2034 2351 conducere
2054 2316 2153 2352 enim
2168 2343 2179 2361 ,

1141 2372 1367 2409 contrahere.
1399 2381 1514 2421 partes
1545 2369 1722 2406 conducere
1762 2367 1799 2402 in
1831 2379 1939 2401 unum
1972 2366 2181 2413 frequenter

1138 2422 1237 2470 apud
1259 2422 1477 2459 Lucretium
1499 2419 1668 2457 occurrit.
1720 2417 1836 2452 Vetus
1859 2420 1967 2464 poeta
1990 2415 2084 2462 apud
2099 2415 2179 2470 Ser-

1142 2474 1243 2519 giurn
1275 2472 1314 2508 in
1345 2480 1459 2508 artem
1473 2469 1614 2507 Donati
1629 2481 1636 2504 :
1651 2466 1815 2503 Pontibus
1837 2466 1990 2513 instratis
2013 2465 2180 2501 conduxit

1145 2522 1265 2557 littora
1275 2529 1413 2557 Xerxes.
1434 2532 1500 2568 pro
1523 2531 1599 2567 quo
1623 2517 1802 2565 conjunxit
1816 2515 1976 2564 agnoscit
1986 2514 2182 2551 Terentia-

1139 2583 1212 2608 nus
1235 2573 1397 2608 Maurus.
1427 2570 1488 2607 sed
1518 2568 1684 2605 conduxit
1704 2567 1823 2602 littora
1846 2567 1956 2603 etiam
1981 2564 2076 2613 apud
2088 2564 2180 2602 alios

1144 2621 1418 2658 Grammaticos
1444 2621 1482 2657 in
1503 2620 1566 2656 1110
1587 2617 1688 2655 versu
1710 2618 1879 2653 occurrit.
1907 2615 2074 2653 Avienus
2096 2614 2180 2661 Dez

1143 2670 1337 2720 scriptione
1360 2671 1586 2708 Terrarum:

1447 2726 1562 2769 Caput
1583 2717 1684 2767 hujus
1706 2717 1831 2767 cespitis
1852 2727 1970 2755 autem

1194 2773 1324 2810 Artius
1344 2770 1481 2821 angusto
1504 2769 1661 2808 conducit
1680 2769 1782 2806 litora
1802 2771 1929 2806 tractu.

1145 2822 1249 2862 Idem
1264 2851 1275 2869 ,

1715 2871 1836 2918 Isthmi

1196 2925 1326 2976 Quippe
1348 2935 1448 2976 caput
1463 2925 1647 2975 summum
1668 2925 1878 2961 conducitur.

1141 2978 1318 3013 conducere
1331 2978 1495 3025 stauarum
1519 2977 1728 3024 frequenter
1749 2973 1844 3022 apud
1866 2973 2006 3024 Dieiyn
2030 2971 2181 3010 Creten?

1141 3026 1215 3063 sem
1242 3039 1308 3075 pro
1320 3033 1484 3063 Senatum
1506 3040 1623 3074 cogere.
1645 3032 1771 3062 contra
1783 3025 1937 3061 diducere
1959 3036 2071 3059 ramos
2083 3018 2181 3068 apud

1146 3076 1303 3114 Persium
1319 3077 1433 3126 Satyr.
1456 3088 1521 3114 111.
1545 3088 1589 3113 ex
1612 3075 1760 3123 optimis
1781 3074 2020 3112 membranis:

1197 3132 1244 3164 Et
1265 3127 1328 3164 tibi
1350 3141 1436 3178 quae
1459 3127 1590 3165 Samios
1612 3126 1758 3163 diduxit
1775 3126 1901 3174 pagina
1926 3134 2049 3158 ramos.

1147 3178 1195 3216 Et
1216 3179 1286 3216 Sat.
1308 3189 1344 3216 v.
1395 3194 1399 3198 ·

1631 3228 1728 3264 Vitae
1748 3225 1873 3273 nescius
1893 3236 1983 3259 error

1158 3322 1161 3323 ⁷
1199 3280 1346 3316 Diducit
1367 3280 1515 3329 trepidas
1533 3278 1668 3323 ramofiz
1691 3277 1730 3312 in
1749 3275 1893 3323 compita
1913 3284 2051 3310 mentes.

1148 3328 1206 3377 §ic
1229 3336 1386 3379 utroque
1398 3330 1487 3372 loco
1506 3326 1728 3415 legendunfvs
1756 3332 1796 3361 ut
1819 3335 1955 3376 magno
1969 3323 2187 3380 Casaubono

1691 3385 1777 3426 v111
2110 3383 2189 3425 jam
