2483 3616
244 154 350 224 842'
696 150 1263 215 ¹P.OVIDII

1335 153 1861 210 NASONIS

530 271 624 328 Tu
653 274 780 328 mihi
808 269 999 324 Caenis
1024 267 1141 320 eris.
1170 281 1269 318 nee
1294 278 1349 319 te
1373 269 1556 322 natalis
1581 269 1735 341 origo

537 342 913 403 Comminuit?
955 351 1302 408 mentemque
1325 337 1490 402 subit,
1527 357 1637 410 quo
1663 341 1894 411 praemia
1922 338 2089 402 fatto,

531 416 764 488 Quaque
788 413 888 468 viri
912 411 1086 466 falsam
1112 409 1343 482 speciem
1367 411 1618 463 mercede
1641 414 1865 481 pararis?

531 488 636 543 Vel
662 486 790 558 quid
817 498 936 539 nata
959 484 1109 545 vide,
1150 482 1230 537 vel
1255 480 1387 553 quid
1415 481 1472 534 sis
1500 480 1635 553 pass'a
1662 500 1672 535 :
1714 485 2031 558 columque,

387 578 483 633 475
527 559 576 622 I,
614 575 745 630 cape
769 576 894 612 cum
921 555 1162 617 calathis;
1202 552 1257 606 δε
1281 551 1497 606 stamina
1521 552 1713 623 pollice
1741 566 1966 628 torque:

527 631 675 686 Bella
698 631 937 703 relinque
963 629 1098 683 viris.
1139 625 1353 696 jaetanti
1377 625 1496 679 talia
1520 624 1766 679 Caeneus

530 703 829 758 Extentum
853 702 1005 756 cursu
1031 699 1179 754 miss'a
1205 698 1340 752 latus
1366 699 1503 752 eruit
1530 697 1669 752 hasta
1686 737 1701 761 ,

529 776 655 847 Qua
678 777 758 829 vir
784 791 926 847 equo
951 770 1257 827 commiffus
1284 784 1411 825 erat.
1447 770 1574 825 furit
1602 771 1687 824 ille
1711 769 1930 824 dolore:

529 849 798 920 Nudaque
824 846 1023 917 Phyllei
1049 844 1256 915 juvenis
1278 843 1402 898 ferit
1431 862 1522 897 ora
1549 841 1736 898 sariffii.

386 921 491 991 480
528 921 653 976 Non
680 919 827 973 secus
853 919 982 972 haec
1010 917 1198 981 resilit,
1236 933 1395 989 quam
1422 916 1548 971 teeti
1576 919 1603 970 a
1628 915 1861 970 culmine
1886 915 2119 986 grando:

528 994 642 1047 Aut
669 991 705 1045 fi
732 992 849 1064 quis
873 1008 1039 1062 parvo
1067 991 1217 1044 feriat
1243 1007 1370 1043 cava
1398 1002 1644 1062 tympana
1670 988 1809 1043 sax0.

530 1065 793 1119 Cominus
819 1062 1132 1135 adgreditur
1159 1082 1169 1117 ;
1211 1062 1472 1134 laterique
1498 1061 1795 1116 recondere
1821 1061 1960 1116 duro

525 1136 787 1192 Luffitatur
815 1137 1067 1208 gladium.
1094 1135 1270 1206 gladio
1295 1136 1412 1188 loca
1441 1136 1622 1205 pervia
1649 1152 1758 1188 non
1783 1135 1918 1189 sunt.

525 1208 695 1265 Haud
721 1223 898 1263 tamen
927 1206 1148 1278 effugies
1173 1227 1184 1261 :
1227 1207 1409 1261 medio
1433 1207 1753 1279 jugulaberis
1781 1209 1932 1272 ense,

380 1283 484 1352 485
524 1281 985 1355 Quandoquidem
1013 1298 1201 1335 mucro
1227 1278 1301 1333 est
1325 1279 1512 1343 hebeS,
1551 1279 1754 1350 inquit;
1798 1281 1852 1333 δε
1879 1282 1935 1335 in
1959 1282 2091 1338 latus
2118 1283 2297 1338 ensem

527 1355 782 1428 Obliquat
812 1373 823 1408 :
863 1355 1131 1426 longaque
1157 1350 1490 1424 ampletstitur
1514 1353 1600 1406 ilia
1623 1352 1828 1406 dextra.

523 1427 683 1499 Plaga
707 1427 833 1481 facit
858 1427 1115 1498 gemitus,
1153 1443 1254 1479 ceu
1282 1442 1512 1497 corpore
1538 1426 1818 1480 marmoris
1845 1424 1976 1482 iffi:

526 1499 821 1572 Fraetaque
846 1498 1062 1553 diffiluit
1087 1496 1332 1570 percuffo
1359 1497 1549 1552 lamina
1578 1499 1734 1552 collo,

529 1571 607 1626 Ut
631 1572 748 1626 satis
772 1572 972 1626 illaesos
999 1570 1210 1625 miranti
1232 1569 1475 1642 praebuit
1503 1583 1676 1634 artus;

376 1664 480 1716 490
516 1645 677 1701 Nunc
703 1662 830 1719 age,
868 1645 940 1698 ait
968 1643 1241 1711 Caeneus,
1279 1642 1461 1700 nostro
1489 1656 1578 1701 tua
1601 1660 1827 1716 corpora
1852 1646 1999 1702 ferro

286 1870 370 1906 472.
407 1856 669 1907 commonuit]
725 1857 926 1896 commovit
973 1859 1080 1897 multi
1122 1865 1276 1897 veteres.

233 1909 454 1947 comminuit
470 1910 576 1958 prim.
589 1908 698 1946 Palat.
709 1909 918 1958 Cantabrig.
932 1907 1147 1959 Bernegger.
1162 1910 1200 1948 ὅ(
1212 1910 1275 1948 de-

232 1972 316 1998 cem
338 1961 410 1998 alii.
437 1960 547 2009 Epist.
573 1971 653 1998 111.
685 1971 764 2008 134.

281 2029 327 2059 Ut
346 2032 480 2059 taceam
494 2049 503 2066 ‚
529 2021 695 2071 lacrymis
712 2022 939 2061 comminuere
959 2021 1054 2061 meist

229 2083 339 2123 Pont.
360 2096 441 2122 111.
467 2084 524 2122 El.
547 2097 628 2123 111.
656 2096 717 2135 33.

532 2147 621 2197 ignis
636 2160 678 2188 ω’
696 2162 796 2186 arcus

280 2198 413 2246 Ingenii
433 2197 527 2236 vires
545 2200 773 2237 comminuere
793 2200 871 2237 mei.

230 2265 393 2303 animum
409 2266 556 2316 alicujus
576 2267 803 2304 comminuere
822 2267 906 2304 Val.
927 2267 1115 2305 Maximus
1138 2265 1196 2304 lib.
1222 2278 1235 2303 1
1248 2278 1277 2304 r.

229 2326 307 2364 cap.
327 2328 384 2354 10.
394 2318 564 2355 nonnulli
575 2317 736 2363 codices,
749 2318 943 2356 Continuit.
956 2328 1039 2362 tres,
1053 2318 1253 2355 Admonuit
1265 2345 1276 2362 ‚

231 2375 270 2403 ut
295 2367 402 2415 Epist.
423 2368 609 2417 Sapphus,

590 2432 649 2455 nec
672 2429 704 2456 te

278 2467 504 2513 Admonuit,
536 2471 625 2520 quod
635 2481 674 2506 tu
690 2470 812 2519 pignus
825 2470 980 2508 amantis
990 2468 1104 2507 habes.
1133 2470 1279 2507 HEins.

261 2529 364 2571 ¹472.
392 2520 554 2557 Praemia
572 2521 707 2570 sabim]
738 2523 842 2558 Pullo
869 2521 1007 2559 Medic.
1029 2533 1093 2558 un.
1115 2520 1153 2557 &
1175 2520 1277 2558 Bafil.

232 2566 306 2603 vid.
324 2567 383 2605 lib.
404 2581 458 2606 xv.
486 2572 568 2619 756.
598 2577 802 2608 Mentem-ve
824 2574 935 2610 etiam
959 2571 1027 2609 sec.
1047 2572 1278 2612 Moret.f0r-

230 2626 268 2653 te
282 2644 291 2660 ,
321 2629 513 2657 mentemne
524 2620 630 2668 subit.

282 2678 374 2722 474.Ι
393 2670 491 2715 Qid
503 2671 550 2717 fis
572 2681 658 2708 nata
678 2672 796 2722 vide]
840 2672 898 2710 Vel
916 2673 1001 2723 quid
1020 2681 1108 2709 nata
1127 2671 1211 2709 vide
1227 2683 1272 2710 ex

230 2717 456 2755 melioribus.
484 2720 629 2758 Hmus.

279 2768 363 2813 476.
391 2768 520 2817 Bella.]
551 2770 630 2806 Tela
651 2770 803 2819 relinque
820 2783 913 2809 unus
924 2773 1149 2811 Medic-‚non
1163 2773 1271 2811 male.

279 2830 366 2863 477.
402 2819 640 2868 Externum]
687 2821 891 2869 Eleganter.
930 2822 980 2858 ita
1022 2822 1272 2860 Tertullianus

224 2868 395 2916 'Apolog
424 2880 501 2916 cap.
523 2869 556 2906 8.
585 2869 739 2918 Offulae,
770 2883 857 2919 quae
879 2883 975 2908 canes
999 2872 1048 2907 ad
1068 2874 1271 2919 eversionem

227 2918 406 2956 luminum
430 2921 645 2963 extendant;
668 2920 728 2957 ubi
755 2920 854 2957 hunc
887 2921 1017 2958 Ovidii
1036 2921 1164 2959 locum
1187 2931 1270 2970 apte

228 2969 381 3007 adduxit
405 2969 693 3019 diligentiffimus
714 2970 1022 3018 Haverkampius.

278 3031 363 3067 477.
392 3026 502 3057 Latus
520 3020 608 3057 eruit
628 3020 768 3071 hasta]
806 3021 948 3057 Hauriit
969 3022 1003 3057 S.
1025 3021 1157 3058 Marci.
1179 3021 1268 3058 hau-

221 3071 319 3118 serat
336 3082 403 3119 pro
425 3070 563 3109 diversa
582 3070 742 3110 lestione
766 3071 872 3120 prim.
891 3071 1012 3108 Vatic.
1041 3071 1181 3108 Huius.

276 3131 361 3169 479.
391 3121 564 3172 Nudaque
594 3121 719 3159 Pellaei
740 3121 882 3171 juvenis
905 3122 993 3168 serit
1023 3122 1086 3170 offa
1102 3122 1267 3173 sariffiz]

225 3171 391 3218 Quidam
419 3172 564 3211 codices
581 3184 658 3211 non
679 3172 808 3210 Pellaei
825 3172 983 3217 habent,
1008 3172 1065 3209 sed
1092 3171 1269 3221 Phyllea,

223 3221 327 3268 quod
346 3234 421 3260 non
445 3225 622 3262 convenit
643 3225 776 3262 minus.
806 3223 951 3272 Phyllus
971 3222 1071 3260 enim
1086 3223 1211 3261 civitas
1234 3224 1272 3261 in

225 3269 448 3320 Phthiotica,
467 3286 538 3313 una
558 3284 716 3325 quatuor
735 3275 931 3327 regionum
944 3272 1166 3320 Thessaliae,
1186 3275 1274 3315 teste

2231 1718 2379 1777 Ten-

1332 1856 1444 1896 Strab.
1464 1856 1526 1896 lib.
1548 1869 1602 1895 rx.
1633 1857 1693 1896 ubi
1728 1858 1911 1907 Apollinis
1939 1858 2104 1909 Phyllaei
2125 1858 2267 1899 fanum.
2292 1860 2377 1900 hinc

1331 1908 1529 1958 Phylleiam
1557 1917 1711 1946 matrem
1729 1938 1740 1954 ,
1773 1911 1810 1948 id
1835 1911 1909 1956 est,
1938 1909 2150 1948 Thessalam
2173 1915 2287 1960 poe'ta
2308 1923 2379 1950 no·

1331 1960 1400 1998 ster
1417 1958 1571 2008 appellat
1589 1959 1722 1997 ultimo
1743 1960 1843 1998 Artis
1867 1962 2106 2004 Amatoriae,
2132 1969 2173 1999 ut
2188 1989 2199 2005 ,
2229 1969 2299 2000 Nec
2316 1962 2379 1999 tibi

1336 2019 1432 2060 turpe
1435 2018 1524 2059 puta
1537 2009 1728 2054 crinem,ut
1739 2009 1896 2059 Phylleia
1915 2020 2043 2055 mater,
2055 2011 2200 2048 Solvere.
2229 2013 2380 2050 Coxsr.

1336 2061 1430 2098 Fau.
1469 2060 1512 2097 In
1538 2061 1613 2098 aliis
1643 2060 1863 2098 editionibus
1878 2061 2035 2109 legitur,
2065 2061 2239 2112 Nudaque
2258 2062 2379 2109 Phylei

1327 2111 1470 2159 juvenis
1481 2126 1491 2154 ;
1516 2119 1556 2148 ut
1574 2110 1725 2150 dubitari
1745 2111 1852 2160 poffit
1870 2138 1882 2156 ,
1917 2120 2039 2149 utrum
2060 2110 2218 2158 Phyllaei
2232 2111 2352 2160 potius
2368 2141 2378 2157 ,

1334 2161 1449 2210 quain
1471 2161 1575 2198 Pellei
1594 2162 1790 2210 legendum
1815 2161 1879 2206 fit,
1907 2160 2070 2210 aPhyllo
2084 2160 2291 2201 Theffaliae
2306 2173 2377 2212 op·

1333 2213 1423 2260 pido
1442 2241 1452 2256 ,
1495 2213 1596 2262 cujus
1627 2217 1663 2250 ὃς
1685 2213 1885 2261 Stephanus
1914 2213 1953 2249 ἃ
1973 2212 2100 2250 Strabo
2121 2213 2293 2251 meminit
2315 2214 2377 2253 lib.

1335 2275 1387 2301 rx.
1417 2265 1450 2301 A
1484 2275 1560 2312 quo
1581 2264 1619 2300 δί
1636 2264 1798 2314 Phyllaei
1818 2263 2006 2312 Apollinis
2028 2262 2211 2310 templum
2234 2263 2375 2304 dictum

1332 2314 1414 2352 fuit.
1468 2314 1640 2363 Hyginus
1675 2323 1798 2352 autem
1827 2315 1865 2352 ὃς
1895 2322 2066 2352 montem
2094 2313 2310 2363 Phyllaeum
2338 2316 2376 2354 in

1333 2363 1518 2403 Thessalia
1539 2364 1640 2402 fuisse
1658 2366 1802 2404 testatur
1820 2366 1857 2402 in
1876 2364 2044 2413 catalogo
2065 2363 2379 2413 Argonautarum.

1331 2415 1438 2464 hujus
1457 2418 1567 2453 etiam
1590 2416 1768 2464 Apollon.
1788 2417 1958 2454 meminit
1977 2416 2036 2452 lib.
2060 2428 2088 2454 1.
2103 2425 2160 2463 35.
2181 2416 2241 2454 ubi
2260 2418 2332 2455 ait:

1386 2467 1504 2501 Ηλυέε
1527 2462 1559 2503 δ’
1578 2467 1736 2510 Α’ςερὶων
1754 2466 1976 2512 αὖτοσχεὲὸν
1989 2493 1999 2508 ,
2029 2466 2061 2502 ὅν
2083 2463 2124 2511 βαι
2143 2466 2313 2512 Κομήτης

1385 2519 1530 2554 reims-0
1550 2517 1725 2559 δινηέντος
1745 2514 1807 2563 ἐφ’
1829 2516 1945 2554 ὕδασιν
1968 2516 2158 2554 Απιδανοῖο

1384 2570 1566 2613 Πιρεσὶεις,
1594 2569 1684 2611 ’ὄρεος
1703 2567 1884 2607 Φυλλῆῖου
1905 2568 2037 2613 ἀγχόθι
2059 2569 2167 2606 ναίων.

1334 2620 1510 2659 Μιςηι.
1540 2619 1641 2656 Pillei
1672 2620 1832 2657 Florent.
1853 2618 1887 2655 S.
1907 2618 2039 2657 Marci.
2058 2619 2201 2664 Scribe,
2230 2619 2372 2669 Phyllei.

1329 2673 1493 2712 Φυλλοῖς
1519 2671 1623 2712 πόλις
1644 2669 1680 2704 ἐν
1699 2670 1909 2715 Θετταλίᾳ.
1953 2671 2178 2719 Quanquam
2202 2670 2373 2720 Hyginus

1329 2722 1415 2760 Fab.
1437 2733 1514 2759 nv.
1536 2729 1704 2757 montem
1730 2722 1766 2757 in
1788 2718 1971 2758 Theli'alia
1994 2720 2185 2758 contendit
2197 2720 2278 2759 esse.
2299 2722 2372 2760 dixi

1327 2773 1373 2810 ad
1393 2772 1501 2821 Epist.
1524 2783 1633 2808 xitr.
1661 2770 1708 2807 vs
1741 2783 1797 2820 35.
1826 2771 1968 2808 Hssms.

1377 2824 1463 2870 480.
1494 2825 1529 2857 A
1560 2821 1748 2870 culmine]
1779 2821 1887 2857 Abest
1909 2819 2129 2868 praepositio
2150 2834 2169 2859 a
2188 2822 2370 2860 sexdecim

1325 2873 1433 2912 libris.
1459 2886 1482 2909 a
1511 2872 1657 2922 tegmine
1689 2871 1850 2908 Voffian.
1878 2870 1976 2918 jana
2007 2883 2028 2906 a
2051 2871 2200 2909 culmine
2225 2873 2370 2911 Bonon.

1325 2933 1407 2961 tert.

1376 2974 1461 3021 483.
1492 2970 1701 3019 Labienum]
1727 2975 1886 3007 Conatur
1906 2971 2037 3019 Sprotii
2058 2973 2096 3009 &
2120 2971 2318 3009 Leidenfis.

1375 3024 1458 3069 486.
1487 3022 1675 3070 Obliquat,
1705 3021 1869 3070 longaque
1891 3022 2107 3071 ampleblitur
2128 3022 2190 3058 ilia
2212 3021 2367 3073 dextra]

1326 3073 1403 3110 Nili
1436 3073 1533 3121 longa
1561 3084 1626 3119 pro
1653 3081 1800 3111 extenta
1822 3084 2074 3120 exponamus,
2098 3084 2174 3109 non
2196 3073 2370 3121 equidem

1326 3124 1512 3173 intelligo,
1542 3134 1624 3159 cum
1651 3122 1766 3161 sensus
1796 3123 1933 3172 alioqui
1952 3135 2028 3160 non
2046 3122 2087 3159 fit
2109 3121 2288 3160 obscurus.
2315 3125 2372 3162 vi-

1328 3173 1433 3212 detur
1462 3175 1560 3211 enim
1594 3173 1723 3211 caesim
1757 3186 1856 3211 nunc
1873 3171 2093 3217 verberasse,
2121 3173 2184 3221 qui
2204 3173 2370 3221 punfflrn

1330 3232 1446 3262 antea.
1475 3225 1506 3261 G
1515 3237 1682 3263 LAREAN.
1710 3223 1905 3275 obliquam
1927 3224 2025 3273 longa
2044 3223 2274 3274 compleHitur
2295 3224 2319 3261 i.
2336 3224 2372 3263 d.

1330 3287 1423 3315 unus
1440 3275 1594 3314 Moreti.

2176 3324 2261 3374 487.
2288 3323 2375 3370 Pla·⁴

2460 2483 2467 2577 l

2457 2579 2464 2710 ε

2451 2714 2460 2940 l

2445 2941 2455 3201 1

2440 3352 2444 3386 ,⁸
2477 3362 2483 3384 ι

2478 3385 2483 3404 i

2467 3404 2483 3616 l

2480 1733 2483 1755 1

2481 1769 2483 1780 ι

2476 1875 2483 1930 l

2472 2631 2483 2671 1

2475 2538 2483 2563 i
