2483 3616
286 129 1521 240 METAMORPHOSEON
1596 173 1922 235 Lmvlss,

2073 176 2173 247 587

327 297 598 352 Fortibus:
640 293 863 346 Ancaeo
890 291 1076 345 nocuit
1102 290 1380 345 temeraria
1409 290 1590 343 virtus

319 369 497 423 Dixit:
540 366 592 419 δε
621 366 794 418 aerata
820 364 968 418 torsit
995 381 1150 435 grave
1175 362 1391 434 cuspide
1416 380 1671 416 cornum:

320 441 448 511 Quo
473 439 609 494 bene
635 437 853 500 libram,
891 438 1113 510 votique
1139 448 1361 507 potente
1389 435 1605 499 futuro,

176 530 278 583 410
316 512 533 566 Obstitit
559 510 762 565 esculea
787 509 1068 564 frondosus
1097 509 1159 563 ab
1185 508 1374 563 arbore
1399 525 1588 562 ramus.

327 583 479 639 Misit
504 585 559 639 &
584 583 877 637 Aesonides
896 582 1153 653 jaculum:
1193 580 1342 654 quod
1368 580 1509 634 casus
1536 580 1598 633 ab
1623 581 1712 634 illo

315 658 497 713 Vertit
523 657 578 711 in
603 656 853 710 immeriti
881 655 1335 716 fiitumlat1·anti8‚
1375 653 1457 717 ἅτ,
1495 654 1634 707 inter

315 730 403 785 Ilia
428 728 758 801 comestum,
794 729 984 782 tellure
1010 745 1106 798 per
1131 728 1215 781 ilia
1243 726 1408 781 fixum
1434 725 1521 780 est.

316 804 394 857 At
424 820 605 858 manus
631 801 875 856 Oenidae
903 801 1094 854 variat:
1133 798 1402 871 missisque
1429 799 1629 855 duabus
1650 846 1663 864 ‚

35 1297 87 1341 Ut
101 1295 216 1346 procul
236 1295 280 1334 ad
300 1293 428 1345 confiste
453 1295 638 1334 referatur.
671 1297 745 1335 hoc
767 1297 879 1346 exigit
912 1295 954 1334 τὸ
989 1291 1074 1333 emi-

35 1360 110 1386 nus.
136 1347 268 1386 Bunm.

4 1399 5 1402 ’
81 1400 165 1444 406.
195 1406 281 1435 Pars
298 1398 438 1435 animae
460 1395 588 1446 consiste
606 1398 730 1448 meae]
757 1399 862 1436 Haec
875 1398 983 1435 verba
996 1410 1074 1436 ma-

31 1448 170 1487 ximum
186 1461 268 1498 prae
288 1449 323 1487 se
336 1451 455 1487 ferunt
468 1461 636 1487 amorem
668 1450 948 1498 maximamque
961 1450 1075 1487 bene-

4 1505 5 1520 *
38 1499 254 1538 volentiam.
283 1500 359 1548 Ipse
380 1513 406 1537 1.
430 1501 538 1537 Pont.
558 1512 698 1538 v111.x.

4 1551 5 1588 Ξ
79 1555 117 1587 A
135 1550 199 1587 tibi
221 1551 341 1587 dileeffo
361 1551 495 1599 miſjam
516 1552 650 1600 Nafime
663 1550 816 1600 salntem

160 1602 379 1688 Accipegars
399 1601 538 1638 animae
558 1615 708 1651 magna,
737 1608 878 1654 Severe,
893 1614 998 1640 meae.

4 1668 5 1673 ¹
32 1651 210 1690 Horatius
237 1664 266 1689 1.
330 1651 362 1688 d.
384 1663 416 1700 3,

86 1706 131 1738 Et
144 1702 261 1750 serves
278 1703 418 1739 animae
436 1701 624 1740 dimidium
644 1716 748 1741 meae.

35 1750 140 1790 Idem
162 1765 207 1790 11.
228 1753 302 1790 Od.
326 1765 380 1799 17.

87 1806 127 1839 A
151 1812 184 1839 te
202 1817 296 1840 meae
305 1802 339 1852 si
349 1812 486 1853 partem
507 1804 646 1842 animae
667 1804 759 1855 rapit

4 1861 7 1912 ἱ
86 1854 266 1891 Maturior
283 1855 351 1891 vis.

39 1903 176 1942 Perfius
195 1917 231 1942 v.
253 1905 325 1943 Sat.
343 1918 361 1942 2
369 1917 402 1955 3.

88 1960 176 1991 Pars
199 1965 261 1992 tua
277 1954 348 2004 fit,
376 1962 550 2002 cornute,
577 1958 730 1996 animaej

5 2009 7 2055 ξ
41 2003 172 2043 Statius
191 2018 226 2043 v.
248 2005 332 2043 Silv.
356 2019 386 2044 1.
407 2020 487 2054 177.

5 2064 6 2067 ’
90 2061 178 2092 Pars
195 2056 334 2092 animae
362 2057 499 2094 vifflura
519 2072 612 2095 meae
629 2087 638 2103 ‚
664 2060 719 2097 cui
743 2058 898 2110 linquere
914 2059 1027 2109 poffim
1039 2086 1051 2104 ,

43 2153 67 2193 S
92 2110 122 2139 Ο
141 2105 302 2161 utinam,
329 2120 410 2156 quos
428 2108 517 2145 dura
537 2110 627 2147 mihi
649 2110 742 2161 rapit
763 2115 913 2160 Atropos
934 2123 1055 2148 annos.

70 2166 278 2193 annaZaHUS
291 2167 301 2193 Ζ

90 2211 180 2242 Pars
198 2205 356 2251 animae,
386 2209 548 2246 Puderice
565 2238 575 2255 ‚
602 2225 706 2250 meae.
735 2212 848 2250 ClOF.

91 2256 178 2303 408.
205 2261 325 2293 Grave
345 2259 513 2309 cuspide.]
557 2263 719 2300 Gravem
752 2263 888 2300 hastam
928 2274 972 2300 ex
1001 2274 1084 2300 cor-

43 2318 94 2346 nu
139 2307 362 2345 confeaam.
409 2309 572 2348 Remus.
619 2313 773 2351 Notabis
802 2322 926 2351 autem
965 2313 1084 2351 obiter

43 2357 241 2401 hocloco,
270 2371 375 2394 cornu
394 2367 524 2397 neutro
554 2373 687 2409 genere
719 2365 757 2400 ὃ(
776 2372 902 2412 quarta
921 2364 1080 2401 declina-

42 2408 144 2446 tione
165 2407 236 2446 dici
259 2408 303 2445 de
323 2409 449 2447 arbore
463 2422 528 2454 ‚ex
550 2413 749 2460 quahastae
762 2413 962 2462 fivejacula
975 2413 1079 2451 fiunt.

44 2458 178 2497 eodem
209 2459 309 2497 enim
338 2460 456 2498 modo
488 2462 562 2498 hoc
591 2461 731 2499 dietum
761 2465 903 2511 accipio
927 2491 936 2506 ‚
971 2477 1083 2511 grave

47 2520 148 2546 cornu
177 2517 218 2547 ut
247 2509 344 2559 apud
365 2510 560 2559 Virgilium
589 2512 649 2549 lib.
682 2524 735 2549 ix.
757 2512 842 2559 698.
871 2512 969 2549 Volat
990 2513 1082 2549 Itala

45 2571 187 2605 cornus,
212 2572 334 2610 neque
353 2561 455 2598 enim
472 2561 667 2599 verisimile
689 2562 737 2600 est
753 2590 763 2604 ,
799 2574 843 2599 ex
873 2575 988 2600 cornu
1003 2563 1081 2613 xbo-

6 2631 8 2656 t
45 2609 100 2648 vis
126 2619 188 2648 aut
218 2612 316 2649 cervi
348 2612 468 2661 jacula
494 2621 574 2650 tum
604 2612 682 2650 fieri
711 2612 858 2650 solitum
906 2610 1019 2650 fuisse.
1047 2613 1085 2651 id

6 2667 8 2677 ’
45 2660 148 2708 quod
166 2662 273 2709 Regii
294 2662 474 2710 expositio
497 2664 650 2700 innuere
672 2662 831 2700 videtur.
860 2665 1085 2702 MlcYLLUS.

6 2724 8 2746 ε
47 2714 198 2748 Cornum
225 2711 387 2750 Florent.
408 2713 441 2750 S.
455 2714 595 2757 Marci,
622 2713 1082 2761 Bernegger.primusMe-

47 2758 190 2805 diceus,
217 2773 299 2799 cum
332 2763 404 2801 alio
433 2763 595 2812 ejusdem
626 2763 870 2801 bibliothecae
898 2765 936 2801 ὃς
959 2775 1082 2803 excer-

47 2811 113 2858 ptis
136 2812 344 2849 Calandrae.
372 2813 481 2851 reste.
508 2822 549 2852 ut
571 2814 615 2851 ad
629 2814 797 2851 Gratium
815 2814 917 2852 suum
938 2814 985 2852 vs.
1001 2827 1082 2862 129.

49 2860 181 2899 Noster
210 2862 345 2901 Vlitius
371 2863 450 2912 jam
480 2865 630 2902 monuit
654 2864 896 2903 scribendum.
922 2865 981 2903 lib.
1015 2879 1089 2905 xri.

49 2920 134 2958 451.

99 2973 195 3010 Fixit
214 2974 252 3011 in
271 2975 411 3024 adverfh
434 2990 573 3016 cornum
594 2977 666 3025 sine
682 2979 811 3029 cuspide
832 2979 950 3017 vultu.

4 3030 9 3078 ⁸:
51 3037 220 3076 Cornum
247 3041 348 3077 enim
380 3041 459 3078 telis
488 3042 725 3080 conficiendis
761 3052 881 3092 aptam
915 3044 983 3082 esse
1006 3044 1085 3093 jam

53 3087 125 3134 ipse
149 3089 240 3126 libro
266 3103 339 3128 vir.
367 3091 404 3127 in
444 3090 562 3129 fabula
594 3093 746 3140 Cephali
776 3096 947 3138 monuit,
975 3096 1087 3144 idque

7 3147 9 3175 s
54 3137 197 3176 Gratius
216 3140 349 3190 aliique
370 3139 599 3178 confirmant.
626 3155 749 3191 neque
771 3145 870 3182 aliter
892 3146 995 3183 Silius
1010 3157 1086 3182 non

8 3206 10 3220 ι
55 3198 132 3224 uno
149 3189 234 3225 loco
251 3217 261 3233 ,
289 3191 508 3228 Claudianus
531 3193 655 3228 etiarn.
680 3194 895 3232 Hemsrus.
933 3201 1087 3231 Cornum

8 3244 9 3250 ¹
56 3247 124 3283 pro
143 3238 264 3284 sagitta
283 3240 385 3288 saepe
402 3243 489 3289 poni
503 3241 591 3277 novi
607 3268 616 3282 ,
638 3242 676 3277 ὃς
698 3245 842 3280 notavit
863 3246 1024 3282 Bartliius
1045 3245 1090 3281 ad

8 3295 10 3307 ³
60 3285 147 3326 Stat.
166 3287 288 3328 Theb.
303 3302 375 3330 vir.
393 3292 475 3338 647.
505 3293 543 3330 ὃς
574 3290 654 3330 alibi
668 3318 682 3336 ‚A
706 3291 767 3330 sed
798 3306 937 3332 cornum
957 3302 1090 3333 neutro

175 893 272 947 415
312 875 479 931 Hasta
503 877 648 947 prior
675 876 845 937 terra,
889 873 1072 927 medio
1100 870 1239 926 stetit
1267 872 1425 926 altera
1452 886 1622 945 tergo,

318 949 436 1004 Nee
462 965 638 1010 mora,
676 947 805 1001 dum
833 945 1021 1007 saevit,
1060 944 1189 998 dum
1217 962 1442 1016 corpora
1465 947 1632 999 versat
1654 947 1707 1001 in
1737 947 1960 1012 orbem;

318 1020 753 1091 Stridentemque
778 1035 923 1072 novo
950 1017 1185 1089 spumam
1216 1035 1340 1071 cum
1364 1019 1613 1089 sanguine
1638 1020 1843 1086 fundit;

320 1093 572 1150 Vulneris
600 1092 782 1147 auctor
810 1089 976 1144 adest:
1019 1089 1333 1163 hostemque
1361 1091 1533 1144 irritat
1560 1092 1623 1145 ad
1652 1093 1816 1148 iramz.

1985 1168 2173 1241 splen-2

1129 1308 1262 1346 genere
1284 1298 1372 1346 poni
1396 1298 1469 1335 hoc
1494 1297 1593 1335 sensu
1622 1297 1790 1336 nondum
1820 1297 1936 1346 liquet
1958 1297 2060 1334 mihi.
2082 1308 2175 1345 qua-

1130 1361 1167 1386 re
1189 1349 1264 1386 fere
1285 1349 1354 1392 est,
1384 1358 1423 1385 ut
1443 1349 1530 1386 illud
1558 1361 1666 1396 grave
1701 1347 1720 1384 a
1750 1346 1950 1396 glossatoris
1972 1359 2084 1385 manu
2105 1348 2174 1385 flu*

1129 1398 1217 1437 xiffe
1241 1399 1386 1437 credam
1412 1400 1449 1437 δε
1475 1400 1657 1436 Ovidium
1683 1397 1850 1446 scripfiffe
1866 1427 1875 1443 ‚

1309 1466 1446 1498 Aerata
1469 1459 1625 1511 contorfit
1652 1461 1781 1511 cuspide
1805 1474 1956 1500 cornum.

1133 1528 1268 1560 Cornus
1288 1535 1408 1561 aerata
1438 1526 1586 1575 cuspide,
1618 1526 1699 1571 vel,
1713 1535 1753 1564 ut
1773 1523 1856 1563 alias
1878 1524 1964 1563 dicit
1984 1526 2094 1563 etiam
2118 1536 2176 1560 ae*-

1133 1584 1232 1610 ratae
1259 1576 1399 1624 cuspidis
1417 1577 1477 1613 lib.
1494 1589 1528 1613 v.
1551 1578 1634 1624 9.&
1656 1589 1707 1614 vx.
1730 1577 1788 1622 78.
1810 1578 1848 1613 ὃς
1869 1588 1941 1613 vn.
1964 1586 2177 1625 131.acutae

1136 1625 1287 1674 cuspidis.
1315 1625 1449 1664 eodem
1464 1627 1581 1665 modo
1595 1627 1909 1675 latohastiliaferro
1921 1627 2018 1675 Virg.
2035 1639 2064 1664 Ι.
2081 1627 2176 1663 Aen.

1137 1687 1222 1724 313.
1249 1682 1341 1713 Aere
1364 1690 1448 1714 cavo
1471 1677 1590 1728 clipeus
1612 1678 1772 1715 111.286.
1794 1679 1831 1715 δε
1852 1676 1991 1714 infinita
2015 1677 2049 1714 id
2062 1687 2176 1724 genus

1135 1725 1265 1764 fimilia
1294 1728 1388 1776 apud
1405 1729 1578 1766 Nostrum
1599 1730 1636 1766 ὃ(
1668 1729 1770 1766 alios.
1795 1728 1894 1766 Vide
1916 1727 2039 1765 Heins
2062 1727 2105 1763 ad
2118 1738 2180 1763 xi,

1137 1777 1232 1815 Met.
1256 1789 1313 1827 37.
1341 1778 1505 1828 sequenti
1526 1792 1615 1817 vero
1636 1780 1740 1817 versu
1757 1780 1877 1827 legam
1897 1807 1907 1822 ‚
1936 1791 2005 1828 qua
2034 1777 2114 1813 bene
2133 1776 2178 1812 li-

1138 1826 1241 1864 brata
1265 1829 1406 1878 votique
1420 1839 1555 1879 potente
1565 1832 1696 1876 futura
1718 1858 1728 1874 ,
1760 1842 1855 1878 quae
1878 1831 2003 1865 omnia
2035 1836 2177 1865 mutata

1136 1878 1172 1914 in
1188 1879 1425 1917 masculinum
1445 1909 1454 1924 ,
1482 1883 1568 1930 quia
1590 1894 1693 1918 cornu
1710 1879 1909 1929 legendum
1933 1877 2003 1917 esse
2024 1878 2086 1917 sibi
2099 1890 2180 1928 per·

1135 1928 1310 1971 suaserant
1331 1931 1496 1969 Librarii.
1526 1932 1655 1969 Eum.

1186 1993 1272 2028 409.
1292 1982 1361 2018 Cui
1381 1981 1460 2019 bene
1478 1981 1642 2031 libram]
1684 1982 1725 2019 In
1747 1980 1823 2020 uno
1850 1993 1938 2019 meo
1967 1981 2006 2018 δε
2028 1978 2181 2018 Caelest.

1137 2032 1215 2079 Qu
1241 2031 1322 2080 bene
1342 2032 1482 2072 librato.
1512 2033 1730 2071 C10FANus.
1784 2034 1864 2080 ἐξω
1891 2044 1935 2069 ex
1955 2031 2180 2069 melioribus.

1135 2083 1326 2131 vulgatum
1348 2084 1431 2121 ferri
1458 2096 1536 2121 non
1564 2083 1704 2133 potest,
1735 2094 1818 2120 cum
1839 2091 1971 2131 potente
1992 2081 2179 2131 sequatur,

1137 2144 1215 2170 non
1232 2134 1373 2181 potenti.
1392 2135 1538 2172 Hfims.

1189 2197 1275 2230 410.
1304 2184 1442 2232 Obstitit
1463 2185 1626 2234 esculea.]
1657 2185 1699 2222 In
1720 2182 1854 2221 eodem
1879 2181 2029 2220 Caelest.
2068 2180 2179 2227 obsti·-

1138 2234 1184 2271 tit
1205 2235 1384 2273 Herculea.
1412 2237 1524 2274 Cxor.
1577 2235 1722 2285 Abscisa
1747 2234 1909 2272 Florent.
1939 2232 1974 2270 S.
1993 2232 2110 2269 Marci
2139 2233 2179 2270 &

1137 2286 1198 2323 alii
1220 2286 1308 2324 duo.
1338 2288 1480 2324 Hnms.

1188 2349 1274 2382 411.
1306 2336 1404 2387 Misit
1426 2349 1470 2378 ω·
1490 2336 1713 2386 Aefimides.]
1767 2336 1802 2374 Si
1832 2335 1926 2372 bene
1946 2334 2051 2383 capio
2073 2346 2180 2372 men-

1138 2395 1212 2424 tem
1225 2388 1533 2437 Po'e'tae‚cuique
1556 2389 1632 2426 suas
1654 2389 1691 2425 in
1714 2388 1782 2423 hac
1805 2385 2041 2434 expeditione
2064 2393 2184 2433 partes

1138 2438 1310 2485 affignare
1347 2439 1498 2481 voluit;
1540 2438 1599 2475 sed
1631 2449 1713 2474 cum
1752 2436 1858 2483 Jason
1883 2437 1962 2485 jam
1991 2444 2074 2473 ante
2104 2435 2182 2472 suas

1138 2487 1304 2524 habuerit
1330 2488 1344 2534 (
1364 2489 1483 2523 aanor
1514 2487 1573 2524 teli
1597 2488 1764 2535 Pagaseus
1784 2487 1891 2533 Iason.
1912 2488 1926 2534 )
1963 2485 2183 2525 crediderim-

1139 2548 1206 2584 pro
1229 2539 1277 2582 τῷ
1292 2537 1476 2585 Aesonides
1488 2537 1701 2586 legendum,
1726 2536 1874 2574 Oeclides
1888 2564 1898 2581 ,
1924 2538 1999 2574 hoc
2018 2536 2066 2573 est
2085 2535 2184 2573 Am-

1138 2587 1328 2634 phiaraus,
1356 2588 1445 2636 qui,
1473 2596 1514 2625 ut
1540 2596 1639 2636 patet
1666 2599 1712 2625 ex
1747 2588 1808 2625 lib.
1836 2587 1907 2636 seq,
1935 2586 2044 2625 nimis
2071 2594 2181 2624 notus

1140 2637 1302 2681 Nasoni,
1329 2649 1441 2687 quam
1453 2647 1493 2676 ut
1509 2639 1595 2676 huic
1614 2639 1764 2683 scenae,
1791 2638 1837 2676 ad
1850 2650 1963 2687 quarn
1976 2637 2181 2686 ipsumjam

1147 2696 1232 2725 ante
1257 2697 1477 2733 vocaverat,
1524 2687 1642 2726 deesse
1680 2689 1852 2737 potuerit.
1901 2689 2011 2726 Tim.
2039 2688 2183 2726 FABER.

1149 2737 1233 2776 Lib.
1254 2751 1303 2778 11.
1318 2739 1384 2788 Ep.
1399 2741 1505 2786 71.&
1524 2751 1587 2777 cur
1606 2751 1683 2777 non
1706 2740 1808 2776 licuit
1827 2738 1949 2789 Jasoni
1968 2739 2019 2776 bis
2038 2739 2184 2777 mittere

1142 2788 1337 2837 jaculum?
1365 2798 1549 2838 praeterea
1566 2789 1657 2837 supr.
1669 2789 1727 2833 Jl's.
1746 2801 1827 2839 350.
1841 2789 1948 2828 dubia
1968 2789 2017 2827 est
2035 2789 2183 2837 scriptu-

1147 2851 1208 2884 ra‚·
1238 2852 1323 2878 curn
1351 2852 1417 2889 pro
1439 2840 1649 2890 Ampycides
1676 2841 1726 2878 ibi
1772 2840 1921 2890 quidam
1951 2839 2101 2876 Oeclides
2117 2840 2181 2875 ha-

1144 2889 1251 2928 beant
1272 2890 1428 2929 codices.
1446 2900 1544 2929 certe
1565 2899 1692 2929 contra
1713 2891 1862 2940 scriptos
1883 2892 2116 2929 temerarium
2132 2889 2185 2925 est·

1143 2941 1363 2990 conjedturis
1378 2941 1583 2990 indulgere.
1607 2941 1709 2991 quod
1726 2942 1752 2979 fi
1772 2942 1897 2979 liceret
1911 2969 1921 2985 ,
1940 2938 2055 2989 poffet
2068 2940 2178 2976 etiam

1142 2991 1213 3040 legi
1231 3021 1241 3037 ,
1262 2990 1355 3041 mifit
1374 2993 1617 3032 &Afioridea
1646 2993 1906 3030 Burmannus.
2154 3039 2161 3044 ⁹

1194 3055 1277 3086 412.
1307 3044 1415 3080 Vertit
1431 3055 1475 3083 (φ’
1502 3043 1540 3080 in
1562 3044 1761 3092 mentum]
1816 3042 1924 3078 Canis
1947 3045 2084 3088 partem
2108 3049 2179 3075 oris

1144 3094 1358 3131 inferiorem
1382 3104 1540 3131 mentum
1571 3094 1771 3142 improprie
1800 3095 1911 3140 poeta
1952 3097 2061 3125 vocat
2092 3099 2182 3125 cum:

1144 3144 1234 3181 nulli
1257 3145 1469 3182 animalium
1494 3154 1746 3192 praeterquam
1767 3141 1912 3179 homini
1945 3146 2112 3175 mentum
2139 3140 2178 3176 δε

1145 3195 1261 3231 malae
1292 3194 1383 3236 sint;
1412 3204 1452 3232 ut
1482 3196 1519 3231 in
1552 3206 1606 3230 11.
1636 3193 1815 3230 Naturalis
1837 3189 2017 3226 Historiae
2043 3188 2185 3226 Plinius-

1144 3244 1261 3280 tradit.
1312 3243 1377 3278 Ilia
1405 3245 1442 3280 in
1475 3244 1550 3280 aliis
1569 3242 1782 3279 animalibus
1803 3240 1995 3283 dicuntur,
2023 3250 2117 3286 quae
2140 3240 2180 3276 in

1146 3292 1357 3338 hominibus
1389 3294 1427 3330 δε
1449 3293 1577 3330 ovibus
1599 3292 1711 3327 latera
1739 3290 1989 3338 appellantur,
2012 3298 2052 3327 ut
2077 3289 2185 3378 idgrlrr

1609 3341 1669 3378 Ee
1683 3351 1732 3377 ee
1761 3351 1778 3389 3
1892 3347 1897 3351 ’
2156 3341 2194 3385 ivs
