2483 3616
337 123 1544 200 METAMORPHOSEON
1615 129 1758 188 Lm.
1830 133 1937 193 VL

2093 153 2190 203 φιτ

346 223 690 297 Admovique
714 237 930 293 preces;
970 235 1198 292 quarum
1224 235 1311 273 me
1338 217 1570 274 dedecet
1593 219 1746 275 usus?

198 306 303 374 >690
342 304 483 371 Apta
512 295 641 350 mihi
665 293 743 348 vis
767 293 856 348 est.
893 293 947 348 vi
973 291 1135 346 tristia
1158 291 1335 347 nubila
1358 292 1520 363 pello:

341 372 415 428 Vi
439 370 575 424 freta
599 368 856 422 concutio
871 413 885 430 ‚
926 365 1234 439 nodosaque
1257 363 1452 419 robora
1476 376 1631 419 verto
1647 408 1663 434 ‚

336 441 647 513 Indumque
672 441 848 505 niveS‚
888 440 944 495 &
967 452 1130 493 terras
1160 438 1417 510 grandine
1440 438 1603 508 pulso

292 533 295 536 ·
338 514 489 570 Idem
515 531 647 586 eg0‚
683 531 810 568 cum
834 513 1020 567 fratres
1042 513 1336 566 coelosum
1363 509 1542 564 nactus
1567 523 1787 582 aperto,

341 589 519 658 (Nam
541 586 672 641 mihi
697 604 912 658 campus
940 587 981 641 is
1006 584 1113 654 est)
1153 598 1303 639 tanto
1327 583 1602 638 molimine
1628 582 1828 645 luston

195 663 295 731 695
332 660 409 716 Ut
437 659 644 714 medius
669 659 856 714 nostris
883 657 1221 714 concursibus
1244 658 1453 712 intonet
1483 657 1698 719 aether3

331 733 696 805 Exsiliantque
710 733 848 786 cavis
874 732 982 786 elisi
1004 729 1230 785 nubibus
1255 731 1419 801 ignes,

340 806 491 861 Idem
518 823 650 877 egO,
689 822 813 859 cum
842 804 974 859 subii
999 820 1242 857 convexa
1264 803 1523 858 foramina
1549 813 1719 855 terrae
1736 839 1753 864 ‚

337 879 710 952 Supposuique
735 877 890 933 ferox
912 875 1033 931 imis
1055 892 1174 929 mea
1198 889 1345 948 terga
1370 875 1638 937 cavernis;

52 1084 61 1097 '
99 1082 190 1131 690.
219 1077 497 1131 'Apta-mihivis
513 1078 569 1127 est.
606 1079 672 1116 hac
704 1076 815 1126 tristia
842 1074 963 1113 nubila
985 1074 1096 1126 pello.-

48 1138 127 1173 Hac
137 1134 237 1180 freta
270 1130 444 1175 concutio,
472 1130 571 1179 cova]
601 1129 760 1167 Videtur
790 1128 978 1177 aliquanto
1017 1137 1099 1163 me-

45 1184 121 1222 iior
131 1192 300 1222 veterum
319 1181 496 1219 librorum
517 1180 654 1218 lectio:
682 1181 720 1217 in
742 1179 879 1228 quibus
903 1185 1027 1226 aperte
1045 1177 1098 1215 le-

46 1235 147 1284 gitur
163 1235 238 1272 hoc
257 1231 374 1271 modo
390 1244 399 1269 :

100 1288 200 1334 Apta
216 1284 305 1321 mihi
320 1282 377 1319 vis
395 1281 462 1329 est,
487 1290 529 1319 ut
554 1280 666 1329 tristia
688 1279 810 1317 nubila
826 1278 977 1329 pellam:

101 1340 146 1371 Ut
151 1336 252 1381 freta
271 1332 464 1370 concutiam
478 1359 489 1376 ‚
520 1332 711 1381 nodosaque
730 1329 847 1368 robora
870 1340 1011 1366 vertam
1023 1344 1035 1366 .-

102 1385 332 1434 Indu-remque
358 1382 477 1427 nives,
505 1392 549 1421 (9·
575 1391 686 1419 terras
698 1381 871 1430 grandine
882 1380 1025 1430 pulsem.

44 1434 122 1474 Sed
158 1436 198 1473 in
228 1446 316 1472 meo
345 1433 555 1482 antiquiore
587 1444 635 1471 eo
654 1433 741 1471 loco
759 1460 768 1475 ,
796 1438 840 1468 Ut
855 1434 953 1479 freta
975 1443 1096 1468 concu-

43 1485 140 1524 siam
154 1513 165 1529 ,
192 1485 241 1523 est
254 1513 264 1530 ‚
286 1488 338 1521 Et
346 1485 457 1530 freta.
493 1484 664 1522 Crem«.
714 1488 759 1519 Ut
775 1482 906 1532 pellam
921 1510 930 1525 ,
957 1492 998 1518 ut
1018 1495 1097 1519 con-

45 1536 183 1574 ‚cutiam
200 1535 308 1574 multi
323 1541 476 1572 veteres.
502 1535 540 1572 ὃ(
553 1546 659 1578 mox,
680 1544 821 1571 vertam
834 1563 843 1576 ‚
871 1532 1031 1569 indurem
1057 1533 1096 1570 ὃς

49 1586 193 1636 pulsem.
219 1596 260 1623 ut
274 1584 358 1634 pello
373 1612 384 1630 ,
410 1594 451 1621 ut
469 1584 620 1622 concutio
639 1584 872 1622 Florentinus
893 1585 927 1621 S.
952 1584 1096 1628 Marci,

52 1638 182 1675 tertius
209 1635 423 1679 Mediceus,
453 1644 623 1686 excerpta
646 1635 811 1678 Mureti,
840 1636 936 1684 prior
961 1635 1098 1672 Erfurt.

54 1687 156 1736 prior
174 1686 346 1724 Stro-zzae
365 1713 376 1730 ,
413 1686 452 1722 δε
482 1687 558 1724 duo
587 1686 658 1724 alii.
714 1686 859 1730 Scribe,
886 1694 927 1723 ut
947 1685 1100 1723 monui·

54 1748 138 1775 mus
172 1736 218 1774 ad
246 1736 356 1785 Epist.
385 1748 483 1774 xvn.
512 1749 547 1775 v.
574 1736 655 1776 186.
682 1735 744 1775 ubi
770 1735 887 1774 simile
918 1736 1099 1774 mendum

54 1787 274 1833 tollebamus
297 1815 308 1830 ‚

106 1842 211 1886 Apta
231 1836 322 1875 mihi
339 1837 398 1875 vis
416 1837 480 1886 est:
507 1837 549 1875 vi
567 1837 677 1886 tristia
697 1837 819 1876 nubila
829 1837 941 1888 pello,

109 1889 152 1926 Vi
160 1890 259 1935 freta
277 1888 427 1925 concutio
439 1917 449 1933 ,
475 1888 664 1939 nodosaque
679 1889 797 1926 robora
818 1898 930 1926 verto.

53 1940 188 1988 Quam
209 1939 459 1988 conjeeturam
482 1940 605 1988 postea
633 1939 867 1978 confirmavit
899 1938 1018 1976 codex
1039 1938 1105 1986 Jo-

55 1990 189 2027 'hannis
217 1990 369 2037 Georgii
392 1990 567 2035 Graevii,
605 1992 669 2040 qui
695 1992 731 2028 in
757 2001 886 2028 manus
907 2001 1006 2027 meas
1025 2001 1108 2037 per-

61 2040 167 2077 venit
181 2067 192 2084 ‚
209 2039 298 2077 dum
321 2040 414 2078 haec
433 2040 556 2089 praelo
573 2041 841 2091 typographico
864 2042 1108 2079 committun-

66 2095 138 2126 tur.
168 2089 301 2127 Noster
321 2090 431 2138 paulo
455 2090 553 2139 post:

118 2144 199 2175 Non
218 2140 366 2177 orandus
385 2150 459 2177 erat
471 2169 482 2186 ‚
490 2141 551 2189 sed
572 2140 613 2178 vi
630 2142 815 2189 faciendus
832 2141 1057 2181 Erechtheus.

66 2188 125 2227 Ita
143 2190 242 2226 enim
261 2198 400 2228 veteres
428 2192 674 2231 membranae.
698 2192 820 2232 Potest
852 2194 891 2231 ὃς
922 2205 988 2241 pro
1010 2203 1107 2232 verto

67 2239 166 2289 legi,
193 2239 282 2276 vello
309 2251 394 2278 cum
420 2253 497 2279 uno
525 2242 702 2282 Mediceo
731 2244 771 2281 &
801 2255 878 2281 uno
907 2243 1111 2283 Thuaneo.

70 2291 182 2327 Certe
204 2291 241 2328 in
261 2301 337 2328 uno
368 2291 539 2330 Leidenfi
567 2294 605 2330 δε
636 2306 713 2332 uno
734 2293 905 2332 Ambros.
959 2294 999 2331 Vi
1009 2297 1108 2342 freta

70 2342 234 2377 concutio.
269 2352 362 2378 unus
384 2352 487 2379 meus
505 2369 518 2386 ‚
545 2343 585 2380 Vi
604 2343 810 2382 concutiam.
839 2351 859 2380 Ι
874 2346 913 2382 &
934 2350 966 2381 T
981 2344 1108 2384 literae

71 2391 111 2428 in
129 2390 262 2439 scriptis
285 2391 550 2440 exemplaribus
580 2394 790 2443 frequenter
819 2394 1110 2434 confunduntur.

71 2441 123 2479 ita
139 2441 232 2478 libro
251 2443 424 2489 proximo
443 2442 596 2484 sss.208.
622 2455 688 2491 pro
706 2453 771 2480 aut
792 2443 1011 2481 restituimus
1034 2446 1113 2483 avi.

71 2490 168 2538 apud
197 2491 387 2529 Valerium
416 2504 569 2542 quoque
598 2493 768 2530 Flaccum
801 2493 894 2530 libro
917 2506 947 2530 1.
967 2505 1050 2542 341.
1075 2497 1112 2533 in

67 2541 311 2591 pulcherrima
322 2542 478 2580 Aesonis
497 2544 665 2581 oratione
679 2543 801 2580 fimilis
823 2554 922 2581 error
941 2545 1118 2582 commis-

70 2592 128 2630 sus
141 2620 151 2638 ,
171 2592 233 2630 ubi
251 2605 318 2641 pro
337 2603 377 2630 ut
396 2593 479 2630 dent
497 2593 754 2642 reponendum
768 2593 890 2639 ‚video
909 2607 963 2632 en.
976 2594 1118 2633 Audia-

73 2652 157 2681 mus
176 2643 279 2681 illurn
295 2656 304 2680 :
990 2673 1000 2681 t

125 2693 189 2730 Sed
203 2693 338 2742 patriae
355 2693 497 2730 valuere
504 2702 617 2744 preces
629 2722 640 2739 ‚
668 2693 861 2743 auditaque
880 2696 1015 2744 magnis

126 2749 212 2780 Vota
231 2744 312 2781 deis.
338 2744 438 2782 video
457 2758 499 2781 en
524 2744 630 2792 nostro
653 2754 703 2781 tot
726 2745 764 2782 in
782 2758 925 2795 aequore
944 2760 1031 2795 reges
1044 2774 1056 2792 ,

128 2798 239 2843 Teque
259 2794 389 2832 ducem.
416 2795 501 2832 tales
515 2824 524 2838 ‚
552 2795 637 2832 tales
654 2809 705 2844 ego
725 2795 844 2832 ducere
854 2798 991 2845 suetus.

79 2843 152 2881 Pro
181 2843 280 2880 video
315 2857 358 2881 en
392 2845 577 2894 legebatur
601 2853 684 2884 ante
713 2848 931 2884 Carrionem
963 2847 1118 2885 videam.

80 2893 141 2931 ille
151 2905 195 2930 ex
207 2894 270 2931 suo
283 2895 411 2932 codice
435 2906 476 2932 ut
494 2896 589 2941 dent,
603 2897 772 2945 proxime
784 2909 930 2941 verum,
945 2898 1117 2947 reposuit.

77 2942 175 2981 recte
193 2951 315 2981 autem
330 2971 340 2987 ‚
353 2944 457 2991 nostro
475 2946 514 2982 in
528 2960 682 2996 aequore3
711 2948 939 2997 cujus,aperti
962 2949 1038 2987 laus
1056 2949 1118 2996 Ja-

79 2993 160 3032 soni
177 2992 218 3031 fit
235 2994 382 3031 servata.
432 2996 578 3034 Heius.

132 3044 217 3089 690.
244 3043 365 3090 Tristia
378 3043 496 3082 nubila
512 3046 634 3097 pella]
665 3048 906 3099 Adscripserat
924 3051 1120 3089 Ger.Vos-

79 3089 149 3152 frus
158 3092 283 3131 locum
297 3093 489 3143 Hesychii,
503 3093 630 3138 ’Ἄιδος
641 3103 757 3143 κυνέη,
771 3100 942 3138 ἀθάνατον
957 3115 992 3138 τι
1003 3102 1107 3148 νήφσς

83 3155 101 3177 ο
123 3143 403 3202 πῗριβσίλλονται
426 3144 456 3179 οἱ
486 3145 545 3181 θεὸι
561 3173 570 3189 ,
598 3149 682 3185 ὅταν
704 3151 844 3186 Θέλωσιν
876 3152 1053 3193 ἀλλήλοις
1076 3154 1123 3198 μή

86 3193 317 3252 χινωισκεσθαι·
349 3193 486 3252 νεφέλῃ
515 3195 656 3242 ἀφανὴς
668 3226 679 3244 ,
693 3198 729 3240 ἣν
748 3200 1003 3250 §nodva-duam
1016 3203 1046 3240 οἱ
1060 3203 1124 3240 θεοῖ

85 3240 266 3287 αθεωρητοι
277 3243 639 3291 γεὐοψτοιιιπιλλνῐλοι.ς«ι

2040 944 2192 1001 Solli-

1204 1075 1291 1124 692.
1319 1079 1364 1112 Et
1384 1085 1495 1113 terras
1511 1074 1683 1124 grandine
1696 1073 1827 1125 pulfirff
1856 1073 1947 1112 Hoc
1965 1072 2108 1113 duobus
2120 1072 2196 1114 aliis

1154 1127 1276 1164 modis
1297 1126 1429 1164 dicitur
1447 1127 1491 1164 ab
1514 1127 1675 1164 Horatio
1694 1128 1754 1164 lib.
1775 1125 1876 1164 Lod.
1891 1137 1926 1176 3.
2116 1134 2119 1137 “

1206 1183 1287 1214 Non
1309 1176 1509 1213 verberatae
1526 1177 1698 1226 grandine
1714 1178 1850 1215 vineae.

1153 1228 1201 1266 Et
1224 1228 1332 1276 Epist.
1352 1240 1488 1277 ναις.

1204 1278 1312 1315 Haud
1331 1278 1415 1327 quia
1428 1278 1562 1327 grando
1583 1278 1776 1315 contuderit
1795 1278 1897 1316 vites.
1923 1277 2096 1315 CIOFAN.

1201 1331 1285 1379 693.
1314 1329 1408 1365 Idem
1420 1343 1473 1377 ego
1486 1342 1584 1373 ‚cum
1596 1331 1742 1375 fratres.
1758 1329 1773 1379 ]
1805 1335 1940 1365 Fratres
1951 1328 2039 1366 dicit
2052 1335 2200 1366 vento?-

1151 1380 1206 1417 Ita
1224 1380 1284 1418 lib.
1303 1392 1331 1417 1.
1362 1385 1477 1417 Tanta
1504 1379 1548 1426 esl
1567 1380 1735 1429 discordia
1749 1381 1925 1426 fratrum.
1981 1385 2199 1415 Fratres-ve-

1149 1443 1193 1468 ro
1216 1431 1386 1469 existimo
1404 1443 1482 1469 non
1499 1430 1618 1469 solum
1640 1429 1807 1476 vocaffe,
1832 1430 1936 1480 quod
1957 1429 2000 1467 ab
2023 1442 2100 1467 uno
2119 1457 2127 1472 ‚
2158 1436 2201 1466 ut

1149 1482 1356 1520 fabulantur
1376 1486 1535 1531 poetae,
1560 1483 1677 1531 geniti
1696 1482 1783 1525 fint;
1813 1493 1941 1519 verum
1961 1508 1969 1524 ,
1999 1481 2084 1529 quia
2106 1480 2201 1517 inter

1148 1532 1183 1570 se
1203 1532 1334 1571 similes
1354 1531 1480 1571 essent.
1528 1534 1621 1571 Hoc
1647 1533 1733 1571 licet
1755 1532 1977 1581 cognoscere
1996 1530 2017 1568 ὲ
2039 1531 2171 1579 Satyris
2190 1556 2203 1574 ‚

1149 1595 1244 1633 quos
1264 1586 1353 1622 item
1389 1587 1503 1632 poe'ta
1521 1583 1645 1622 noster
1670 1590 1807 1621 Fratres
1835 1581 2013 1631 appellat:
2042 1592 2138 1630 quos
2157 1579 2202 1616 ab

1151 1646 1231 1672 uno
1253 1643 1359 1672 natos
1390 1633 1461 1673 effe
1482 1662 1494 1679 ,
1532 1633 1553 1672 a
1574 1636 1725 1672 nemine
1749 1662 1760 1678 ‚
1788 1633 1891 1683 quod
1925 1633 2034 1670 sciam
2052 1659 2062 1675 ‚
2090 1629 2203 1668 tradi-

1152 1693 1223 1723 tur.
1274 1686 1415 1723 Poe‘tae
1439 1694 1565 1723 autem
1594 1686 1702 1723 verba
1732 1685 1813 1723 sunt
1838 1684 1998 1733 superius
2023 1682 2099 1720 hoc
2123 1679 2202 1730 ipso

1153 1736 1269 1774 libro:
1818 1762 1821 1763 γ

1335 1791 1382 1824 Et
1399 1787 1518 1836 Satyri
1533 1788 1681 1834 fratres.

1157 1836 1356 1876 Sciendum
1379 1847 1580 1887 praeterea,
1613 1846 1653 1876 ut
1673 1838 1771 1878 hoc.
1799 1836 1896 1875 aliud
1916 1847 2047 1885 agens,
2073 1832 2207 1871 admo-

1156 1900 1265 1926 neam
1280 1918 1289 1933 ,
1315 1888 1445 1932 libros,
1475 1890 1539 1938 qui
1559 1889 1602 1926 ab
1622 1901 1698 1926 uno
1719 1888 1930 1937 eodemque
1952 1886 2102 1924 auetore
2114 1896 2207 1921 con-

1158 1939 1383 1985 scribuntur,
1404 1940 1499 1978 inter
1526 1939 1560 1978 se
1590 1945 1729 1976 Fratres
1755 1940 1892 1977 vocari.
1929 1937 2012 1975 Lib.
2046 1948 2077 1975 1.
2098 1934 2209 1973 Trist-

1162 1991 1253 2039 eleg.
1280 2002 1407 2037 1.1o7.

1214 2041 1391 2090 Adspicias
1411 2040 1484 2077 illic
1499 2039 1618 2091 positos
1639 2054 1680 2078 ex
1700 2039 1817 2076 ordine
1827 2039 1961 2085 fratres
1974 2065 1986 2082 ,

1275 2094 1371 2140 Quos
1383 2092 1541 2139 studium
1563 2093 1698 2128 cunffios
1717 2088 1902 2137 evigilavit
1921 2088 2025 2125 idem.

1164 2142 1269 2191 Quin
1294 2144 1404 2180 etiam
1428 2142 1588 2191 Scriptor
1616 2142 1747 2179 dicitnr
1769 2146 1895 2181 Pater,
1922 2138 2064 2186 sumpta
2091 2141 2210 2173 meta-

1160 2194 1278 2242 phora
1310 2193 1354 2231 ab
1380 2194 1536 2231 homine
1559 2220 1571 2238 ,
1609 2193 1674 2242 qui
1704 2191 1798 2229 filios
1828 2189 1954 2238 gignit.
1993 2187 2087 2225 Ibid.
2117 2184 2208 2224 vers.

1164 2256 1203 2282 11
1237 2273 1246 2282 .

1212 2257 1333 2344 {Deque
1352 2294 1464 2332 tribus
1484 2307 1622 2340 moneo,
1644 2291 1744 2344 siqua
1763 2290 1805 2338 ost
1829 2289 1893 2327 tibi
1916 2302 1999 2327 cura
2013 2286 2184 2339 parentis.

1164 2345 1212 2383 Et
1235 2358 1266 2383 1.
1283 2346 1394 2383 Trist.
1412 2358 1466 2383 vr.
1479 2357 1538 2394 35.
2073 2388 2081 2394 ·

1217 2394 1310 2431 Orba
1326 2405 1467 2444 parente
1478 2396 1541 2444 suo
1562 2394 1756 2445 quicunque
1777 2391 1962 2429 volumina
1984 2400 2109 2437 tangis.
2183 2439 2191 2446 .

1168 2446 1295 2493 Quare
1318 2446 1401 2483 alibi
1419 2446 1528 2483 libros
1547 2445 1701 2493 appellat
1715 2472 1725 2489 ,
1755 2445 1896 2490 Viscera.
1949 2441 2082 2479 Versus
2099 2468 2109 2486 ,
2129 2451 2214 2490 qui-2

1168 2494 1232 2532 bus
1247 2495 1326 2532 hoc
1346 2496 1520 2539 docetur,
1547 2495 1628 2532 sunt
1647 2495 1706 2531 lib.
1726 2493 1938 2531 1.Ti·ist.vr.
1955 2503 2010 2538 19.

1221 2545 1275 2581 Sic
1294 2558 1347 2593 ego
1368 2558 1435 2582 non
1453 2545 1590 2582 meritos
1612 2557 1744 2582 mecum
1759 2544 1915 2594 peritura
1933 2540 2081 2587 libellos,

1277 2596 1422 2646 Impositi
1438 2595 1567 2646 rapidis
1584 2595 1715 2645 viscera
1739 2594 1850 2642 nostra
1871 2593 1968 2642 rogis.

1173 2645 1320 2683 Eodem
1340 2646 1457 2684 modo
1472 2674 1483 2691 ‚
1508 2658 1602 2696 quae
1620 2645 1798 2684 studendo
1822 2651 2103 2694 comparantur,
2134 2644 2217 2682 ηις

1173 2696 1282 2735 Pont.
1300 2709 1335 2733 v.
1357 2709 1415 2743 29.
1443 2698 1591 2745 Pignora
1611 2696 1843 2734 nominavit:

1225 2747 1329 2796 Qool
1347 2747 1425 2784 licet
1438 2775 1448 2792 ‚
1476 2758 1515 2784 ut
1537 2747 1661 2784 videar
1675 2758 1788 2784 tetum
1808 2745 1917 2795 magis
1933 2743 1989 2794 effe
2007 2743 2141 2794 legendo
2155 2772 2166 2790 ‚

1300 2803 1399 2848 Saepe
1413 2809 1548 2848 precor,
1569 2798 1677 2846 studii
1698 2798 1838 2848 pignora
1861 2796 1963 2834 mitte
1984 2796 2050 2834 tui.

1172 2850 1392 2888 Cromnos.

1222 2902 1305 2948 694.
1334 2905 1444 2937 Tanto
1461 2899 1639 2938 molimine
1658 2898 1807 2949 laetam]
1839 2899 1881 2937 In
1892 2898 2087 2936 Dominic.
2105 2900 2215 2932 Tanto

1173 2951 1350 2989 molimine
1367 2961 1494 2988 vertor.
1539 2952 1657 2989 lofin.

1226 3003 1309 3052 695.
1336 3001 1560 3051 Concurfibus
1587 3003 1718 3050 insonet
1744 2999 1898 3050 aethon]
1935 2999 1977 3036 In
2008 3008 2083 3034 uno
2105 2998 2220 3052 meo,

1177 3053 1303 3102 refimet
1339 3052 1549 3102 concursibus
1585 3054 1714 3090 aether.
1753 3053 1868 3090 IDEM,
1921 3055 2055 3084 Jntonet
2086 3046 2218 3083 retostus

1112 3130 1122 3146 ‚
1177 3104 1359 3141 nonnulli.
1388 3105 1534 3141 Heius.
1588 3101 1804 3149 Coneuffibus
1823 3099 1998 3138 secundus
2025 3096 2222 3134 Palatinus.

1178 3153 1367 3202 incurfibus
1390 3155 1594 3191 Mediceus.
1622 3155 1712 3190 nihil
1734 3161 1852 3188 muto.
1878 3149 1938 3186 lib.
1971 3160 2030 3184 xv.
2049 3147 2134 3184 811.

1236 3206 1338 3251 {Luae
1358 3217 1463 3252 neque
1477 3203 1673 3252 concursum
1687 3201 1764 3237 coeli
1778 3227 1790 3244 ,
1817 3212 1924 3243 neque
1934 3197 2102 3244 fulminis
2114 3197 2222 3254 iram,

1234 3259 1307 3302 λεί
1326 3264 1487 3291 metuunt
1509 3252 1600 3292 ullas
1612 3280 1623 3300 ,
1647 3261 1727 3290 tuta
1749 3261 1854 3296 atque
1873 3258 2013 3287 aeterna
2026 3276 2038 3296 ,
2065 3261 2198 3287 rumas.

1712 3300 1777 3339 111
1807 3312 1828 3338 2.
2137 3297 2226 3348 yid.
