2483 3616
206 156 309 224 384

667 148 727 206 P.
802 147 1216 207 O-VIDII
1288 142 1820 202 NASONIS

498 239 713 314 Pingit,
753 243 808 297 &
835 243 1105 316 antiquam
1133 238 1202 292 de
1227 249 1399 290 terrae
1425 234 1643 315 nornine
1669 235 1836 315 litem.

501 312 593 368 Bis
635 314 726 370 sex
749 315 1029 377 coelesse3‚
1064 309 1247 366 medio
1269 307 1434 380 Jove,
1469 305 1680 362 sedibus
1704 307 1819 360 altis

503 387 743 458 August-21
767 388 1024 460 gravitate
1055 383 1257 440 sedent.
1296 381 1384 435 sua
1407 396 1681 452 quemque
1702 378 1952 436 Deorum

505 458 743 514 Inscribit
769 460 946 515 facieS.

1026 456 1162 525 Iovis
1186 454 1260 508 est
1284 454 1473 523 regalis
1497 451 1690 522 imagO.

400 547 464 600 75
506 531 654 585 Stare
679 532 861 586 Deum
884 531 1086 604 pelagi,
1121 529 1394 598 longoque
1419 523 1580 579 ferire
1606 523 1841 605 tridente

507 603 711 676 Aspera
735 605 851 660 saxa
876 604 1034 669 facit,
1070 599 1362 672 medioque
1387 615 1417 653 e
1444 597 1664 653 vulnere
1691 602 1797 653 iaxt

217 819 336 860 Aliter
352 820 450 869 apud
469 821 632 860 Ennium
649 833 657 857 ε

273 885 460 922 Deducunt
484 885 615 923 habiles
630 884 761 934 gladios
776 886 838 935 filo
852 888 1052 938 gracilento.

220 946 311 985 Hoc
324 947 468 986 videtur
487 949 667 987 declarare
690 949 922 990 Columella:

272 1015 319 1047 Et
330 1011 448 1060 secum
463 1013 588 1062 gracili
609 1016 798 1052 connectere
816 1015 975 1053 carmi-aa
990 1014 1064 1064 filo.

221 1074 300 1113 Nisi
321 1077 399 1125 quis
419 1076 521 1115 aliter
545 1078 680 1117 mallet.
710 1080 928 1120 Cromnos.
982 1079 1177 1117 Deducitur
1200 1079 1263 1117 hic

221 1128 367 1175 proprie
386 1127 431 1164 de
452 1128 626 1167 lanificio.
646 1130 744 1168 unde
757 1133 917 1170 carmina
937 1132 1048 1169 etiarn
1070 1131 1192 1169 deduci
1213 1131 1268 1168 di-

223 1184 379 1222 cuntur,
396 1189 491 1227 quae
518 1180 648 1218 ordine
673 1190 773 1219 certo
794 1181 897 1220 fiunt.
925 1182 970 1220 de
1001 1195 1078 1232 quo
1091 1183 1137 1221 ad
1149 1183 1209 1220 lib.
1235 1193 1268 1219 1.

224 1227 359 1266 Amor.
377 1241 455 1267 xiv.
484 1241 517 1277 7.
536 1231 621 1269 satis
641 1234 794 1281 egimus.
821 1233 1084 1272 BURMANNUS.

274 1289 333 1323 70.
362 1281 561 1332 cecropia]
592 1282 765 1321 Eusebius
785 1284 880 1321 hanc
901 1296 978 1322 rem
1001 1285 1157 1322 &litem
1171 1282 1268 1332 apud

224 1329 434 1378 Cecropem
453 1331 571 1370 actam
593 1342 713 1372 narrat
730 1335 766 1372 in
782 1335 990 1380 Chronicis,
1012 1335 1114 1385 quod
1137 1335 1270 1372 refutat

223 1379 446 1427 Apollodor.
466 1383 527 1421 lib.
549 1397 614 1422 111.
635 1397 665 1423 c.
687 1397 743 1434 13.
772 1386 832 1434 qui
861 1398 946 1424 cum
979 1387 1102 1424 nostro
1126 1385 1268 1423 duode-

225 1431 297 1468 cim
328 1430 418 1470 deos
445 1433 553 1484 hujus
585 1437 855 1474 controversiae
882 1437 1024 1486 judices
1059 1437 1135 1475 dat.
1164 1436 1266 1485 plura

224 1481 310 1520 vide
341 1483 438 1532 apud
469 1484 572 1524 Serv,
591 1486 636 1524 ad
656 1487 757 1536 Virg.
783 1499 812 1526 1.
835 1488 948 1525 Geor.
967 1500 1021 1537 13.
1042 1489 1079 1525 ὃς
1104 1500 1167 1524 111.
1190 1498 1270 1524 122.

225 1532 264 1569 ὃς
285 1534 559 1574 V111.AEeneid.
586 1537 666 1575 128.
682 1539 804 1575 Lutat.
825 1538 871 1576 ad
893 1539 979 1577 Stat.
1011 1538 1269 1583 tv.Theb.42.

229 1583 268 1619 ἃ
290 1595 360 1621 xix.
380 1586 467 1636 632.
501 1588 643 1626 Auson.
663 1588 708 1626 de
727 1589 823 1627 Clar.
843 1590 979 1627 Urb.x.
999 1591 1037 1627 &
1058 1590 1105 1627 ibi
1129 1601 1270 1627 comm.

225 1633 328 1672 locus
345 1663 353 1679 ,
374 1636 410 1674 in
437 1650 514 1687 quo
529 1639 714 1688 judicium
727 1639 847 1678 aetum
866 1667 876 1683 ,
904 1640 1021 1678 dictus
1042 1641 1122 1683 Διὸς
1144 1641 1270 1686 ψῆφος.

227 1684 341 1722 Teste
370 1688 567 1736 Apostolio
596 1692 633 1727 in
659 1702 824 1740 paroem.
846 1692 1047 1730 Cent.vx1.
1069 1704 1130 1729 20.
1159 1703 1270 1739 quare

217 1734 396 1791 scopulum
418 1749 528 1778 vocet
548 1741 622 1778 vid.
652 1741 748 1790 apud
779 1742 946 1779 Holstcn.
967 1743 1013 1780 ad
1043 1743 1270 1791 Stephanum

227 1788 265 1824 in
290 1782 416 1832 Α’ρεισς
440 1792 574 1835 Πάφιος.
612 1791 658 1830 de
683 1794 751 1829 hac
786 1804 823 1829 re
848 1793 957 1830 etiam
991 1805 1058 1832 nos
1081 1795 1204 1842 plura,
1232 1794 1270 1831 in

228 1838 325 1886 Jove
347 1838 523 1888 Fulgetat.
554 1853 738 1889 cap.v111.
770 1843 1034 1882 BURMANNUS.

284 1900 342 1936 72.
367 1891 425 1927 Bis
441 1893 503 1940 sex
525 1892 704 1942 coelestes]
742 1894 956 1932 Duodecim
979 1895 1066 1933 deos
1087 1895 1276 1944 intelligit,

231 1939 292 1979 sex
312 1953 429 1980 mares
441 1970 450 1986 ,
464 1943 622 1980 totidem
644 1945 815 1989 feminas,
831 1957 923 1994 quos
935 1950 1114 1995 Consentes
1132 1958 1276 1984 nuncu-

231 1991 365 2039 pabant
379 2020 389 2036 ,
410 1992 498 2030 teste
511 1993 599 2032 divo
611 1995 760 2044 August.
777 2009 833 2033 iv.
846 1996 891 2034 de
905 1997 988 2035 Civ.
1012 1997 1097 2041 Dei,
1113 2009 1159 2034 eo
1173 1996 1276 2046 quod

233 2042 272 2079 in
291 2043 394 2089 Jovis
413 2044 612 2082 concilium
641 2046 908 2084 adhiberentur.
955 2059 1019 2085 eos
1041 2048 1180 2085 Ennius
1202 2048 1276 2084 hoc

233 2091 386 2131 disticho
410 2095 647 2143 complexus,
687 2097 789 2146 quod
812 2098 1018 2136 Marcianus
1041 2099 1137 2136 citat.
1159 2098 1219 2135 lib.
1246 2110 1277 2136 1.

235 2152 339 2192 nupt.
359 2145 823 2202 Mercurii&Philologiae
837 2177 847 2194 ,
875 2160 945 2186 nec
965 2161 1043 2186 non
1062 2149 1211 2198 Apulej.
1232 2149 1278 2187 de

234 2192 324 2232 Deo
344 2194 499 2234 Socratis
515 2207 522 2231 :

283 2258 386 2303 June
409 2287 420 2304 ‚
457 2259 550 2308 Vesta
573 2288 584 2305 ‚
623 2261 793 2300 Minerva
813 2290 824 2308 ‚
863 2267 963 2300 Ceres
984 2289 996 2308 ,
1034 2262 1158 2300 Diana
1180 2291 1190 2309 ,
1218 2268 1280 2300 Ve-

413 2323 502 2355 nus,
531 2317 634 2349 Mars
648 2340 658 2357 ,

289 2362 507 2406 Mercurius,
536 2362 644 2408 Jovis
662 2391 672 2408 ‚
698 2369 902 2413 Neptunus,
928 2364 1121 2410 Vulcanus,
1146 2362 1280 2415 Apollo.

237 2422 413 2468 Quorum
447 2427 621 2464 meminit
650 2428 687 2464 &
717 2436 991 2466 commentator
1022 2428 1214 2476 Apollonii
1244 2429 1282 2466 in

236 2471 432 2510 secundam
450 2475 657 2524 Argonaut.
687 2479 924 2516 CONSTANT.
947 2479 1117 2516 Firmus.
1161 2478 1283 2517 Exstat

238 2522 334 2568 apud
374 2524 592 2564 Suetonium
623 2529 660 2565 in
693 2529 859 2577 Augusto
888 2541 966 2579 cap.
988 2541 1046 2576 70.
1081 2530 1154 2567 hoc
1183 2529 1279 2568 disti-

240 2572 337 2608 chon
351 2601 360 2617 ‚
389 2575 425 2612 in
445 2587 521 2624 quo
541 2579 675 2616 horum
695 2579 867 2618 Deorum
887 2592 1061 2619 numerus
1083 2580 1150 2618 est:

292 2652 384 2685 Cum
398 2650 552 2697 primum
571 2652 710 2699 istorum
730 2655 897 2692 conduxit
916 2656 1033 2705 mensa
1052 2655 1284 2706 Choragrum,

346 2705 475 2748 Sexque
494 2707 580 2739 Deos
602 2704 697 2740 vidit
719 2705 884 2751 Manlia,
903 2708 1034 2757 sexque
1051 2713 1153 2746 Deas.

241 2761 291 2803 Et
310 2760 407 2811 apud
430 2761 600 2802 Plautum
621 2765 658 2802 in
679 2766 839 2816 Epidico
860 2767 930 2806 aet.
954 2780 990 2807 v.
1008 2770 1054 2808 sc.
1072 2783 1107 2809 2.

293 2826 328 2864 si
345 2827 504 2866 undecim
523 2835 610 2867 Deos
621 2840 758 2880 praeter
767 2833 804 2882 ft
823 2833 979 2871 adducat
996 2835 1168 2886 Juppiter.

244 2901 281 2939 Si
303 2903 438 2959 horum
453 2905 624 2944 Deorum
640 2909 795 2947 nomina
813 2910 900 2949 scire
923 2923 1030 2958 aves,
1057 2913 1138 2963 lege
1151 2914 1285 2953 Obser-

240 2961 316 2992 vat.
334 2955 393 2992 lib.
412 2968 501 2993 x-111.
531 2968 589 3003 27.
644 2958 815 2998 Crotan.

298 3017 355 3051 74.
384 3007 514 3056 Regalis
529 3007 653 3058 imago.
670 3008 686 3059 ]
719 3009 815 3049 Vide
827 3010 1009 3052 Differtat.
1029 3013 1075 3052 de
1093 3014 1189 3062 Jove
1200 3014 1287 3052 Ful-

244 3066 413 3104 geratore
435 3070 512 3107 cap.
533 3070 614 3098 xiv.

300 3126 357 3170 ῖς.
388 3120 485 3171 stare
513 3122 628 3155 Deum
653 3117 802 3169 pelagi.]
859 3127 955 3159 Nare
983 3122 1102 3162 codex
1126 3135 1220 3162 unus
1242 3135 1287 3162 ex

249 3164 487 3205 Lei-lentibus
498 3179 564 3216 pro
582 3168 718 3207 diversa
737 3171 908 3210 lectione.
921 3185 997 3211 non
1011 3174 1120 3212 male.
1144 3175 1287 3212 Hiems.

248 3217 344 3250 Stare
365 3219 546 3273 praefero,
568 3229 608 3257 ut
628 3229 835 3270 opponatur
845 3222 1047 3263 sedentibus
1065 3223 1221 3275 reliquis.
1239 3226 1289 3264 ita

249 3262 414 3312 Neptuni
458 3269 661 3321 imaginem
708 3272 924 3324 Euphranor
975 3276 1282 3318 excellentissimis

2257 673 2366 732 Ex-

1318 818 1510 868 majestatis
1533 817 1717 856 coloribus
1736 816 1974 868 complexus,
2001 830 2079 858 non
2091 820 2213 868 potuit
2224 820 2357 861 deinde

1316 870 1420 917 Jovis
1440 869 1684 919 augustiorem
1705 869 1981 917 repraesentare.
2008 871 2130 908 Valet.
2151 873 2251 909 Max.
2268 884 2368 912 vnr..

1317 932 1378 958 xx.
1397 929 1468 958 ext.
1492 935 1524 970 ς.
1549 922 1597 958 ita
1622 921 1660 958 &
1681 920 1764 957 val.
1784 919 1881 959 Flac.
1907 932 1938 958 1.
1959 921 2044 970 679.
2082 920 2291 972 Ubicumque
2311 937 2364 960 ro-

1321 971 1366 1008 tis
1387 970 1576 1008 horrendus
1595 971 1753 1021 equisque
1772 976 1871 1014 stas,
1894 980 2002 1021 pater.
2028 971 2156 1010 BuRM.

1369 1032 1428 1068 77.
1459 1020 1801 1071 Exiluiffiefretum.]
1842 1021 1899 1060 Sic
1916 1023 1954 1060 in
1974 1023 2160 1061 nonnullis
2175 1051 2184 1067 ,
2207 1023 2246 1061 &
2267 1023 2365 1064 recte

1316 1073 1460 1122 legitur.
1481 1072 1612 1110 dicitur
1635 1073 1735 1110 enim
1762 1074 1801 1111 in
1821 1073 1970 1118 fabulis,
1998 1086 2083 1112 cum
2105 1083 2257 1112 certaret
2276 1087 2363 1115 cum

1322 1124 1467 1161 Pallade
1491 1124 1685 1172 Neptunus
1714 1123 1760 1161 de
1783 1124 2014 1162 Athenarum
2052 1127 2209 1163 nomine
2230 1153 2241 1170 ,
2284 1138 2366 1174 per-

1324 1173 1423 1212 cuffo
1462 1187 1481 1212 a
1512 1175 1691 1224 Neptuno
1718 1174 1870 1223 scopulo
1903 1187 2004 1214 mare
2040 1175 2158 1214 subito
2184 1176 2366 1217 exstitisse.

1323 1225 1383 1263 sed
1410 1226 1448 1262 ὃς
1477 1237 1615 1275 equum
1652 1237 1673 1263 a
1719 1226 1899 1274 Neptuno
1938 1238 1985 1265 eo
2013 1226 2123 1276 paeto
2152 1227 2294 1265 editum
2324 1229 2369 1267 il-

1320 1276 1359 1314 lo
1379 1277 1416 1313 in
1440 1277 1641 1315 certamine
1661 1288 1740 1314 non
1762 1278 1884 1315 minus
1903 1278 1951 1315 est
1970 1279 2126 1327 reperire
2140 1278 2248 1322 ‚ideo
2266 1280 2365 1327 prior

1325 1327 1435 1365 ctiam
1465 1327 1576 1365 lectio
1599 1328 1719 1371 tetsta,
1739 1327 1904 1376 Exiluiffe
1925 1329 2060 1375 ferum.
2089 1333 2208 1375 ferum
2236 1338 2361 1369 autem

1325 1389 1463 1427 equum
1484 1378 1556 1416 dici
1577 1378 1655 1417 satis
1674 1378 1714 1416 fit
1733 1379 1838 1416 nobis
1859 1379 2003 1428 Virgilii
2022 1380 2229 1418 auctoritas.
2259 1387 2299 1417 ln
2314 1381 2368 1418 la-

1325 1439 1381 1465 tus
1399 1429 1502 1479 inque
1512 1429 1584 1475 feri
1604 1442 1752 1466 curvam
1774 1430 1985 1480 compagibus
2010 1430 2148 1468 alvum.
2179 1433 2365 1471 NAUGER.

1325 1480 1521 1517 Emendati
1535 1479 1680 1518 codices
1705 1480 1866 1525 habent,
1894 1482 2174 1532 Fretum‚quod
2193 1483 2292 1528 &is,
2307 1483 2371 1533 qui

1327 1531 1527 1579 epitomata
1556 1531 1759 1569 fabularum
1789 1531 1920 1570 Ovidii
1936 1532 2050 1571 soluta
2074 1535 2243 1571 oratione
2264 1546 2369 1572 com-

1325 1581 1465 1630 posuit,
1495 1581 1542 1619 sic
1562 1582 1884 1631 redintegrandum
1899 1582 1968 1621 effe
1985 1584 2165 1629 ostendit;
2192 1585 2275 1634 lege
2293 1585 2369 1635 pti-

1327 1644 1427 1670 mam
1462 1632 1774 1671 collectaneorum
1810 1634 2018 1672 nostrorum
2048 1635 2264 1685 hecatossyn
2288 1648 2365 1686 cap.

1329 1695 1386 1732 57.
1411 1685 1646 1721 CONSTANT.
1667 1684 1872 1722 Fanensis.
1924 1691 2066 1724 Fretum
2097 1686 2157 1724 alii
2185 1687 2367 1725 hocloco

1325 1735 1453 1782 legunt
1473 1747 1549 1772 non
1563 1736 1695 1782 serum.
1753 1736 1886 1785 Neque
1908 1738 2007 1775 enim
2029 1749 2168 1787 equum
2185 1765 2194 1781 ,
2222 1747 2263 1775 ut
2283 1737 2365 1776 vul-

1324 1795 1374 1834 go
1394 1785 1558 1830 traditur,
1577 1787 1615 1823 in
1634 1787 1703 1824 hac
1713 1788 1956 1825 contentione
1975 1788 2129 1826 deorum
2145 1816 2155 1832 ,
2181 1788 2241 1828 sed
2254 1801 2368 1839 aqua-

1324 1847 1406 1873 rum
1425 1836 1680 1884 scaturiginem
1716 1835 1736 1874 a
1766 1838 1946 1886 Neptuno
1975 1839 2192 1887 productam
2222 1841 2370 1880 volunt.

1330 1885 1448 1936 quue
1469 1889 1578 1925 etiam
1603 1887 1814 1926 Lactantius
1834 1885 1972 1925 senfifl'e
1992 1888 2157 1933 videtur,
2185 1892 2248 1940 qui
2268 1891 2304 1928 in
2318 1902 2374 1928 ar-

1328 1946 1509 1985 gumento
1536 1938 1657 1976 lacum
1696 1938 1822 1977 salsum
1861 1938 1881 1976 a
1904 1939 2082 1989 Neptuno
2110 1940 2251 1979 editum
2272 1942 2374 1979 dicit.

1330 1988 1484 2037 Baptista
1506 1990 1588 2027 Pius
1617 1990 1681 2038 (in
1702 1990 2024 2028 Racemationibus
2046 2003 2122 2040 cap.
2146 1991 2203 2039 8.)
2232 1992 2374 2029 Varro-

1331 2050 1418 2076 nem
1431 2041 1540 2085 citat,
1568 2041 1796 2090 apudiquem
1819 2040 1947 2078 eadem
1970 2043 2062 2079 haec
2080 2042 2200 2080 fabula
2218 2043 2254 2081 in
2275 2043 2374 2081 hunc

1332 2089 1408 2127 fere
1436 2091 1592 2129 modum
1618 2091 1769 2129 traditur
1791 2105 1799 2129 :
1829 2098 1970 2141 Cecrope
1990 2104 2153 2142 regnante
2172 2121 2182 2138 ‚
2228 2094 2374 2143 inquit,

1334 2153 1411 2176 cum
1433 2141 1521 2177 circa
1544 2155 1657 2179 arcem
1675 2142 1924 2190 Atheniensem
1945 2143 2015 2180 olea
2036 2144 2136 2180 arbor
2156 2146 2249 2192 forte
2266 2155 2373 2182 enata

1335 2191 1408 2240 esset
1421 2220 1429 2235 ‚
1458 2204 1500 2231 <9⁸
1509 2194 1618 2242 juxta
1635 2207 1810 2242 aquarum
1831 2194 2004 2243 scaturigo
2022 2204 2222 2240 emanaret,
2250 2195 2378 2244 consul·

1335 2252 1411 2278 tum
1422 2242 1524 2291 super
1542 2243 1602 2279 hoc
1631 2243 1743 2280 veluti
1764 2244 1914 2293 prodigio
1935 2245 2134 2294 Apollinem
2162 2245 2375 2296 respondisse,

1330 2301 1388 2342 per
1410 2292 1517 2330 oleam
1537 2295 1744 2331 Minervam
1757 2322 1766 2338 ,
1792 2304 1850 2343 per
1877 2309 2009 2345 aquam
2030 2302 2233 2346 Neptunum
2246 2295 2377 2347 fignifi-

1338 2342 1440 2388 cari,
1469 2349 1582 2394 eosque
1609 2345 1682 2381 dees
1711 2346 1801 2382 inter
1824 2346 1861 2395 ft
1893 2357 2021 2383 certare
2047 2358 2123 2384 uter
2145 2347 2223 2385 urbi
2252 2360 2374 2385 nomen

1336 2393 1530 2443 imponeret.
1585 2399 1704 2443 §Quare
1741 2406 1836 2446 penes
1865 2397 2026 2447 populum
2054 2398 2110 2448 effi’
2131 2427 2142 2442 ,
2179 2398 2292 2435 utrius
2320 2398 2372 2436 dei

1338 2445 1475 2481 nomine
1494 2446 1656 2495 appellari
1667 2447 1769 2484 illam
1788 2447 1917 2484 vellent
1931 2477 1940 2492 ,
1968 2448 2153 2486 decernere.
2183 2449 2375 2486 Athenien-

1336 2493 1431 2544 fibus
1449 2496 1568 2548 itaque
1580 2498 1618 2533 in
1630 2498 1799 2547 suffragia
1821 2499 2006 2543 euntibus,
2030 2513 2107 2536 cum
2128 2513 2239 2537 mares
2250 2506 2380 2547 Neptu-

1336 2559 1400 2590 no,
1440 2548 1597 2584 mulieres
1611 2549 1797 2586 Minervae
1814 2551 2004 2597 faverent,
2033 2551 2146 2601 vicisse
2169 2550 2374 2588 Minervam

1338 2596 1466 2633 calculo
1498 2611 1575 2636 uno.
1628 2601 1749 2647 Qtare
1782 2607 1985 2650 Neptunum
2014 2601 2237 2650 indignatum
2258 2629 2270 2646 ,
2297 2613 2375 2638 mox

1337 2656 1479 2684 tantam
1501 2662 1676 2697 aquarum
1702 2650 1780 2686 vim
1802 2651 1969 2700 effudiffe,
1997 2663 2036 2689 ut
2056 2662 2168 2690 totam
2191 2661 2287 2702 prope
2304 2657 2376 2690 At·
2454 2687 2456 2691 ,

1341 2697 1449 2734 ticam
1467 2698 1666 2737 inundaret.
1701 2701 1764 2736 Sed
1776 2702 1884 2749 postea
1903 2714 2024 2740 tamen
2042 2704 2169 2742 iterum
2185 2703 2375 2752 placatum,
2404 2700 2408 2704 ’
2454 2699 2456 2734 2

1339 2747 1541 2786 mulieribus
1558 2763 1596 2786 ea
1610 2759 1716 2799 poena
1736 2752 1919 2798 multatis,
1947 2764 1987 2792 ut
1998 2767 2104 2804 neque
2119 2752 2374 2804 suffragiapost-
2453 2748 2455 2761 ¹

1341 2798 1407 2835 hac
1435 2799 1509 2836 ulla
1527 2801 1663 2846 ferrent
1685 2829 1693 2844 ,
1722 2815 1829 2852 neque
1858 2804 1897 2839 de
1923 2805 2075 2854 ipsarum
2099 2803 2293 2842 nominibus
2306 2801 2376 2852 filii

1341 2850 1612 2899 appellarentur,
1640 2865 1746 2902 neque
1773 2853 1859 2902 ipsae
1881 2856 1988 2892 etiam
2007 2855 2188 2893 Atheneae
2214 2867 2376 2892 vocaren-

1341 2910 1413 2938 tur.
1468 2902 1571 2939 Haec
1590 2901 1661 2940 ille.
1691 2904 1815 2952 Atque
1835 2905 1908 2942 huc
1928 2907 2040 2944 etiam
2062 2907 2217 2944 Statium
2235 2901 2377 2945 allufiffe

1341 2952 1476 2989 volunt
1493 2964 1569 2990 x11.
1589 2952 1802 2992 Thebaidos
1822 2957 1843 2991 6
1850 2967 1907 3005 32.
1938 2957 1997 2995 ubi
2018 2958 2163 3007 inquit:

1393 3015 1461 3062 Ipse
1480 3026 1612 3064 quoque
1634 3015 1672 3052 in
1697 3025 1828 3064 pugnas
1846 3017 1938 3056 collis
1957 3031 2135 3057 vacuatur
2148 3048 2159 3065 ‚
2188 3018 2246 3056 ubi
2266 3019 2378 3068 ingens

1392 3065 1451 3100 Lis
1461 3064 1625 3112 superum
1641 3095 1649 3109 ,
1677 3066 1789 3103 dubiis
1809 3068 1910 3105 donec
1931 3084 2024 3106 nova
2036 3078 2188 3119 surgeret
2209 3070 2308 3107 arbor

1353 3156 1366 3169 ·
1394 3113 1545 3164 Rupibus
1558 3144 1568 3160 ,
1596 3128 1639 3156 ω’
1655 3116 1754 3166 longa
1774 3120 1926 3167 refugum
1944 3134 2041 3158 mare
2058 3122 2231 3171 frangeret
2242 3118 2373 3158 umbra.

1343 3175 1485 3216 Eadem
1505 3187 1629 3217 autem
1654 3182 1691 3217 ὅ(
1714 3181 1886 3230 Hyginus
1915 3182 2009 3229 (fab.
2032 3196 2161 3223 ctxrv.
2177 3186 2190 3232 )
2209 3182 2286 3223 fere
2304 3191 2372 3220 tra-

1344 3227 1417 3273 dit,
1445 3229 1510 3267 nifi
1532 3230 1634 3279 quod
1650 3231 1713 3268 hi‘c
1730 3232 1850 3270 lacum
1867 3261 1877 3276 ,
1904 3232 1965 3270 seu
1988 3234 2239 3285 scaturiginem
2261 3242 2374 3282 aquae

1336 3290 1416 3319 non
1436 3281 1475 3320 in
1500 3282 1577 3331 ipso
1596 3284 1817 3331 certamine,
1843 3283 1903 3323 sed
1915 3284 2104 3334 post‚cum
2125 3287 2173 3325 ob
2185 3283 2372 3369 victoriati?

2269 3343 2336 3371 ami
2353 3350 2371 3360 ο
