2483 3616
215 177 276 233 Ρ.
317 169 550 234 OVIDII
583 163 900 228 NASONIS
938 163 1719 228 METAMORPHOSEON
1754 171 1872 230 Lm.
1898 173 1994 231 IX‘.

47 321 198 366 cornu,
234 308 344 368 quod
372 303 382 330 ¹'
404 305 666 365 implicuerat
688 298 899 358 brachiis,
932 296 951 325 ¹‘
975 302 1120 360 rapuit
1140 311 1366 348 extortum.

51 366 289 431 adveifitrii
312 370 475 416 viribus
505 366 628 424 ceffit.

2084 177 2188 244 625

1435 301 1538 366 Quo
1571 301 1706 348 dolore
1736 303 1806 348 ille
1836 318 1886 349 ac
1918 304 2186 365 deformitate

698 369 765 410 At
794 364 1024 424 Nymphae
1055 367 1256 413 ZVaiacles
1280 400 1294 425 a
1329 367 1529 426 fluminis
1546 366 1700 426 filiae,
1734 366 1953 428 ffeerunt
1977 402 1993 427 ‚
2040 366 2047 393 ¹
2070 380 2117 414 ut
2140 369 2191 414 id

51 435 159 500 quod
179 444 360 492 ereptum
383 433 512 492 capiti
539 439 631 476 erat
655 463 671 488 ‚
709 430 894 476 omnibus
930 432 1054 490 copiis
1093 432 1410 477 autumnalibus
1446 436 1471 455 ¹¹¹
1495 433 1697 492 replerent
1723 449 1737 478 .·
1783 442 1830 477 ut
1870 433 1984 492 apud
2008 433 2186 492 posteros

49 501 277 548 maximum
298 497 466 543 haberet
480 495 678 557 fruitam
714 495 767 547 &2³
781 497 1060 542 mirationem.

55 574 172 611 retur
192 563 376 611 omnibus
399 560 664 622 temporibus,

1128 497 1280 558 Itaque
1314 501 1333 521 ¹¹
1360 498 1616 556 Cornucopia
1649 495 1841 558 effectum
1875 497 1930 559 est
1953 530 1969 556 9
2005 508 2051 542 ut
2076 498 2186 556 dite-1

339 693 593 874 QUae
621 697 880 768 gemitus,
921 710 1247 769 truncaeque
1271 697 1395 752 Deo
1422 697 1722 770 Neptunius
1747 698 1906 753 heros

518 769 703 824 Cauffa
727 783 879 841 rogat
904 770 1121 824 frontis:

1160 788 1283 825 cum
1309 771 1377 825 fic
1401 770 1727 842 Calydonius
1752 772 1919 825 amnis

520 842 745 914 Coepit,
783 843 1055 896 inornatos
1090 843 1370 897 redimitus
1394 843 1648 898 arundine
1674 843 1874 898 crines:

336 915 517 970 Triste
542 917 681 987 petis
709 933 914 969 munus,
954 916 1070 987 quis
1095 916 1236 970 enim
1263 916 1349 970 sua
1374 917 1576 988 proelia
1605 916 1770 970 vietus

269 1006 299 1056 5
337 988 785 1042 Commemorare
811 988 970 1042 velit?
1011 987 1239 1042 referam
1265 1003 1443 1043 tamen
1470 989 1674 1042 ordine.
1714 1006 1815 1043 nec
1844 1001 1955 1044 tam

340 1061 531 1132 Turpe
560 1060 659 1116 fuit
684 1060 1031 1132 vinci5quam
1056 1060 1384 1115 contendiffe
1411 1062 1672 1116 decorum
1698 1061 1799 1117 est:

335 1133 646 1206 Magnaque
672 1133 761 1186 dat
789 1133 941 1187 nobis
966 1146 1141 1187 tantus
1165 1133 1345 1186 solatia
1371 1133 1555 1187 vitior.

337 1207 573 1260 Nomine
598 1205 636 1259 fi
663 1223 766 1278 qua
790 1205 884 1259 suo
911 1205 1128 1260 tandem
1153 1204 1397 1277 pervenit
1423 1206 1488 1260 ad
1517 1224 1667 1261 aures

339 1278 595 1332 Deianira
624 1291 767 1341 tua33
812 1279 1086 1350 quondam
1112 1278 1466 1349 pulcherrima
1495 1278 1678 1349 virg0‚

231 1369 295 1404 10
335 1349 749 1422 Multorumque
775 1351 875 1404 fuit
902 1352 1013 1422 spes
1044 1350 1301 1404 invidiosa
1327 1366 1635 1420 procorum.

335 1423 481 1478 Cum
508 1423 699 1496 quibus
725 1436 782 1476 ut
808 1423 978 1481 soceri
1005 1422 1196 1476 domus
1224 1423 1298 1477 est
1320 1423 1510 1476 intrata
1537 1423 1724 1494 petiti3

335 1497 543 1568 Accipe
568 1514 654 1550 me
680 1514 969 1567 generum,
1007 1495 1115 1549 dixi
1133 1534 1148 1558 ‚
1188 1494 1486 1550 Par-thaone
1511 1509 1652 1550 nate.

339 1569 495 1623 Dixit
525 1568 580 1622 δε
609 1569 844 1623 Alcides.
882 1569 965 1622 alii
993 1568 1189 1623 cellere
1217 1567 1441 1622 duobus,

332 1640 423 1696 Ille
450 1641 637 1710 Iovem
662 1641 907 1696 socerum
931 1640 1058 1696 dare
1086 1641 1166 1705 se,
1204 1641 1505 1713 famamque
1529 1640 1769 1697 laborum
1788 1682 1804 1707 ,

49 1854 202 1895 tationis
229 1853 381 1904 gratiam
410 1852 665 1902 persolveret,
693 1863 837 1903 capram
867 1852 979 1901 ipsam
1001 1851 1096 1890 inter

55 1906 165 1945 sidera
182 1903 361 1950 retulisse,
382 1915 499 1942 cornu
518 1913 645 1942 autem
667 1916 793 1953 caprae
812 1904 966 1942 alterum
984 1916 1097 1954 nym-

55 1957 133 2007 phis
151 1956 349 1995 nutricibus
371 1954 530 2000 dediffe,
556 1956 626 1993 hac
652 1955 794 2004 adjecta
826 1955 999 1993 facultate
1020 1983 1030 1999 ‚
1058 1963 1097 1992 ut

0 2054 1 2063 ἵ
55 2006 231 2056 quicquid
262 2004 442 2055 optaffent
461 2034 472 2051 ,
507 2006 545 2044 id
576 2006 643 2044 illis
671 2018 716 2043 ex
739 2018 786 2043 eo
811 2017 928 2043 cornu
955 2007 1098 2062 largiter

56 2057 354 2105 suppeditaretur.
405 2058 452 2094 Et
478 2056 524 2095 ad
555 2056 718 2095 eundem
751 2055 828 2094 fere
848 2056 1004 2094 modum
1026 2056 1099 2105 lpse

60 2106 220 2145 Ovidius
248 2107 287 2144 in
313 2106 420 2143 Fastis
447 2107 509 2144 lib.
537 2120 574 2145 v.
609 2108 700 2145 vers.
730 2119 811 2156 1¹5-
845 2107 892 2144 de
912 2108 1041 2144 eadem
1063 2119 1101 2144 re

2 2170 3 2199 ς
59 2165 199 2202 narrat,
226 2156 293 2194 nifi
314 2155 416 2206 quod
443 2156 581 2195 ibidem
607 2170 686 2196 non
705 2169 850 2207 capram
867 2187 876 2202 ‚
904 2157 964 2195 sed
987 2158 1104 2196 Naia-

2 2208 4 2247 ἒ
62 2208 173 2252 dem,
202 2207 304 2257 cujus
334 2217 439 2256 capra
468 2207 525 2245 illa
555 2209 696 2253 fuerat,
725 2210 961 2246 Amaltheam
981 2217 1103 2248 vocat.

3 2265 5 2296 l
62 2259 167 2298 Plura
191 2258 237 2296 de
258 2257 393 2295 eodem
425 2269 541 2295 cornu
568 2260 760 2298 annotavit
782 2259 876 2298 Eras.
897 2260 934 2298 in
952 2271 1104 2309 prover-

4 2319 6 2337 *
67 2309 128 2348 bio
151 2309 259 2358 copiae
280 2321 395 2345 cornu.
424 2308 601 2347 chrm..

117 2371 150 2410 3.
178 2358 396 2408 Inornatos.]
428 2365 610 2396 lnauratos
629 2367 710 2398 tert.
726 2360 870 2399 Medic.

120 2412 155 2448 6.
184 2416 351 2447 Decorum
371 2409 425 2456 est.
448 2408 463 2459 ]
507 2409 618 2447 Deest
636 2410 679 2447 τὸ
702 2411 745 2458 est
763 2412 874 2449 Palat.
891 2411 1002 2449 tribus
1020 2412 1107 2451 aliis.

8 2498 9 2519 3
71 2465 108 2504 &
125 2461 290 2512 sequenti
308 2461 411 2498 versu
426 2488 435 2504 ‚
457 2472 652 2509 magnaque
671 2459 728 2496 det
746 2473 839 2498 unus
860 2462 1016 2499 Heinfii.

120 2526 155 2560 7.
185 2518 384 2561 Magnaque
423 2510 487 2547 dat
516 2511 610 2548 nobis
636 2520 759 2547 tantus
779 2510 910 2560 filatia
942 2510 1106 2561 victam]

10 2564 11 2589 ³
71 2564 168 2605 'Vide
185 2575 280 2613 quae
301 2562 375 2600 dixi
394 2561 505 2600 lib.v.
528 2561 617 2599 vers.
639 2573 720 2610 191.

121 2637 255 2680 Magna
268 2630 361 2678 feres
375 2628 501 2665 tacitas
515 2627 643 2678 fhlatia
667 2626 789 2664 mortis
811 2626 860 2664 ad
882 2625 1026 2664 umbras

122 2688 160 2720 A
178 2691 278 2719 tanto
298 2679 440 2729 cecidisse
458 2679 547 2716 viro.
603 2679 774 2716 C10FAN.

123 2743 158 2784 8.
184 2743 378 2793 Tandem]
407 2742 633 2792 Aliquando.
654 2741 797 2779 tandem
808 2742 907 2779 enim
937 2740 1115 2788 (utPom-

14 2810 15 2813 ¹
79 2796 176 2846 pejus
192 2795 336 2842 scribit)
365 2795 549 2832 interdum
574 2793 773 2843 aliquando
792 2791 1115 2841 fignificat‚inter-

16 2880 17 2884 ,
82 2847 165 2885 dum
202 2858 267 2895 pro
290 2846 515 2895 supervacuo
538 2846 711 2893 ponitur,
752 2843 936 2881 interdum
969 2841 1116 2880 affectui

16 2905 18 2915 ’
82 2897 119 2935 &
137 2896 379 2946 indignationi
396 2896 514 2934 servit.
567 2896 621 2932 Ut
643 2896 797 2932 Cicero:
829 2896 1015 2942 Quousque
1035 2903 1118 2929 tan-

13 2987 16 3011 l

15 3015 23 3125 Ξ

18 3124 24 3199 ³.

14 2966 19 2983 a
81 2946 155 2985 dem
173 2947 310 2985 abutere
335 2946 511 2995 patientia
537 2945 673 2994 nostra,
697 2945 857 2982 Catilina
876 2954 892 2984 ,ι’
952 2945 1118 2982 Κεωυε.

85 2997 140 3036 Sic
160 2999 196 3036 &
213 3010 304 3036 mox
332 3008 414 3045 137.

132 3054 221 3086 Cum
242 3050 349 3096 fama
368 3047 496 3097 loquax
510 3047 668 3097 pervenit
686 3046 735 3083 ad
749 3059 862 3084 aures.

86 3095 132 3136 Et
151 3111 195 3136 11.
213 3099 321 3138 Pont.
340 3111 393 3137 1x.
416 3109 451 3148 3.

133 3154 240 3186 Fama
257 3149 385 3200 loquax
408 3146 538 3195 vestras
551 3148 705 3198 jamjam
727 3147 885 3198 pervenit
908 3147 957 3185 ad
973 3161 1083 3187 aures.

87 3195 254 3248 Virgilius
272 3199 431 3238 Aeneid.
446 3200 508 3237 lib.
531 3210 544 3235 x
556 3210 586 3235 1.

137 3250 251 3286 Fando
271 3250 408 3301 aliquid
421 3248 456 3300 fi
467 3249 563 3296 forte
584 3258 663 3285 tuas
673 3249 835 3297 pervenit
852 3248 900 3286 ad
916 3263 1028 3287 aures.

22 3309 23 3312 ’
87 3296 144 3354 M
167 3299 308 3342 Tullius
337 3312 406 3352 pto
434 3301 530 3340 Sulla
551 3312 561 3338 ε
602 3299 669 3352 Vix
694 3298 743 3336 ad
778 3312 876 3338 meas
900 3312 1002 3338 aures
1026 3298 1122 3348 istim

2125 1712 2204 1771 Et

1146 1851 1344 1902 suspicionis
1360 1853 1468 1899 fama
1486 1851 1662 1902 pervenit.
1692 1851 1909 1891 CroFANth.
1963 1852 2119 1891 Tandem
2140 1852 2202 1892 hie

1151 1916 1218 1953 pro
1244 1902 1443 1953 aliquando
1475 1904 1565 1952 poni
1597 1906 1659 1941 vix
1688 1915 1900 1953 concoquo.
1930 1903 1967 1942 &
1990 1912 2205 1953 corruptam

1153 1966 1289 1992 vocem
1321 1962 1423 2003 puto.
1462 1955 1564 2004 quod
1586 1955 1624 1992 &
1653 1954 1809 1992 Heinsio
1833 1953 1936 1993 fuisse
1960 1954 2077 1993 visum
2105 1961 2207 2004 patet

1154 2018 1200 2043 ex
1232 2005 1310 2054 ejus
1340 2005 1470 2043 codice
1487 2032 1496 2049 ,
1527 2005 1628 2054 cujus
1648 2005 1802 2054 margini
1830 2005 2058 2054 adscripscrat
2086 2006 2207 2050 forte,

1146 2056 1282 2105 forsan.
1310 2067 1380 2105 ego
1403 2056 1527 2101 malo,
1557 2055 1671 2103 fando
1689 2055 1850 2104 pervenit
1874 2056 1922 2092 ad
1949 2069 2062 2093 aures.
2101 2056 2208 2105 Virgo⁴

1161 2120 1217 2145 11.
1239 2107 1299 2144 81.
1326 2118 1436 2156 quem
1457 2107 1582 2144 locum
1609 2107 1787 2144 Ciofanus
1806 2118 1959 2156 quoque
1980 2105 2154 2143 adduxit:

1211 2157 1329 2194 Fando
1348 2157 1486 2209 aliquid
1496 2155 1632 2207 fiforte
1655 2167 1734 2194 tuas
1750 2157 1909 2207 pervenit
1931 2156 1979 2193 ad
1998 2169 2110 2194 aures.
2186 2199 2191 2202 ¹

1159 2209 1282 2247 Valer.
1305 2208 1401 2247 Flac.
1421 2221 1477 2247 iv.
1501 2220 1579 2253 170.

1436 2260 1499 2296 His
1513 2259 1626 2306 fando
1640 2256 1676 2308 si
1692 2257 1836 2295 nuntius
1856 2256 1983 2305 erstitie
2003 2255 2081 2293 oris.

1161 2312 1239 2350 Ubi
1257 2310 1358 2361 plura
1381 2310 1557 2349 dicemus.
1587 2310 1634 2347 fic
1670 2311 1707 2346 ὃς
1725 2320 1861 2346 vocem
1893 2309 1987 2345 hanc
2016 2307 2208 2347 restituens

1162 2363 1245 2401 dam
1279 2361 1349 2399 effe
1375 2362 1529 2410 Sulpitio
1551 2361 1688 2398 Severo
1716 2367 1806 2408 puto
1826 2359 1974 2406 Dialog.
1996 2369 2041 2395 11.
2070 2369 2146 2406 cap.
2173 2370 2210 2407 3.

1163 2413 1270 2462 Fuisse
1296 2422 1413 2448 autem
1444 2412 1516 2448 illic
1537 2410 1726 2459 pluviam,
1755 2422 1794 2445 ne
1814 2409 1929 2456 fando
1948 2408 2085 2457 quidem
2105 2408 2212 2446 audi-

1165 2473 1242 2499 tum
1261 2462 1313 2508 est.
1342 2462 1454 2509 vulgo
1481 2463 1637 2509 legitur,
1675 2474 1715 2496 ne
1742 2459 1881 2509 quando
1920 2458 1992 2496 sine
2014 2458 2124 2496 sensu.
2149 2457 2212 2498 sed

1159 2513 1210 2550 ita
1228 2511 1350 2560 postea
1372 2513 1409 2548 ὃ(
1432 2509 1638 2548 emendasse
1660 2509 1773 2548 Waff.
1793 2509 1837 2547 ad
1860 2509 1939 2546 Sall.
1969 2509 2050 2557 Jug.
2070 2521 2128 2546 20.
2147 2509 2214 2547 de·

1162 2562 1363 2611 prehendi,
1392 2573 1504 2611 quare
1520 2588 1530 2605 ,
1548 2561 1634 2598 licet
1652 2561 1714 2598 diu
1742 2569 1826 2597 ante
1847 2560 1985 2598 editum
2009 2560 2052 2596 ab
2074 2572 2120 2597 eo
2139 2559 2215 2597 Sal-

1164 2612 1310 2650 lustium
1339 2612 1387 2649 ita
1411 2609 1640 2649 correxiffem
1659 2639 1669 2657 ,
1695 2611 1809 2649 libens
1843 2611 1877 2648 ei
1905 2609 2116 2649 transcribo.
2153 2609 2215 2656 Sicj

1169 2663 1273 2701 Silius
1291 2662 1351 2700 lib.
1376 2676 1410 2700 x.
1431 2662 1516 2710 484.

1579 2712 1615 2749 si
1636 2713 1782 2762 Porsina
1795 2711 1909 2759 fando

1222 2764 1383 2802 Auditus
1400 2763 1476 2801 tibi.

1170 2815 1261 2854 Vid.
1286 2815 1412 2852 Heius.
1432 2815 1478 2853 ad
1496 2814 1556 2853 lib.
1576 2826 1640 2852 xv.
1660 2825 1744 2861 497.
1771 2814 1904 2853 Euam.

1228 2879 1282 2904 υ..
1309 2866 1506 2904 Parthaone
1529 2865 1646 2915 nate.]
1685 2866 1839 2904 Oeneus
1858 2877 1919 2903 rex
1940 2863 2111 2902 Aetoliae
2131 2862 2215 2901 Para

1172 2918 1317 2956 thaonis
1349 2918 1417 2956 fuit
1445 2917 1549 2955 filius.
1578 2918 1750 2956 Remus.
1803 2916 1995 2954 Homerus
2012 2914 2214 2959 Portheum

1172 2977 1282 3008 vocat
1301 2968 1432 3006 Iliados
1451 2967 1487 3016 ξ.
1515 2981 1593 3017 115-

1226 3036 1352 3085 Ποξθεῖ
1370 3031 1437 3084 ’γοῖρ
1461 3036 1539 3086 τρεὶς
1560 3030 1669 3074 παῖδες
1690 3028 1852 3082 οἷμῦμοιες
1868 3029 2038 3075 ἒξεγέιὀντο

1229 3091 1360 3140 Α’ξγιός
1375 3087 1424 3129 ἷὲὃε
1444 3091 1581 3134 Μέλας,
1614 3090 1786 3138 nlo-ur&
1801 3087 1841 3132 cll]
1863 3079 1894 3125 ἦν
1923 3080 2054 3119 ἱππόται
2075 3075 2194 3124 obde}

1228 3139 1348 3182 Ωἰκεον
1371 3146 1410 3190 οἵ
1433 3147 1459 3181 ἐν
1478 3146 1634 3194 Πλευρῶνι
1655 3146 1688 3192 νς
1703 3142 1824 3191 αἰπεινῇ
1842 3131 2031 3183 Καλυδῶνι,
2061 3131 2141 3172 &C.

1175 3197 1353 3236 Mlcru..
1378 3198 1466 3234 Vid.
1486 3198 1528 3235 ad
1550 3199 1610 3234 hb.
1627 3207 1717 3231 vm.
1740 3205 1819 3241 541.
2125 3239 2127 3241 ‚
2219 3240 2221 3243 ι

1232 3259 1289 3296 13.
1316 3247 1470 3283 Alcides.
1492 3247 1507 3296 ]
1545 3245 1747 3287 Hercules,
1775 3243 1818 3278 ab
1837 3240 1977 3278 Alcaeo
1995 3248 2068 3275 avo
2097 3263 2118 3294 ,ι
2145 3234 2224 3294 ξῖγε

1176 3297 1253 3336 ἀπὸ
1271 3297 1338 3339 τῆς
1358 3297 1476 3339 ἀλκῆς
1496 3322 1507 3341 ,
1543 3295 1648 3334 id-est
1664 3291 1892 3380 folrtlitpdine.
1917 3288 2090 3330 Pindarus
2109 3295 2220 3388 ιέἰιῐιιᾳ

1655 3343 1689 3382 Κ
1710 3354 1725 3379 z
1742 3353 1757 3379 ς
1777 3353 1793 3379 ς
1819 3354 1842 3381 2
2180 3349 2236 3386 ct:
