2483 3616
254 193 351 262 με,
761 187 823 246 P.
899 185 1308 248 oerit

1381 184 1920 246 NASONIS

398 299 503 354 755
527 283 765 359 ⁴Alipedi
789 284 1015 349 vitulu83
1055 294 1234 336 taurus
1258 277 1390 343 tibi,
1425 280 1630 339 summe
1656 282 1921 339 Deorum.

544 359 798 415 Protinus
827 353 1251 418 Andromedan,
1291 351 1347 406 δε
1372 356 1506 409 tanti
1529 357 1762 428 praemia
1786 355 1911 410 faeti

544 433 790 489 Indotata
814 432 966 504 rapit.
1008 427 1192 497 taedas
1219 425 1572 499 Hymenaeus
1598 430 1881 502 Amorque

543 505 920 562 Praecutiunt:
962 502 1119 573 largis
1144 501 1396 556 satiantur
1423 501 1682 557 odoribus
1706 501 1885 572 ignes:

549 581 809 653 Sertaque
835 576 1148 651 dependent
1172 572 1353 629 tectis:
1393 574 1630 646 lotique,
1666 574 1948 646 lyraeque,

398 657 502 723 760
538 653 841 726 Tibiaque,
868 652 924 707 &
956 661 1172 713 cantuS‚
1210 647 1374 703 animi
1390 645 1572 702 felicia
1595 646 1719 701 laeti

254 873 415 911 turum‘:
445 870 532 915 sed,
564 882 650 908 cum
680 869 785 907 sciret
816 868 923 906 Deae
951 865 1003 904 illi
1022 875 1177 904 vaccam
1194 892 1204 908 ‚
1231 876 1310 904 non

255 935 389 973 agnam
404 952 414 969 ,
440 922 591 960 mactari
612 922 755 959 solitam
776 917 880 957 fuiffe
893 947 903 964 ,
929 917 964 955 se
984 917 1099 967 ipsum
1127 916 1311 965 corrigens

256 974 373 1012 subdit
394 987 471 1012 non
495 971 566 1011 effe
590 973 724 1014 virium
739 1000 750 1017 ,
780 978 892 1021 atque
914 981 1031 1019 opum
1051 968 1310 1012 suarum,eam

254 1025 435 1074 pecuniae
457 1026 534 1063 vim
551 1054 561 1071 ‚
589 1036 662 1075 qua
695 1033 809 1062 vacca
832 1029 1000 1066 ematur,
1022 1018 1126 1070 poffe
1157 1018 1311 1057 solvere.

251 1078 470 1124 perorantis.

308 1140 392 1177 755.
421 1134 557 1166 Taurus
580 1126 646 1164 tibi
659 1126 801 1176 summe
822 1122 1014 1174 Deorum]
1044 1121 1163 1160 Aliter
1184 1129 1312 1160 tamen

254 1178 400 1218 Servius
432 1192 478 1218 ex
511 1180 615 1228 Virg.
651 1191 715 1216 111.
748 1176 907 1215 Aeneid.
940 1175 1004 1225 qui
1026 1174 1112 1221 Jovi
1132 1185 1211 1211 non
1231 1181 1313 1210 tau—

251 1238 334 1267 rum
352 1259 362 1275 ‚
389 1231 449 1268 sed
482 1230 640 1268 vitulum
674 1229 826 1266 mactari
857 1227 1002 1264 solitum
1016 1225 1144 1262 scribit.
1199 1224 1307 1261 Idem

253 1281 362 1319 tradit
382 1281 598 1319 Macrobius
617 1281 677 1319 lib.
701 1293 765 1317 111.
789 1291 866 1327 cap.
888 1291 922 1315 x.
952 1277 1091 1314 Saturn.
1121 1286 1167 1312 ex
1197 1275 1309 1324 Capi-

254 1332 353 1369 tonis
373 1334 412 1371 &
435 1333 622 1371 Labeonis
642 1332 831 1369 sententia.
860 1328 973 1366 Unde
992 1324 1139 1365 fortaffe
1161 1325 1310 1364 videtur

255 1383 438 1428 Ovidius,
461 1384 550 1433 juris
572 1382 759 1422 Pontificii
782 1393 861 1420 non
885 1390 1026 1430 aeque,
1049 1390 1092 1416 ac
1117 1377 1306 1427 Virgilius,

254 1433 408 1483 diligens
431 1435 644 1473 observator
667 1432 783 1471 fuiffe.
809 1433 927 1470 IDEM.

305 1486 390 1535 756.
416 1491 464 1523 Et
494 1486 591 1523 tanti
613 1485 774 1535 praemia
796 1483 903 1531 faeti.
927 1481 944 1532 ]
974 1480 1096 1519 Scribe
1112 1509 1122 1526 ‚
1148 1490 1189 1517 ut
1210 1480 1306 1518 tanti

245 1537 406 1586 praemia
419 1538 524 1584 fatti.
549 1537 650 1574 malo
673 1536 800 1581 etiam,
820 1534 934 1584 capit,
969 1533 1073 1583 quod
1091 1532 1140 1570 est
1165 1532 1203 1569 in
1226 1544 1306 1570 uno

255 1588 430 1628 Gronov.
456 1590 495 1626 &
527 1588 726 1626 Barberino
741 1615 751 1632 ‚
778 1597 892 1636 quam
916 1586 1009 1635 rapit
1028 1595 1115 1621 cum
1137 1583 1305 1632 vulgatis.

254 1640 526 1677 Andromedam
547 1641 658 1677 etiam
683 1651 750 1688 pro
773 1636 1025 1675 Andromeden
1043 1634 1228 1672 meliores.
1257 1637 1304 1672 de

253 1701 331 1739 quo
354 1691 436 1728 alibi
457 1690 611 1729 dictum.
639 1690 851 1728 Hermus.
898 1686 1063 1725 Praemia
1076 1685 1173 1736 patri
1192 1685 1304 1724 etiam

251 1741 345 1779 olim
371 1743 581 1792 conjecerat
604 1740 774 1779 Heinsius
794 1753 840 1777 ex
862 1738 912 1777 vs.
933 1749 1019 1787 703.
1038 1736 1115 1778 vid.
1129 1748 1204 1774 ΧΠ.
1220 1748 1304 1783 472..

305 1793 389 1842 657.
417 1795 582 1830 Indotata
605 1792 738 1842 rapit.]
786 1790 907 1828 Valde
929 1789 1067 1827 dotata.
1104 1794 1172 1833 In,
1197 1799 1306 1826 nam-

250 1854 326 1892 que
349 1843 568 1893 praepositio
583 1873 593 1890 ,
619 1846 698 1881 vim
728 1841 916 1880 interdum
938 1840 1048 1878 habet
1067 1839 1302 1878 intentivam.

253 1895 538 1933 Andromedam
575 1895 676 1933 enim
698 1893 840 1942 accepit
864 1891 1011 1930 Perseus
1034 1902 1121 1928 cum
1142 1890 1303 1929 Aethio-

254 1947 336 1994 piae
358 1958 474 1995 regno
496 1958 563 1995 pro
586 1946 688 1984 dote.
714 1946 886 1982 Rrorus.
924 1943 1014 1980 Hoc
1035 1942 1124 1979 loco
1144 1941 1302 1980 verbum

250 1997 326 2034 hoc
346 1998 507 2034 indotata
531 1995 796 2046 exponendum
820 2003 990 2044 putamus
1012 2004 1079 2042 pro
1110 1993 1278 2031 incomta
1292 2022 1303 2039 ,

251 2047 289 2085 in
303 2060 415 2097 quam
438 2048 742 2097 fignificationeni
781 2046 869 2085 illud
900 2056 1054 2096 quoque
1077 2056 1123 2082 ex
1141 2044 1300 2093 septimo

250 2099 446 2137 volumine
478 2099 656 2136 convenit
682 2098 731 2136 vs.
754 2098 840 2139 607.
872 2107 936 2133 aut
951 2097 1087 2133 dantur
1117 2095 1157 2133 in
1186 2096 1300 2142 altos,

248 2151 418 2187 Indotata
440 2164 543 2200 rogos.
581 2151 670 2187 Hoc
693 2162 737 2186 ex
758 2148 938 2186 Marcello
952 2149 990 2185 &
1005 2147 1200 2184 Cicerone.
1237 2147 1301 2193 Ja-

250 2213 375 2239 cossus
400 2215 421 2238 A
444 2201 599 2239 Canes.
637 2202 835 2239 Romanae
866 2198 992 2236 alludit
1022 2197 1300 2236 consuetudini:

249 2263 346 2302 quae
369 2254 462 2296 fuit,
488 2261 527 2290 ut
546 2264 647 2290 nova
668 2259 781 2300 nupta
803 2263 824 2288 e
843 2251 987 2299 gremio
1009 2249 1133 2286 matris
1156 2276 1166 2293 ,
1195 2257 1256 2286 aut
1276 2248 1303 2287 fi

249 2315 293 2340 ea
316 2316 392 2342 non
416 2303 525 2349 effet,
545 2304 739 2353 proximae
769 2300 1031 2340 necessitudine
1053 2299 1130 2348 rapi
1151 2298 1299 2337 fimula-

247 2363 369 2399 retur,
397 2356 576 2405 quoniam
602 2367 643 2392 ea
680 2365 735 2391 res
755 2352 926 2391 Romulo
956 2351 1112 2389 feliciter
1133 2349 1294 2388 cefferat.

249 2405 396 2443 Auctor
417 2406 465 2443 est
487 2406 618 2443 Festus.
639 2406 801 2442 indotata
821 2411 945 2441 autern
970 2401 1046 2439 fine
1075 2401 1165 2439 dote
1185 2413 1302 2450 expo-

251 2467 325 2501 ne,
352 2458 530 2506 quoniam
555 2457 702 2494 Perseus
725 2455 813 2493 dote
843 2453 1010 2503 neglecta
1033 2463 1116 2490 earn
1154 2453 1302 2501 ceperit.

250 2517 340 2543 nam
369 2519 450 2544 earn
480 2507 608 2546 relicto
641 2506 753 2544 dotali
783 2517 900 2555 regno
930 2505 1056 2543 secum
1089 2503 1128 2542 in
1147 2503 1302 2552 patriam

249 2556 368 2595 duxit.
397 2558 556 2595 Ovidius
582 2571 612 2596 1.
625 2558 705 2595 Art.
720 2569 778 2606 53.

301 2608 551 2645 Andromeden
583 2612 719 2657 Perseus
741 2607 847 2658 nigris
861 2606 1013 2657 portarit
1033 2605 1078 2643 ab
1101 2605 1214 2644 Indis,

246 2657 555 2696 Consmmxus.
581 2659 786 2697 FAnznsxs.
827 2658 903 2696 Vel
919 2658 1082 2695 indotata
1104 2685 1115 2702 ‚
1153 2669 1221 2706 pro
1244 2658 1303 2697 in-

252 2709 513 2757 compensata‚
566 2719 627 2748 aut
673 2722 752 2748 non
789 2709 868 2746 satis
909 2721 976 2758 pro
1005 2708 1141 2746 merito
1173 2709 1301 2757 pensa-

240 2768 298 2798 -ta.
335 2760 442 2797 omni
473 2760 574 2798 enim
607 2762 727 2809 pretio
771 2760 846 2797 vita
872 2760 998 2808 potior
1034 2759 1095 2797 est.
1136 2759 1299 2798 M1crr-

249 2823 331 2848 Lus.
386 2811 576 2855 Indotata‚
611 2811 650 2849 id
679 2811 727 2849 est
751 2810 829 2848 doti
859 2810 978 2855 dicta,
1005 2809 1067 2847 seu
1097 2811 1294 2858 promiffa:

247 2862 347 2900 Tale
368 2861 417 2899 est
450 2863 662 2909 Infrenatus.
725 2862 831 2898 Haec
861 2861 1043 2897 Muretus,
1095 2861 1292 2899 Praeclare.

245 2913 307 2951 alii
328 2911 609 2961 aliterimperite
629 2920 834 2961 exponunt.
866 2912 980 2948 Cror.
1003 2911 1108 2959 Capit
1120 2912 1294 2950 Gronov.

240 2965 288 3008 v&
314 2962 496 3001 Barberin.
524 2964 563 3000 &
594 2963 669 3000 hoc
709 2963 854 3000 videtur
886 2960 1073 3010 praestare.
1101 2961 1293 2999 voluntate

247 3015 350 3053 enim
373 3023 569 3064 parentum
601 3013 813 3063 accipiebat.
840 3024 927 3049 nam
960 3010 1082 3048 adludi
1102 3010 1147 3048 ad
1169 3023 1292 3049 mores

246 3066 444 3104 Romanos
474 3066 536 3103 vix
571 3073 674 3114 puto.
707 3065 868 3101 indotata
902 3062 1033 3099 rec‘tius
1053 3062 1250 3109 exponitur
1273 3075 1292 3100 a

246 3117 466 3154 Constantio
489 3145 499 3161 ‚
526 3116 602 3154 fine
632 3127 747 3165 regno
772 3144 782 3160 ,
810 3113 914 3164 quod
943 3113 1023 3150 doti
1053 3112 1295 3161 promiserant

246 3168 334 3205 vers.
357 3179 441 3217 705.
462 3175 629 3216 parentes
643 3196 653 3212 ,
667 3170 705 3204 &
726 3167 775 3204 ita
788 3164 992 3203 Farnabius.

298 3232 381 3279 758.
411 3233 543 3270 Taedas
557 3231 781 3282 praecipiunt.
795 3230 810 3280 ]
840 3229 943 3279 Quid
957 3229 1006 3266 cst
1021 3228 1209 3278 praecipere
1220 3239 1293 3266 tae-

245 3282 336 3319 das?
374 3283 606 3321 Florentinus
638 3283 671 3320 S.
695 3283 815 3319 Marci
834 3289 1021 3330 optimus,
1045 3287 1287 3320 Praetutium.

244 3332 353 3370 recte.
379 3334 687 3384 Propert.lib.m.
708 3333 812 3384 Eteg.
833 3344 895 3373 xv.

2231 737 2413 811 Argu-¹

1420 865 1491 917 'Ipfie
1514 870 1629 904 Amor
1649 863 1805 915 accensas
1820 863 1971 916 percutit
1988 871 2071 902 ante
2080 863 2189 910 faces.

1368 933 1430 973 ubi
1443 935 1618 985 praecutit
1646 945 1799 985 quoque
1831 933 1965 982 opinor
1984 929 2227 968 scribendum.
2252 929 2355 968 Hinc
2374 931 2415 970 ὅτ’
2450 953 2454 958 -

1368 986 1504 1038 quassae
1527 989 1626 1034 faces
1658 987 1755 1036 apud
1768 984 1945 1022 Nostrum
1968 982 2007 1020 in
2027 980 2149 1019 fabula
2171 981 2347 1027 Narcissi,
2375 983 2414 1021 ὃς

1369 1048 1510 1089 quatere
1532 1041 1652 1086 facem
1680 1049 1760 1076 non
1785 1035 1898 1073 semel
1920 1033 2015 1072 alibi.
2052 1032 2097 1070 In
2117 1032 2240 1082 primo
2262 1032 2412 1070 Grono-

1370 1090 1505 1134 viano,
1534 1090 1755 1127 Percutiunt.
1788 1087 1832 1124 In
1852 1084 2024 1123 Urbinati
2044 1091 2149 1121 vetus
2164 1082 2333 1132 scriptura
2352 1095 2416 1132 pe-

1369 1141 1466 1179 nitus
1489 1140 1596 1178 erasa.
1620 1141 1658 1179 in
1680 1153 1758 1178 uno
1781 1136 1977 1182 Leidenfi,
2004 1134 2312 1184 Praecipitant,in
2322 1133 2417 1184 duo-4=

1370 1192 1436 1230 bus
1458 1191 1532 1229 aliis
1546 1220 1556 1237 ‚
1578 1192 1782 1243 percipiunt.
1808 1190 1973 1238 Propert.
1992 1187 2016 1225 1.
2031 1198 2062 1225 1.
2087 1185 2191 1235 Eleg.
2213 1197 2278 1224 111.

1414 1272 1507 1305 Cum
1531 1278 1715 1319 quaterent
1727 1264 1812 1317 ferai
1833 1266 1926 1302 nolle
1939 1265 2059 1312 facem
2076 1262 2186 1313 pueri.

1364 1341 1528 1380 Catullus
1548 1342 1798 1392 Epithalamio
1820 1339 1981 1384 Manlii,
2013 1343 2130 1376 Manu
2147 1334 2288 1388 pineam
2312 1344 2418 1389 quate

1364 1394 1520 1432 taedam.
1547 1394 1702 1445 quaffiire
1720 1395 1838 1438 facem
1861 1391 1973 1429 etiam
1995 1389 2165 1427 obvium.
2214 1389 2272 1427 Sic
2294 1388 2418 1437 specu-

1362 1444 1440 1482 lum
1455 1455 1650 1496 praegerere
1680 1444 1829 1494 Apulej.
1860 1443 1956 1480 Met.
1978 1453 2031 1479 1V.
2063 1440 2256 1490 praelucere
2279 1438 2418 1488 facibus

1362 1495 1421 1534 lib.
1435 1508 1469 1533 X.
1492 1497 1679 1547 Cupidines
1700 1495 1818 1534 Veneri
1840 1493 1955 1531 veluti
1980 1492 2150 1542 nuptiales
2170 1491 2284 1542 epulas
2305 1490 2418 1537 obituq

1361 1561 1421 1585 rae
1443 1548 1604 1586 dominae
1628 1546 1874 1599 praelucebant
1888 1548 1996 1592 faces.
2023 1543 2136 1592 Epist.
2153 1554 2209 1581 VI.
2231 1554 2294 1592 45.

1410 1625 1567 1663 Atmihi
1586 1638 1644 1663 nec
1656 1624 1781 1671 June,
1795 1636 1852 1660 nec
1864 1628 2001 1671 Hymen
2015 1647 2026 1665 ‚
2047 1618 2111 1669 fi’il
2128 1618 2233 1667 tristis
2245 1618 2417 1669 Erinnys}

1465 1677 1642 1714 Praetulit
1664 1674 1835 1724 infaustas
1849 1670 2121 1724 sanguinolenta
2132 1672 2242 1719 faces.

1357 1747 1565 1787 Hrmsrus.
1602 1748 1791 1786 Pontanus
1812 1743 2048 1796 praecipitant
2081 1740 2262 1792 quosdam
2291 1741 2416 1792 legere

1357 1807 1464 1837 notat
1487 1828 1498 1845 ‚
1532 1800 1607 1837 hoc
1640 1799 1741 1836 sensu
1764 1826 1775 1843 ,
1812 1794 2043 1844 compellunt
2074 1804 2160 1830 eum
2195 1793 2241 1831 ad
2268 1794 2416 1844 nuptias

1359 1851 1618 1900 properandas.
1643 1861 1722 1887 non
1746 1848 1871 1886 finunt
1890 1845 2035 1884 differre
2056 1844 2214 1892 nuptias.

1410 1902 1495 1952 758.
1523 1902 1645 1951 Largis
1667 1900 1855 1949 satiantur
1885 1896 2041 1934 odoribus
2070 1894 2209 1944 ignes.]
2263 1893 2323 1932 Sic
2348 1894 2413 1935 litu

1357 1965 1492 1991 omnes
1510 1953 1627 2003 scripti
1641 1954 1703 1998 ,&
1723 1950 1835 1989 recte.
1861 1947 1937 1986 Alii
1956 1947 2081 1990 aliter,
2103 1944 2212 1983 male.
2240 1946 2412 1985 Cmrau.

1357 2004 1552 2043 Mediceus
1573 2015 1667 2042 unus
1688 2004 1727 2040 &
1749 2002 1825 2040 duo
1846 1999 1926 2044 alii,
1932 1998 2122 2047 [faciantur.
2141 1995 2202 2034 sed
2221 1996 2408 2044 nihilum-⁴

1356 2063 1421 2096 to:
1451 2056 1583 2095 eadem
1605 2052 1788 2093 diversitas
1809 2049 1907 2102 apud
1923 2050 2068 2087 Lucan.
2083 2059 2112 2086 1.
2128 2058 2213 2097 314.

1410 2131 1541 2168 Scilicet
1561 2128 1708 2168 extremi
1728 2124 1926 2177 Pompejum
1940 2152 1951 2169 ‚
1976 2121 2127 2172 emtique
2144 2120 2296 2160 Clientes

1409 2183 1585 2220 Continuo
1601 2190 1663 2231 per
1684 2189 1735 2216 tot
1746 2176 1936 2229 satiabant
1956 2181 2109 2223 tempora
2131 2186 2241 2222 regno.

1357 2257 1414 2294 Ut
1445 2255 1545 2294 recte
1567 2253 1729 2292 Grotius.
1769 2251 1843 2297 alii,
1859 2247 2053 2300 fhciabunt.
2075 2258 2284 2297 perperam.
2307 2246 2411 2289 Eun?-

1360 2319 1580 2416 ΜΑΊῘέζῗεὲΐ
1619 2355 1744 2407 ubique
1786 2353 1969 2404 lyraeque,
2006 2349 2171 2401 Tibiaque
2207 2361 2252 2390 ω’
2283 2361 2407 2389 canu„

1357 2410 1471 2448 animi
1483 2408 1603 2457 salicia
1622 2407 1706 2444 laeti
1719 2411 1942 2455 Argumenta
1957 2430 1967 2447 ,
1978 2401 2147 2451 sarzana]
2162 2401 2346 2447 Emenda,
2358 2414 2405 2442 ex

1358 2461 1431 2499 fide
1458 2462 1496 2498 ὃς
1516 2458 1733 2497 auctoritate
1755 2456 1831 2494 mei
1850 2454 1932 2493 libri
1951 2452 2164 2502 antiquioris
2179 2480 2189 2496 ,
2217 2452 2405 2490 citharae-

1360 2527 1423 2563 que
1436 2512 1612 2562 lyraeque:
1635 2508 1800 2560 Tibiaque
1814 2535 1824 2553 ,
1849 2518 1922 2546 effic.
1959 2504 2085 2552 Atque
2105 2502 2191 2539 huic
2209 2514 2404 2552 germanus

1357 2564 1461 2603 locus
1473 2562 1616 2600 videtur
1627 2560 1685 2598 ille
1697 2560 1734 2597 in
1747 2566 1838 2597 orat.
1850 2569 1918 2606 pro
1929 2554 2038 2593 Rosc.
2059 2554 2187 2591 Amer.
2213 2554 2342 2591 Animi
2362 2565 2406 2595 ω’

1359 2615 1502 2653 aurium
1525 2612 1627 2661 causa
1639 2621 1691 2648 tot
1711 2610 1863 2647 homines
1876 2607 1980 2644 habet
1993 2633 2003 2649 ,
2031 2615 2072 2641 ut
2083 2604 2283 2654 quotidiano
2295 2615 2403 2643 cantu

1357 2680 1482 2702 vocum
1503 2676 1548 2703 cy
1568 2674 1758 2699 nervorum
1779 2670 1822 2698 <y
1842 2658 2011 2695 tibiarum
2026 2683 2037 2699 ‚
2064 2656 2304 2705 naliurnifque
2323 2669 2400 2693 con-

1355 2717 1468 2753 viviis
1488 2724 1564 2750 tota
1586 2711 1753 2749 vicinitas
1768 2709 1933 2759 perfhnet.
1955 2707 1993 2744 &
2015 2705 2088 2754 ipse
2110 2706 2193 2743 alibi
2205 2707 2398 2755 conjunxit

1352 2767 1529 2805 citharam
1553 2774 1640 2800 cum
1663 2768 1794 2805 cantu,
1817 2762 1856 2798 δε
1873 2758 1963 2808 lyra.
1992 2757 2106 2806 Cujus
2127 2756 2219 2794 haec
2241 2757 2342 2796 sunt:

1401 2849 1588 2883 Enervant
1607 2837 1742 2875 animos
1763 2835 1919 2873 citharae
1940 2833 2126 2884 cantusque
2144 2833 2318 2885 lyraeque.

1349 2921 1567 2959 Cromnos.
1620 2918 1710 2955 Non
1744 2915 1949 2953 dubitarem
1993 2925 2038 2950 ex
2080 2911 2231 2950 Ciofani
2264 2909 2393 2948 codice

1350 2971 1549 3009 emendare
1573 2998 1583 3014 ‚
1623 2968 1852 3017 cytharaeque
1873 2994 1882 3010 ‚
1921 2965 2105 3014 lyraeque,
2135 2963 2298 3012 Tibiaque
2313 2989 2324 3006 ,
2349 2971 2393 3000 cy

1349 3033 1473 3059 cantus
1487 3050 1497 3067 ,
1520 3019 1764 3067 animifelicia
1785 3017 1868 3054 laeti
1880 3021 2102 3065 Argumenta
2116 3015 2272 3062 ‚serzana
2287 3013 2388 3049 DAN.

1349 3074 1496 3111 Hiems.
1525 3073 1651 3109 Locus
1673 3068 1880 3107 mendosus.
1907 3065 2087 3104 Arondcl.
2110 3066 2147 3102 δε
2170 3063 2396 3101 unusPatav.

1349 3137 1393 3164 (J
1416 3124 1540 3173 ibique.
1571 3130 1730 3172 quatuor
1759 3120 1842 3165 alii,
1881 3118 2112 3167 citharaeque.
2148 3112 2389 3153 Lovanienfis

1348 3188 1416 3224 pro
1451 3173 1590 3212 diversit
1632 3171 1818 3214 lectione,
1859 3170 2014 3220 lituique.
2048 3167 2187 3216 primus
2218 3166 2386 3202 Gronov.

1348 3226 1508 3276 teffltsque
1539 3224 1717 3274 tubaeque.
1755 3233 1850 3260 unus
1881 3218 2020 3258 Moreti
2042 3246 2053 3262 ‚
2095 3218 2192 3254 tectis
2215 3216 2391 3270 tubaeque.

1345 3276 1575 3316 scribendum
1590 3275 1669 3324 jam
1692 3274 1753 3312 diu
1775 3271 1986 3311 adolescens
2008 3268 2098 3306 olim
2111 3267 2390 3308 vidi&monul,

1339 3329 1468 3381 lotique
1509 3328 1670 3382 lyraeque
1691 3353 1703 3372 ,
1742 3323 1844 3375 quod
1866 3320 2076 3361 doeriffimo
2107 3319 2219 3359 etiam
2242 3318 2393 3403 Gronlpg
