2483 3616
301 170 401 239 4536
789 166 849 222 P.
925 157 1329 223 oV1D11

776 304 920 352 ΕΑΒ.

1399 158 1931 218 NASONIS

989 302 1054 348 X.
1118 298 1222 345 XI.
1259 296 1309 344 &
1343 297 1484 346 XII.
1542 301 1986 349 ARGUMENTA.

339 437 465 485 Coae
478 448 710 485 matronae
733 438 779 484 in
799 437 954 485 boves.
989 434 1242 482 Telchines
1263 432 1311 479 in
1330 430 1558 497 scopulos.
1592 432 1928 482 Alcidamantis
1951 434 2046 482 filia
2066 434 2116 481 in
2137 434 2412 492 columbam..⁴

369 547 397 576 *ᾗ
417 547 489 592 Ab
513 546 578 591 his
603 547 833 608 regionibus
856 545 1077 607 digreſjam
1100 542 1305 601 Eurypyli
1326 541 1470 587 urbem
1492 540 1729 602 contigzffie,
1766 542 1810 586 in
1831 557 1916 602 qua
1950 547 1966 566 ²
1988 543 2098 588 Coae
2119 554 2333 594 matronae
2364 549 2382 577 ¹³
2397 556 2439 601 in

304 621 499 657 cornutas
521 611 642 656 boves
669 611 998 671 transfiguratae
1009 607 1144 670 sunt,
1178 612 1193 631 ⁰
1207 614 1381 666 propter
1414 604 1635 667 effebium‚
1671 605 1782 666 quod
1803 607 1962 676 Veneri
1974 605 2103 665 suam
2117 608 2308 669 formam
2328 626 2439 664 ante-

293 674 536 735 posuerunt.
589 676 760 721 Dehinc
803 671 821 698 ἃ
842 672 1057 720 Telchinas
1079 674 1261 733 Jalyfios
1279 669 1606 733 transgreffam,
1641 684 1739 730 quos
1773 671 1954 740 Jupiter
1978 684 2153 732 propter
2185 678 2322 722 odium
2353 697 2440 729 con.

288 740 407 801 jugis
437 739 537 797 suae
561 741 744 799 Junonis
766 739 945 800 fiibjecit
980 741 1105 784 mari.
1152 752 1326 798 quorum
1360 737 1520 798 regione
1543 736 1693 780 rolina
1718 739 1735 759 ⁶
1759 736 1819 781 ad
1843 739 2001 782 Caeam
2022 737 2165 784 urbem
2191 747 2441 807 pervenisti,

303 806 348 849 in
369 819 452 865 qua
480 806 833 851 Alcadamantem
843 802 998 864 stribit
1020 820 1068 848 ex
1080 803 1185 863 filia
1204 802 1299 848 vidi
1334 818 1353 848 e
1367 809 1637 863 procreatam
1661 801 1892 847 columbam
1915 803 2004 863 eſje.

298 994 364 1022 ras.
401 984 488 1022 licet
515 982 596 1021 loca
630 981 693 1021 hic
731 981 952 1021 diversarum
993 982 1190 1031 regionum
1219 988 1341 1032 pateat

297 1045 375 1071 non
398 1035 462 1073 suo
485 1033 613 1072 ordine
633 1035 768 1072 referri.
797 1045 881 1071 nam
895 1045 987 1071 rnox
1000 1035 1037 1070 in
1053 1034 1247 1072 Boeotiam
1262 1034 1343 1071 No-

297 1084 364 1122 ster
386 1086 605 1135 regreditur,
634 1085 672 1122 &
693 1084 826 1122 deinde
844 1085 926 1122 loca
950 1085 1103 1133 plurima
1117 1113 1127 1128 ,
1155 1086 1193 1122 in
1212 1085 1343 1134 quibus

294 1135 445 1174 haerent
464 1138 675 1184 interpretes
690 1164 699 1180 ‚
726 1136 928 1185 adjacentia
941 1144 1155 1181 enumerat,
1185 1148 1262 1173 non
1282 1135 1346 1173 ad-

297 1186 456 1224 modum
479 1188 573 1224 inter
593 1186 626 1223 se
648 1187 781 1224 vicina.
808 1187 1070 1224 [URMANNUS.

355 1236 377 1258 ³⁸²
405 1238 511 1275 Haec
541 1246 756 1285 argumenta
787 1238 836 1275 ita
868 1238 1103 1286 interpolavit
1131 1238 1347 1276 Raenerius.

294 1284 359 1324 ‘Ab
389 1287 442 1324 his
469 1287 657 1335 regionibus
683 1287 821 1338 digreffa
842 1289 1007 1337 Eurypyli
1039 1287 1157 1325 urbem
1179 1289 1343 1337 contigit,

296 1337 335 1374 in
356 1352 424 1387 qua
441 1338 465 1375 a
489 1339 633 1384 Junone
664 1345 757 1376 Coae
786 1349 966 1376 matronae
995 1339 1033 1375 in
1063 1350 1222 1376 cornutas
1244 1339 1343 1377 boves

292 1388 561 1437 transfiguratae
573 1392 662 1437 sunt
675 1418 684 1433 ‚
713 1389 766 1426 cui
789 1390 1100 1434 conviciabantur,
1117 1404 1212 1439 aegre
1223 1391 1340 1438 feren—

293 1448 343 1474 tes
364 1439 459 1477 illius
479 1439 627 1489 impulsu
646 1451 811 1478 armenta
830 1441 1000 1488 Geryonia
1021 1470 1031 1485 ,
1070 1450 1170 1489 rapta
1190 1455 1231 1478 ac
1254 1448 1340 1478 Her-

294 1488 367 1525 cule
388 1518 398 1534 ‚
430 1500 490 1540 per
514 1492 595 1539 suos
611 1504 708 1538 agros
729 1494 812 1528 ablu
835 1491 948 1540 fuisse.
1005 1491 1141 1528 Dehinc
1160 1491 1340 1530 Telchinas

292 1538 446 1589 Jalystos
455 1543 656 1590 transgressa
667 1542 729 1588 est:
759 1555 840 1593 quos
854 1570 863 1586 ,
878 1543 968 1591 quod
976 1542 1206 1591 fascinatores
1226 1543 1339 1591 effent,

292 1600 336 1628 Θ·
357 1591 523 1639 malefici,
546 1594 608 1640 suo
626 1592 758 1643 aspeffu
775 1593 892 1629 omnia
912 1593 950 1629 in
967 1594 1060 1642 pejus
1073 1604 1339 1639 commutantes,

293 1640 436 1688 Jupiter
453 1642 491 1679 in
504 1642 655 1691 scopulos
681 1645 792 1692 verfhs
802 1643 947 1692 subjecit
974 1644 1080 1682 mari.
1136 1653 1268 1681 Horum
1288 1659 1342 1681 re-

294 1691 391 1737 gione
411 1692 529 1729 relifft'a
545 1694 703 1741 pervenit
726 1694 764 1731 in
782 1699 913 1731 Caeam
948 1694 1066 1732 urbem
1080 1723 1089 1738 ,
1118 1695 1155 1732 in
1180 1709 1250 1745 qua
1271 1695 1341 1732 Al-

300 1741 456 1778 cidamas
475 1744 569 1780 vidit
590 1758 631 1781 ex
643 1745 724 1792 filia
742 1754 956 1795 procreatam
976 1746 1182 1783 columbam.

347 1799 363 1818 ²²
391 1793 514 1844 Coae]
544 1801 633 1832 Coae
654 1796 772 1833 Parm.
794 1797 831 1833 &
853 1797 891 1833 in
908 1805 1012 1834 textu
1033 1805 1071 1834 ut
1092 1799 1129 1834 &
1148 1797 1270 1846 Lugd.

347 1841 365 1868 b
393 1849 435 1879 In
463 1856 623 1882 cornutas
652 1845 789 1895 boves.]
830 1846 885 1884 Ita
908 1847 946 1883 &
969 1847 1113 1885 Veneta
1135 1849 1172 1886 &
1194 1849 1340 1898 Micyll.

298 1893 380 1931 MS.
404 1905 480 1931 non
499 1896 661 1944 agnoscis
685 1898 726 1933 ‘to
747 1896 857 1934 boves.
909 1898 991 1935 Nec
1012 1899 1095 1936 sane
1109 1899 1210 1936 boum
1232 1900 1341 1937 diser-

292 1943 361 1980 tim
385 1946 556 1984 meminit
576 1950 700 1995 poeta.
730 1948 860 1985 Rursus
874 1947 1071 1986 dicendum
1085 1978 1095 1993 ‚
1123 1951 1233 1988 etiam
1254 1951 1341 1989 huic

291 1993 435 2032 fabulae
455 1995 581 2034 affutas
603 1996 674 2035 effe
692 1998 837 2036 lacinias
857 2011 903 2036 ex
923 2000 1126 2049 Regianisa
1142 2003 1340 2046 Raenerio,

292 2044 415 2082 immo
439 2047 521 2084 talia
536 2075 546 2092 ‚
574 2059 668 2097 quae
703 2059 865 2097 pugnent
894 2050 999 2098 plane
1021 2063 1105 2088 cum
1129 2052 1340 2090 [actantia-

289 2095 357 2132 nis.
386 2095 560 2135 Illustrare
581 2107 707 2136 tamen
723 2100 784 2136 ista
805 2101 955 2138 instituit
973 2101 1093 2139 Barth.
1110 2103 1262 2140 Advers.
1275 2104 1338 2142 lib.

287 2156 380 2183 vm.
413 2158 490 2195 cap.
523 2160 576 2195 17.
612 2158 652 2187 ut
685 2149 710 2187 fi
740 2163 759 2188 a
790 2151 986 2190 Lactantio
1014 2150 1127 2191 effent
1163 2154 1340 2202 profeeta.

287 2195 562 2236 Muscxmus.
592 2205 633 2237 In
656 2214 782 2238 vaccas
801 2212 846 2239 tr.
860 2202 894 2250 s.
921 2203 1058 2241 Colon.

339 2256 355 2274 0
384 2255 522 2298 Propter
541 2250 740 2300 efficium]
798 2252 855 2291 Sic
886 2255 924 2291 ὅς
956 2254 1037 2291 MS.
1073 2266 1158 2292 cum
1181 2257 1339 2294 Veneta.

287 2298 462 2348 Micyllus
480 2310 613 2350 propter
629 2304 802 2351 affeffifum.
830 2305 926 2341 forte
942 2333 950 2348 ‚
956 2313 1128 2353 propterea
1140 2306 1177 2342 id
1185 2309 1338 2353 facium.

291 2350 561 2390 Menexenus.
591 2353 695 2401 Qod
716 2354 855 2391 Herculi
877 2356 1041 2404 Geryonis
1059 2368 1222 2394 armenta
1241 2359 1339 2394 invi-

293 2399 422 2446 diffiint.
456 2403 592 2441 Colon.
622 2405 659 2442 in
696 2417 768 2453 qua
790 2405 929 2455 reliqua
959 2417 1174 2455 argumenta
1195 2409 1240 2447 ad
1267 2409 1337 2447 fab.

294 2462 382 2489 xxv,
406 2451 542 2490 desunt.

343 2498 360 2525 d
389 2501 574 2541 Telchinas.
598 2504 613 2554 ]
666 2508 743 2555 Qui
774 2506 1007 2547 fascinatores
1036 2509 1190 2558 insignes
1226 2521 1338 2551 erant.

293 2549 405 2586 Unde
435 2551 576 2592 Basilius
604 2557 639 2592 in
672 2559 828 2595 Exercit.
863 2559 1069 2598 Grammat.
1106 2563 1251 2608 Τέλχιν
1272 2592 1283 2608 ,
1322 2566 1337 2602 ὁ

296 2602 481 2645 Βὲὶσκλνῡς.
511 2605 555 2642 Et
580 2606 739 2655 Hesych.
760 2610 940 2654 Τελχῖνες
961 2614 1152 2657 Baianum,
1181 2614 1336 2660 γόητες,

296 2650 445 2695 Chaspo}
467 2681 476 2696 ‚
512 2649 531 2694 33
561 2661 655 2700 napa
687 2662 748 2697 τῆν
775 2660 875 2707 ‘niglu
895 2690 904 2705 ‚
941 2656 963 2701 ἢ
993 2675 1089 2707 παρκ
1124 2666 1164 2701 τὸ
1186 2665 1335 2710 θέλγειν.

294 2701 563 2742 ΜυΝεκειως.
615 2707 808 2754 Μαίεβεος,
836 2712 939 2760 quod
965 2713 1073 2751 habet
1109 2716 1336 2761 Raenerius,

293 2750 416 2840 Barth}
451 2766 558 2793 vrxr.
586 2756 632 2794 ad
665 2768 718 2802 17.
747 2759 784 2796 &
818 2773 853 2798 x.
881 2762 914 2798 8.
942 2764 1186 2804 incantatores
1225 2768 1335 2805 inter·

298 2814 361 2850 pre
381 2814 400 2839 a
421 2815 471 2840 ur.

346 2860 363 2879 e
385 2853 446 2889 Ad
467 2856 637 2907 Caeam]
667 2862 785 2895 Caean
802 2860 919 2898 urbem
938 2863 1054 2901 Parm.
1078 2873 1207 2904 Caeam
1220 2869 1340 2918 Lugd.

295 2902 432 2941 omisso
452 2905 511 2943 ad.

348 2956 431 3004 363.
460 2957 690 3007 Eurypylique
722 2959 886 3009 urbem]
929 2962 1135 3013 Eurypylus
1164 2968 1335 3007 Herculis

294 3006 364 3044 fuit
382 3005 474 3044 filius
490 3035 499 3052 ,
519 3010 583 3057 qui
602 3009 637 3045 in
659 3009 717 3046 Co
730 3010 840 3047 insula
852 3014 1016 3059 regnavit
1030 3041 1039 3057 ,
1065 3026 1178 3064 augur
1198 3020 1335 3064 peritis-

293 3056 424 3102 simus,
452 3057 497 3096 de
526 3070 603 3107 quo
625 3059 729 3108 Virg.
755 3073 809 3097 11.
837 3073 914 3106 114.
943 3063 1093 3112 suspenfi
1121 3068 1332 3114 Eurypylum

282 3108 458 3156 scitatum
490 3108 630 3146 oracula
665 3110 787 3146 Phoebi
811 3111 1005 3149 Mittimus.
1059 3115 1133 3151 Cos
1152 3117 1263 3154 insula
1283 3119 1332 3156 est

292 3159 413 3207 Aegei
437 3187 447 3202 ,
485 3171 506 3197 a
537 3172 607 3210 qua
634 3166 723 3197 Cous
745 3161 943 3206 derivatur,
975 3175 1053 3201 non
1079 3170 1210 3211 Cacus,
1238 3169 1333 3206 unde

293 3214 382 3245 Coae
404 3210 496 3248 mihi
514 3209 713 3259 legendum
735 3212 890 3251 videtur.
911 3214 1086 3252 Mulieres
1108 3226 1231 3254 autem
1246 3223 1335 3256 Coae

294 3271 380 3297 cum
402 3272 508 3310 aegre
530 3262 687 3307 ferrent,
715 3262 759 3300 ab
792 3264 953 3302 Hercule
976 3275 1140 3304 armenta
1164 3270 1332 3317 Geryoni

293 3318 412 3357 erepta
431 3323 494 3360 per
515 3324 618 3362 agros
638 3313 719 3354 suos
739 3313 841 3354 fuisse
862 3315 941 3355 aeta
964 3344 975 3363 ,
1002 3315 1142 3364 Junoni
1163 3319 1333 3361 dicuntur

2276 867 2439 946 Eury-

1397 980 1642 1020 conviciatae.
1682 993 1796 1033 quare
1826 980 1925 1030 Juno
1957 982 2144 1032 indignata
2177 995 2236 1022 eas
2270 989 2443 1029 omnesin

1397 1044 1527 1070 vaccas
1549 1029 1829 1083 transfiguravit.
1885 1033 1979 1072 Sane
2006 1035 2187 1085 Eurypyli
2213 1043 2284 1073 tres
2306 1037 2440 1079 fuerunt

1405 1082 1425 1121 ὲ
1447 1083 1567 1132 poetis
1580 1082 1786 1129 decantati,
1808 1096 1970 1134 quorum
1994 1086 2132 1134 primus
2164 1086 2326 1134 Telephi
2357 1087 2440 1129 filius

1402 1134 1546 1183 regioni
1557 1133 1816 1174 Theutraniae
1833 1135 1951 1174 Caico
1965 1137 2109 1175 vicinae
2127 1137 2334 1186 imperavit.
2363 1139 2440 1180 alter

1404 1184 1714 1235 Ormeniinepos.
1742 1199 1830 1225 nam
1849 1186 2053 1225 Ormenius
2076 1187 2169 1226 duos
2181 1189 2383 1236 procreavit
2397 1189 2436 1229 fi-

1400 1236 1491 1281 lios,
1522 1237 1775 1284 Amyntorem
1821 1238 2149 1277 &Euaemonem
2179 1239 2199 1277 ὲ
2218 1250 2376 1288 quorum
2395 1240 2438 1285 al,-

1401 1295 1482 1325 tero
1502 1286 1731 1327 Phoenicem
1747 1317 1757 1334 ,
1786 1301 1832 1327 ex
1859 1289 1974 1326 altero
1997 1289 2231 1340 Eurypylum
2263 1298 2361 1329 ortos
2379 1289 2440 1331 effe
2474 1309 2479 1330 s,

1401 1337 1528 1375 Strabo
1548 1338 1672 1377 refert.
1700 1341 1825 1379 tertius
1846 1340 2016 1378 Herculis
2036 1340 2140 1379 filius.
2170 1341 2438 1391 Eurypylivero

1401 1389 1487 1426 Con
1508 1386 1578 1425 effe
1604 1391 1883 1439 accipiendam,
1910 1391 2091 1430 admonet
2120 1393 2232 1430 etiam
2263 1393 2379 1430 Hom.
2401 1393 2437 1433 in
2472 1422 2477 1436 .

1399 1439 1580 1488 Catalogo
1609 1468 1619 1484 ‚

1397 1490 1519 1538 celsam
1544 1519 1554 1535 ,
1592 1494 1882 1544 Carpathumque
1907 1521 1916 1537 ‚
1957 1495 2180 1545 Casumque,
2219 1493 2436 1545 Eurypylique

1396 1541 1518 1578 urbem
1570 1547 1645 1579 Con
1669 1572 1680 1589 ,
1740 1547 1988 1594 aequoreasque
2033 1545 2226 1594 Calydnas.
2280 1546 2476 1591 RE61v8.=.

1398 1593 1532 1630 Versus
1554 1593 1716 1632 Homeri
1736 1596 1816 1633 sunt
1830 1623 1841 1640 ,
1871 1595 1972 1633 Iliad.
1991 1596 2033 1634 Β.
2054 1597 2138 1643 676.

1666 1453 1753 1480 cum
1791 1442 1941 1492 inquit:
1979 1442 2120 1493 Qique
2149 1443 2301 1492 Nisyron
2325 1441 2439 1483 habent
2470 1455 2476 1482 a

1451 1655 1498 1691 Οἱ
1518 1654 1548 1690 δ’
1567 1656 1637 1699 upa
1656 1657 1804 1703 Νίσυρον
1827 1653 1863 1694 τ’
1882 1653 1994 1705 εἶχον,
2009 1659 2258 1704 Κράπαθόντε,
2272 1660 2439 1707 Κάσοντε,
2462 1667 2475 1698 J

1449 1707 1522 1741 Kx}
1545 1709 1620 1742 Κῶν
1643 1708 1852 1752 Εὐρυπύλοιο
1875 1710 2005 1754 πὸλιν,
2033 1711 2176 1752 νήσουςε
2199 1711 2410 1758 Καλύδνας,

1449 1758 1526 1793 Τῶν
1546 1753 1630 1792 δἀᾧ
1642 1760 1838 1803 Φείδιππός
1861 1772 1903 1795 τε
1916 1789 1926 1805 ,
1951 1762 2015 1797 ux}
2033 1755 2216 1807 Α”ντιφρος
2238 1762 2468 1807 &alno-ciceiam

1398 1821 1535 1859 Rursus
1557 1832 1682 1861 autem
1704 1825 1806 1863 falsus
1835 1825 1884 1863 est
1910 1825 1986 1864 hoc
2007 1826 2095 1865 loco
2115 1827 2272 1876 Regius,
2299 1828 2364 1877 qui
2382 1839 2439 1876 ea,
2458 1839 2467 1877 't

1397 1882 1492 1920 quae
1511 1873 1690 1922 Eurypyli
1709 1876 1786 1925 ejus
1796 1876 1876 1914 sunt
1890 1904 1900 1921 ,
1929 1878 1993 1926 qui
2015 1890 2101 1916 cum
2125 1878 2273 1916 Graecis
2295 1877 2439 1918 adTro-
2457 1894 2463 1917 l

1391 1922 1471 1971 jam
1493 1924 1679 1971 profeeius
1693 1927 1763 1964 fuit
1777 1955 1787 1970 ,
1815 1927 1866 1964 illi
1888 1928 2074 1972 attribuit,
2102 1929 2165 1977 qui
2186 1930 2223 1966 in
2249 1928 2359 1967 insula
2389 1929 2437 1970 Co
2459 1926 2468 1963 -'

1397 1975 1576 2022 regnavit.
1603 1987 1691 2013 nam
1721 1989 1784 2014 cur
1810 1977 1899 2014 alios
1936 1976 2046 2015 duces
2072 1978 2184 2016 secuti
2208 1975 2321 2017 essent
2352 1981 2435 2026 Coi,
2458 1988 2463 2009 ί

1398 2036 1482 2073 rege
1502 2025 1660 2074 ipsorum
1680 2026 1862 2077 superstite
1876 2055 1887 2072 ,
1916 2029 1954 2065 ὃς
1973 2028 2109 2066 eodem
2124 2057 2135 2074 ,
2163 2041 2241 2079 quo
2273 2031 2382 2068 ceteri
2394 2030 2436 2071 'ad
2446 2039 2463 2066 ν’·

1396 2074 1556 2125 Trojam
1575 2076 1709 2116 scilicet
1730 2077 1942 2127 profectus?
1974 2080 2012 2116 ὃς
2031 2079 2060 2116 is
2075 2107 2084 2123 ,
2113 2080 2159 2118 de
2181 2092 2259 2130 quo
2269 2081 2459 2131 Virgiliusn

1396 2128 1594 2171 meminit,
1621 2140 1734 2178 quem
1769 2129 1881 2167 Sinon
1918 2129 1963 2167 ad
1984 2130 2176 2168 oraculum
2194 2131 2457 2185 sciscitandumi

1397 2176 1544 2216 miffum
1574 2178 1678 2228 fingit
1702 2209 1712 2225 ,
1753 2181 1981 2218 Euaemonis
2010 2179 2104 2219 filius
2123 2182 2194 2220 fuit
2216 2210 2227 2227 ‚
2255 2181 2457 2225 Theffalusii

1396 2229 1569 2273 natione,
1608 2242 1684 2267 non
1717 2232 1829 2269 Cous.
1857 2231 1917 2268 ille
1946 2239 2071 2269 autem
2094 2261 2105 2278 ,
2132 2234 2197 2282 qui
2227 2232 2328 2272 Cous
2357 2235 2456 2281 fuit..

1396 2279 1440 2315 ab
1459 2280 1535 2318 aliis
1560 2282 1727 2319 Herculis
1745 2281 1837 2320 filius
1855 2295 1899 2319 ex
1923 2282 2148 2332 Chalciope,
2161 2285 2205 2322 ab
2217 2285 2290 2322 aliis
2307 2279 2456 2335 Neptu-«¹
2478 2300 2483 2334 ς

1396 2331 1434 2367 ni
1455 2330 1607 2373 dicitur,
1637 2344 1759 2382 neque
1787 2334 1831 2371 ad
1864 2333 2023 2382 Trojam
2050 2334 2123 2383 ipse
2150 2335 2355 2384 profectus,
2380 2335 2451 2376 sedss

1396 2389 1480 2418 ante
1514 2394 1555 2420 ea
1575 2391 1744 2429 tempora
1765 2392 1932 2422 mortuus
1962 2382 2031 2422 effe
2055 2394 2294 2425 memoratur.
2333 2387 2451 2433 Cete-3

1395 2444 1477 2469 rum
1492 2461 1501 2476 ‚
1524 2433 1616 2471 ultra
1633 2435 1701 2472 hos
1722 2436 1814 2473 duos
1842 2435 1954 2473 etiarn
1975 2437 2099 2474 tertius
2126 2438 2195 2475 fuit
2214 2439 2448 2490 Eurypylus..

1396 2483 1556 2531 Telephi
1588 2484 1680 2523 filius
1702 2514 1712 2530 ,
1760 2486 1834 2524 dux
1867 2487 2063 2537 Mysorum
2085 2515 2095 2532 ,
2133 2500 2246 2538 quem
2269 2488 2447 2538 Trojanisr,

1393 2534 1531 2572 auxilio
1555 2537 1770 2574 venientem
1796 2538 2072 2586 Neoptolemus
2100 2539 2259 2584 occidit,
2286 2538 2447 2583 arcela-‚-

1394 2583 1457 2621 ber
1476 2585 1593 2624 scribit
1622 2587 1682 2624 lib.
1701 2600 1790 2626 vm.
1817 2589 1854 2625 ὃς
1888 2590 2077 2627 Homerus
2104 2591 2278 2628 meminit
2301 2590 2358 2640 lib.
2379 2588 2445 2637 11.{

1396 2635 1523 2685 Odyff.
1554 2638 1777 2685 Apollonius
1797 2647 1921 2677 autem
1941 2641 1978 2677 &
1999 2648 2170 2690 quartum
2183 2638 2443 2691 quendamad-l

1392 2685 1469 2728 dit,
1500 2688 1665 2736 Neptuni
1684 2688 1825 2734 filium,
1853 2690 1891 2728 &
1922 2690 2105 2730 Celaenus
2134 2693 2232 2742 ejus,
2261 2704 2352 2742 quae
2365 2682 2442 2732 fuiti

1397 2737 1552 2776 Atlantis
1571 2767 1579 2782 ‚
1619 2738 1679 2775 sed
1704 2740 1765 2776 hic
1786 2741 1876 2778 nihil
1907 2741 1951 2780 ad
1980 2754 2058 2780 rem
2086 2743 2321 2791 praesentem.
2344 2739 2441 2780 illudi

1395 2787 1486 2824 vero
1518 2801 1596 2826 non
1628 2791 1936 2837 praetereundum
1965 2793 2040 2831 hoc
2073 2793 2187 2839 loco,
2216 2793 2318 2844 quod
2340 2781 2439 2848 quael

1400 2839 1536 2887 Regius
1558 2840 1619 2878 hic
1647 2840 1693 2878 de
1721 2841 1810 2879 Cois
1842 2843 2053 2882 mulieribus
2081 2844 2209 2889 tradit,
2236 2844 2285 2882 ob
2307 2845 2438 2898 convijl

1399 2891 1498 2926 cium
1516 2890 1656 2937 Junoni
1686 2892 1823 2930 fanum
1840 2921 1850 2937 ,
1879 2895 1916 2931 in
1938 2906 2067 2934 vaccas
2086 2896 2234 2933 mutatis
2247 2924 2256 2940 ‚
2282 2895 2352 2932 hoc
2369 2891 2437 2948 211111v

1397 2940 1520 2979 Proeti
1550 2940 1688 2980 filiabus
1719 2943 1933 2983 adscribunt.
1960 2945 2047 2984 inde
2075 2946 2115 2984 δε
2134 2946 2238 2995 Virg.
2258 2945 2346 2984 dixit
2366 2940 2435 2992 hh.j

1397 2992 1526 3038 v1.48.
2431 3009 2433 3033 l

1442 3057 1615 3094 Proetides
1634 3059 1826 3109 implerunt
1841 3061 1941 3112 salsis
1961 3064 2151 3114 mugitibus
2171 3077 2289 3103 auras.
2430 3059 2432 3104 l

1391 3120 1603 3161 Laetantius
1634 3133 1757 3163 autern
1791 3128 1826 3165 in
1852 3139 2096 3178 argumento,
2121 3140 2200 3166 non
2225 3129 2245 3167 ἐι
2265 3123 2430 3180 Ιυηοιιε,ξ

1387 3170 1447 3208 sed
1471 3171 1490 3209 a
1507 3174 1653 3213 Venere
1675 3177 1837 3217 furorem
1852 3179 2239 3218 huncillisimmiffum
2253 3190 2318 3225 ,eo
2329 3173 2429 3226 quod(

1387 3221 1546 3260 formam
1569 3225 1667 3263 suam
1697 3227 1787 3265 deae
1819 3228 2112 3278 anteposuiffent.
2157 3229 2309 3279 proinde
2330 3225 2427 3277 &ng

1388 3273 1525 3323 reliqua
1560 3275 1701 3315 fabulae
1729 3288 1828 3328 parte
1868 3280 2022 3317 dubitari
2053 3281 2180 3329 potest.
2217 3292 2301 3318 nam
2328 3286 2414 3326 quo(

1389 3323 1568 3366 Hercules
1598 3327 1735 3377 boves,
1773 3341 1867 3379 quos
1895 3341 1939 3369 ex
1972 3330 2147 3381 Hispania
2178 3331 2370 3414 abegeratn,1
2373 3335 2413 3412 fg
