2483 3616
678 159 741 217 P:
812 147 1235 215 OVIDII
1307 148 1854 210 NASONte»

355 268 455 324 315
493 251 620 326 Qu&
643 256 781 322 naris
806 249 972 308 fronti
996 246 1388 311 committitur,
1424 252 1652 323 accipis,
1687 253 1866 308 imae..

388 323 392 326 ⁴
497 326 556 382 In
583 339 731 381 tanto
755 324 976 380 fremitu
1000 317 1201 374 cunctis
1225 317 1331 372 sine
1355 320 1462 373 fine
1486 322 1692 392 jacebat

498 400 714 470 Sopitus
739 397 870 451 vinis
887 434 902 458 ,
942 393 998 447 &
1022 388 1422 463 inexperrectus
1449 393 1715 462 Aphidas:

501 470 916 540 Languentique
940 483 1101 521 manu
1123 462 1386 518 carchesia
1411 464 1577 518 mixta
1603 467 1855 534 tenebat,

500 542 663 596 Fusus
688 541 745 595 in
769 540 988 596 Ofl‘aeae
1020 537 1208 592 villolis
1232 535 1455 607 pellibus
1485 536 1649 591 ursae.

358 633 462 682 320
501 614 683 685 Quem
706 614 894 686 procul
919 626 977 667 ut
1005 610 1140 665 vidit
1165 607 1352 664 frustra
1379 609 1522 664 nulla
1546 627 1688 664 arma
1713 623 2059 676 moventem,

502 685 687 741 Inserit
711 700 929 742 amento
957 685 1183 756 digitos,
1224 680 1643 754 Miscendaque,
1681 681 1846 746 dixit,

506 758 652 813 Cum
676 759 839 831 Styge
866 759 984 813 vina
1010 757 1180 820 bibas,
1217 754 1471 809 Phorbas,
1502 773 1603 810 nec
1630 756 1779 828 plura
1807 765 2048 810 moratus

508 832 568 887 In
590 832 843 902 juvenem
870 830 1019 884 torfit
1039 829 1273 901 jaculum
1296 846 1309 882 :
1348 827 1650 902 ferrataque
1676 829 1817 883 collo

508 904 792 967 Pramum,
829 917 888 958 ut
918 903 1038 957 casu
1060 901 1223 973 jacuit
1247 900 1550 974 resupinus,
1587 899 1767 955 adafia
1793 901 1910 956 est..

368 995 468 1046 325
509 975 666 1031 Mors
690 977 858 1031 caruit
884 975 1033 1031 sensu
1058 994 1071 1029 :
1114 975 1383 1048 plenoque
1410 974 1440 1028 e
1469 988 1686 1046 gutture
1711 974 1872 1029 fluxit

505 1049 673 1122 Inque
699 1063 849 1104 toros
866 1089 881 1113 ,
915 1049 1078 1121 inque
1102 1047 1209 1121 ipsa
1234 1049 1387 1119 niger
1410 1047 1671 1103 carchesia
1698 1047 1947 1119 sanguis..

504 1121 640 1178 Vidi
664 1139 768 1193 ego
798 1123 1084 1176 Petraeum
1102 1160 1117 1184 ,
1155 1133 1444 1175 conantem
1472 1122 1701 1176 evellere
1730 1122 1874 1175 territ

509 1193 878 1251 Glandiferam
903 1212 1165 1270 quercum
1191 1211 1203 1248 :
1244 1211 1406 1267 quam
1430 1193 1562 1249 dum
1587 1193 1958 1267 complexibus
1981 1191 2183 1258 ambit,

218 1411 299 1451 :iius
352 1408 484 1447 vulnus
540 1418 607 1446 ore
660 1415 858 1455 exceptum
914 1405 1145 1451 ostenta-ret,
1170 1442 1173 1443 γ
1210 1411 1264 1443 Ne

217 1473 379 1511 unquam
421 1458 560 1507 fugiens
583 1486 594 1501 ,

217 1514 430 1550 GLAREAN.
466 1509 610 1547 Volunt
637 1510 712 1547 hoc
736 1509 824 1546 loco
855 1509 1068 1556 interpretes
1093 1514 1268 1545 Caeneum

219 1562 397 1600 Centauri
415 1572 556 1599 nomen
569 1559 659 1605 effe,
688 1559 1037 1608 penultimalonga,
1066 1570 1188 1607 eoque
1201 1559 1272 1597 dif-

218 1615 315 1651 ferre
355 1613 399 1650 ab
427 1613 542 1650 altero
563 1639 573 1655 ,
620 1611 802 1659 Lapithae
832 1610 1001 1648 nomine.
1053 1609 1202 1647 Deinde
1232 1610 1272 1646 &

219 1665 379 1703 Poetam
398 1663 443 1700 ad
464 1663 650 1700 historiam
674 1661 833 1699 alludere
844 1660 1047 1708 Pomponii
1061 1660 1245 1709 cujusdam
1260 1688 1273 1706 ,

221 1717 288 1763 qui
318 1713 403 1751 cum
429 1713 559 1751 vulnus
580 1724 645 1751 ore
663 1721 856 1761 acceptum
877 1711 1020 1749 Caesari
1042 1710 1272 1755 ostentafl'et,

224 1764 295 1802 risu
324 1772 497 1811 exceptus
525 1763 569 1800 ab
599 1762 735 1800 eodem
767 1763 903 1808 fuerit,
939 1762 1108 1807 dicente,
1137 1768 1190 1798 Ne
1208 1774 1275 1798 un-

225 1828 335 1865 quam
368 1814 476 1863 igitur
499 1813 640 1861 fugiens
669 1813 859 1862 respexeris.
908 1813 970 1850 De
992 1813 1145 1850 Caeneo
1166 1813 1277 1861 igitur

224 1866 379 1903 dubium
411 1864 582 1902 nonnihil
612 1863 728 1901 videri
754 1872 888 1912 queat,
927 1872 1050 1901 utrum
1072 1863 1109 1901 id
1133 1875 1277 1901 nomen

224 1917 411 1964 integrum
435 1916 472 1952 8:
503 1914 695 1962 syncerum
729 1913 792 1955 fit,
821 1913 1125 1964 quandoquidem
1151 1915 1189 1951 ἃ
1207 1914 1276 1952 alia

224 1979 304 2005 non
328 1977 442 2015 pauca
465 1963 607 2002 diverse
628 1976 669 2002 ac
692 1964 790 2002 varie
810 1964 993 2014 leguntur.
1032 1965 1090 2003 Dc
1109 1965 1276 2013 Pompo-

224 2018 279 2055 nii
309 2025 433 2054 autem
457 2015 602 2053 historia
627 2017 799 2053 meminit
818 2016 1080 2064 Quintilianus.
1116 2017 1277 2053 Mrem.-

226 2080 313 2104 rus.
342 2074 468 2104 Cornea
491 2066 524 2103 S.
545 2067 664 2104 Marci
691 2067 730 2103 ὃ(
763 2067 891 2104 Urbin.
917 2079 1010 2105 uuus
1031 2079 1161 2111 meus,
1189 2071 1277 2103 Gor-

225 2132 297 2157 nee.
326 2118 470 2161 Scribe,
499 2122 648 2154 Crenaee
678 2129 764 2154 cum
799 2117 988 2155 Thuaneo
1017 2118 1182 2165 optimae
1207 2128 1279 2154 no-

229 2176 288 2206 tae
302 2198 311 2214 ‚
341 2170 446 2217 prim.
468 2168 633 2212 Morett,
663 2168 793 2206 Oxon.
813 2169 853 2206 ὅ(
874 2168 986 2207 tribus
1006 2168 1096 2206 aliis.
1117 2166 1278 2214 ὲκρήνη,

228 2222 397 2266 xeneam.
426 2220 567 2257 Hzms.

282 2272 365 2320 316.
393 2269 536 2307 Cccnc‘lis
549 2267 623 2318 fine
637 2268 710 2317 fine
717 2269 858 2320 jacebat
870 2269 1002 2319 sopitus
1013 2268 1145 2320 venis]
1176 2269 1281 2319 Quid

232 2322 296 2360 fibi
317 2322 420 2366 vult,
440 2321 571 2370 sopitus
591 2321 721 2357 cencris
740 2322 866 2359 venis?
895 2322 984 2359 Non
1006 2321 1282 2369 intelligamin-

232 2372 294 2411 eris
315 2372 403 2410 curis
421 2373 558 2420 primus
580 2370 797 2410 Balileensis.
824 2372 883 2410 sed
900 2384 971 2410 nec
992 2370 1029 2409 id
1042 2383 1185 2409 verum.
1208 2373 1283 2409 Re-

236 2424 328 2472 liqui
348 2423 495 2461 codices
514 2422 632 2470 scripti
651 2434 734 2460 cum
757 2423 911 2472 vulgatis
931 2422 1082 2462 faciunt.
1110 2422 1255 2468 Scribe,

414 2473 526 2510 dunis
538 2471 615 2522 fine
625 2472 698 2520 fine
714 2473 849 2523 jacebat

287 2524 417 2573 Sopitus
437 2524 543 2561 vinis.

234 2576 309 2612 hoc
339 2575 386 2611 est
402 2602 412 2618 ,
440 2574 513 2611 sine
541 2573 614 2611 fine
634 2575 776 2613 haustis.
795 2587 873 2613 non
894 2575 998 2614 aliter
1021 2575 1155 2626 optimi
1173 2574 1282 2625 scrip-

234 2634 332 2664 tores
351 2625 563 2673 loquuntur.
592 2625 731 2663 Seneca
752 2626 939 2675 Thyeste,
969 2639 1054 2675 912.

291 2680 397 2710 Satur
417 2675 468 2720 est.
493 2675 604 2723 capaci
624 2676 721 2712 ducit
736 2688 873 2725 argento
892 2691 1039 2716 merum.

238 2731 373 2763 Ducere
383 2724 503 2773 pocula
527 2725 624 2772 apud
644 2726 845 2765 Horatium
865 2728 958 2765 libro
985 2740 1015 2766 1.
1042 2727 1281 2767 Od.xv11.&

237 2777 402 2824 Propert.
418 2774 443 2812 l.
463 2787 505 2812 11.
537 2775 636 2822 eleg.
656 2788 707 2812 nt.
724 2782 857 2813 Ducere
871 2778 1031 2813 Liberum
1051 2779 1173 2816 eidem
1198 2781 1283 2816 Ho-

239 2828 334 2865 ratio
355 2825 415 2863 lib.
434 2836 488 2862 1v.
512 2824 673 2861 Od.X11.
693 2826 730 2861 &
749 2831 880 2862 Ducere
893 2828 1205 2873 neffarissnccosd.
1218 2842 1282 2868 111.

243 2876 319 2915 Od.
342 2888 405 2914 111.
433 2874 482 2913 fic
514 2876 552 2911 &
581 2873 716 2910 educere
745 2876 824 2912 vini
856 2875 1015 2913 hirneam
1036 2878 1165 2915 Plauto
1185 2880 1283 2916 Arn-

241 2928 350 2977 phitr.
375 2928 414 2964 &
433 2924 597 2974 Apulejo
629 2924 721 2962 libro
742 2939 779 2962 x.
808 2927 965 2963 Metam.
1003 2933 1183 2974 Repertmn
1203 2929 1283 2965 vini

234 2978 398 3028 poculum
420 2975 578 3013 continuo
602 2975 766 3024 perduxit
783 2974 918 3023 haustu.
949 2976 1034 3013 hinc
1057 2977 1153 3024 apud
1173 2978 1278 3016 Plau-

242 3039 323 3067 tum
355 3027 605 3069 Curculione,
636 3031 837 3076 Immergere
860 3027 947 3074 inse
970 3026 1113 3075 liquores
1133 3027 1278 3066 tluHim.

244 3080 362 3118 ducere
383 3078 487 3116 ubera
506 3076 566 3115 lib.
586 3088 631 3114 11.
659 3076 747 3114 Fast.
774 3089 857 3126 419.
885 3078 945 3115 ubi
958 3088 1146 3125 perperam
1160 3078 1278 3126 sugere

243 3131 352 3168 multi
373 3138 525 3168 veteres.
545 3126 604 3164 lib.
625 3138 674 3164 ix.
696 3128 791 3165 Met.

423 3192 480 3216 ne:
493 3177 651 3228 sequitur
668 3178 846 3215 ducentem
866 3177 992 3215 laffeus
1010 3178 1146 3217 humor.

242 3229 313 3267 Pro
334 3230 428 3267 vinis
441 3231 550 3269 etiarn
564 3228 662 3265 venis
670 3229 833 3279 plerique
847 3229 991 3267 codices
1005 3230 1144 3281 antiqui
1156 3230 1284 3282 agnos:

244 3289 333 3321 cunt
351 3281 413 3321 illo
433 3281 537 3334 versu
553 3279 652 3332 Artis
673 3281 891 3323 Amatoriae
904 3308 917 3328 ,
948 3293 979 3320 1.
998 3292 1081 3329 244.
1106 3328 1108 3331 .

1372 1409 1417 1442 Et
1441 1410 1551 1442 Venus
1568 1403 1607 1442 in
1625 1404 1743 1450 vinis,
1763 1404 1852 1455 ignis
1871 1404 2003 1454 iet—igne
2014 1405 2109 1453 fuir.

659 1459 779 1508 inquit
838 1457 968 1495 Caesar
987 1485 997 1502 ,
1049 1456 1228 1506 respexeris
1250 1466 1266 1495 ,Ρ
1322 1456 1406 1495 Vino
1411 1456 1539 1505 sepulti
1552 1484 1562 1501 ‚
1592 1457 1744 1513 &soluti
1757 1486 1766 1500 ‚
1780 1456 1904 1505 paffim
1918 1455 2223 1505 occurruntapnd
2237 1459 2394 1505 poetas.»-

1325 1509 1525 1545 Gronovio
1537 1507 1797 1554 nostroyunnis
1812 1508 1908 1545 vinis
1919 1507 2146 1545 scribendum
2160 1506 2350 1546 videbatur
2362 1535 2377 1554 ,
2392 1539 2404 1545 ..

1326 1566 1366 1597 ut
1378 1558 1481 1606 jungi
1499 1557 1588 1594 vina
1611 1557 1801 1604 dicantur,
1828 1570 1924 1608 quae
1944 1559 2159 1596 hauriuntur
2180 1556 2378 1596 fineinter-

1328 1608 1510 1647 miffione.
1538 1610 1737 1657 quomodo
1752 1610 1882 1648 Statius
1897 1621 1928 1647 1.
1943 1608 2028 1647 Silv.
2042 1620 2077 1648 v.
2092 1621 2148 1648 10.
2164 1608 2284 1659 Junge
2293 1619 2402 1660 puer-⁵·

1329 1658 1494 1709 cyathos.
1524 1659 1578 1697 Ita
1596 1660 1655 1698 ille
1678 1672 1724 1697 11.
1748 1660 1836 1698 Obs.
1862 1671 1894 1709 3.
1922 1660 2076 1698 Huius.
2412 1703 2419 1711 ,

1381 1721 1465 1760 317.
1494 1711 1593 1747 Venis
1624 1712 1934 1760 &inexperrectus
1954 1709 2158 1761 Aphidas.]
2204 1710 2382 1760 Conjun·

1331 1761 1406 1798 &io
1428 1789 1438 1805 ‚
1474 1773 1540 1806 ω’,
1576 1762 1651 1799 hoc
1680 1763 1719 1800 in
1747 1763 1836 1800 loco
1868 1762 1992 1800 omitti
2022 1773 2102 1800 non
2131 1761 2252 1799 debet.
2305 1762 2380 1800 Ce-

1330 1821 1452 1850 terum
1510 1811 1675 1861 Aphidas
1727 1812 1905 1851 planudes
1955 1813 2065 1850 vertit
2088 1841 2100 1858 ,
2153 1823 2238 1850 curn
2294 1812 2397 1852 alibi-2

1331 1862 1522 1912 Aphypnas
1547 1862 1710 1910 legatur,
1744 1864 1847 1913 quod
1874 1863 1920 1902 ad
1941 1862 2031 1901 illud
2052 1863 2300 1912 inexperreerus
2323 1875 2382 1902 re-

1331 1914 1510 1962 spondere
1531 1913 1686 1952 videtur.
1705 1914 1765 1952 sed
1784 1926 1907 1963 neque
1928 1914 1974 1951 de
1994 1915 2069 1952 hoc
2087 1923 2229 1952 certum
2245 1914 2317 1960 est,
2338 1914 2401 1953 fit·

1331 1976 1380 2002 ne
1412 1964 1617 2002 Centaurus
1639 1992 1650 2008 ‚
1686 1976 1731 2001 an
1763 1965 1934 2013 Lapitha.
1972 1963 2193 2014 Carchesium
2222 1973 2347 2004 autem
2369 1992 2415 2012 ,.-

1331 2015 1435 2065 quod
1460 2015 1626 2065 sequenti
1651 2014 1754 2053 versu
1785 2017 1957 2064 ponitur,
1996 2015 2164 2063 Rapha'el
2193 2027 2256 2053 vas
2278 2017 2383 2054 vina·
2457 2019 2460 2022 ’

1331 2068 1428 2104 rium
1450 2066 1618 2115 exponit.
1645 2065 1765 2103 Ser.in
1784 2078 1836 2103 iv.
1855 2066 1970 2103 Geor.
1984 2065 2030 2103 ad
2048 2066 2138 2104 illud
2156 2066 2314 2114 Virgilii,
2333 2070 2403 2103 Ec-
2439 2089 2449 2094 ·

1335 2126 1473 2162 mater,
1502 2125 1579 2166 cape
1598 2116 1752 2153 Maeonii
1769 2114 1936 2166 carchesia
1958 2115 2108 2160 Bacchi,
2144 2121 2276 2153 Oceano
2299 2116 2384 2154 libe-

1334 2181 1435 2212 mus,
1462 2167 1539 2204 ait.-
1569 2166 1784 2212 Carchefia,
1812 2168 1956 2216 inquit,
1980 2166 2061 2204 sunt
2073 2178 2206 2215 genera
2225 2168 2385 2216 poculo-

1336 2230 1434 2256 rum.
1471 2227 1507 2256 at
1539 2226 1720 2268 quantum
1752 2230 1797 2257 ex
1822 2218 2007 2256 Macrobii
2027 2217 2270 2266 descriptione
2289 2218 2418 2257 libro*-ae

1335 2269 1469 2318 quinto
1491 2270 1652 2314 constat,
1679 2281 1757 2307 non
1787 2269 1900 2319 longe
1928 2268 2075 2307 videtur
2105 2266 2222 2306 abeffe
2251 2269 2295 2306 ab
2313 2281 2384 2315 eo,

1336 2320 1441 2370 quod
1465 2321 1576 2369 vulgo
1598 2319 1826 2358 Cantharam
1840 2329 1987 2358 vocant.
2016 2320 2224 2357 Gir—mean.
2242 2319 2390 2370 Aphyp=
2410 2341 2418 2347 .

1337 2384 1402 2408 nas
1427 2372 1569 2420 Gryph.
1589 2371 1688 2409 Edit.
1707 2371 1895 2421 Aphindas
1911 2371 2012 2419 Junii
2034 2370 2117 2408 cod.
2130 2370 2265 2408 Abibas
2279 2371 2390 2411 Leid.
2411 2401 2419 2405 -

1340 2423 1379 2459 ὅ(
1409 2422 1454 2459 al.
1472 2421 1634 2471 Aphibas
1656 2423 1768 2461 etiam
1790 2434 1895 2461 unus.
2427 2435 2433 2440 ·

1391 2472 1476 2522 318.
1505 2472 1660 2523 Mixta.]
1690 2472 1810 2520 Masta
1822 2473 1919 2511 Edit.
1934 2472 2102 2522 Gryphii.
2109 2472 2219 2521 juxta
2232 2472 2389 2522 Argent.
2476 2506 2478 2528 ζ

1391 2534 1475 2572 319.
1504 2523 1677 2574 Ostama]
1706 2524 1895 2573 obscaenae
1915 2524 2045 2561 Oxon.
2067 2524 2106 2560 &
2123 2525 2289 2573 quinque
2313 2524 2388 2562 alii.
2403 2551 2422 2557 Ἢ
2476 2539 2478 2554 1

1339 2574 1485 2624 Oscenae
1513 2587 1564 2623 pr.
1584 2575 1693 2613 Palat.
1713 2576 1751 2612 &
1772 2575 1842 2612 sec.
1865 2574 1988 2612 Vatic.
2002 2573 2048 2612 fic
2063 2574 2286 2612 Lucan.v11.
2303 2574 2390 2613 828.
2478 2587 2479 2590 ¹

1390 2631 1480 2663 Tum
1500 2626 1599 2674 ursae
1617 2624 1768 2662 latebras
1788 2624 1967 2675 obscaenae
1980 2653 1992 2671 ,
2020 2627 2110 2662 testa
2132 2624 2312 2674 domosque

1388 2676 1594 2723 Destrnxere
1612 2689 1722 2714 canes.

1338 2727 1394 2765 Ita
1414 2729 1514 2765 enim
1539 2724 1623 2763 Mff.
1646 2727 1733 2764 Stat.
1752 2738 1805 2764 vr.
1827 2726 1865 2764 T
1867 2725 2031 2774 heb.865
2052 2733 2166 2774 turpes
2176 2729 2273 2775 ursas
2286 2726 2389 2767 dixit.

1339 2779 1378 2816 δί
1399 2778 1531 2815 Noster
1547 2777 1608 2815 lib.
1630 2790 1693 2815 111.
1714 2777 1823 2816 Trist.
1838 2790 1871 2814 v.
1896 2789 1956 2824 35.

1390 2832 1447 2865 At
1465 2827 1563 2878 lupus
1581 2839 1624 2867 (7
1637 2837 1749 2877 turpes
1765 2827 1898 2874 instant
1921 2825 2146 2863 morientibus
2167 2827 2275 2875 urfize.
2355 2859 2358 2864 .

1337 2878 1398 2916 sed
1435 2879 1473 2916 ὃς
1514 2878 1660 2927 vulgata
1687 2877 1834 2915 retineri
1864 2877 1991 2924 potest.
2030 2877 2079 2914 sic
2106 2877 2240 2926 Offueas
2261 2878 2386 2925 Lyncee

1339 2928 1431 2966 dixit
1464 2929 1552 2966 Stat.
1580 2942 1614 2965 v.
1641 2927 1765 2965 Achil.
1802 2937 1883 2964 121.
1915 2927 1953 2965 δε
1974 2927 2167 2966 Samnitem
2189 2930 2304 2978 ursam
2325 2929 2386 2966 Sil.

1335 2991 1390 3015 1v.
1420 2979 1502 3026 560.
1532 2978 1680 3015 Ι-ΙειΝς.

1388 3039 1473 3076 320.
1502 3028 1615 3065 Nulla
1644 3041 1748 3065 armar
1776 3028 2012 3079 moventem]
2053 3035 2249 3080 Sequentem
2279 3029 2387 3077 priin.

1333 3078 1459 3115 Vatic.
1484 3079 1521 3115 ὃ(
1551 3080 1622 3117 alii.
1646 3079 1744 3117 unde
1771 3079 1863 3118 olim
1900 3080 2096 3125 Heinsius,
2132 3089 2257 3117 neutra
2284 3092 2387 3118 arma
2414 3093 2424 3110 ἰ
2480 3123 2483 3132 Ι

1330 3130 1529 3179 sequentem
1541 3144 1552 3172 ;
1574 3139 1615 3168 ut
1634 3130 1694 3167 lib.
1717 3143 1752 3168 v.
1777 3142 1836 3178 91.

1393 3191 1476 3228 322.
1504 3185 1596 3216 Cum
1627 3187 1725 3229 Styge
1752 3181 1841 3218 vina
1871 3180 1999 3231 bibes.]
2037 3182 2163 3229 Lege,
2191 3178 2309 3224 bibas;
2339 3181 2387 3219 est

1340 3232 1442 3268 enirn
1475 3232 1724 3279 imprecantis,
1752 3232 1949 3270 confirmat
1975 3231 2152 3270 secundus
2181 3232 2321 3268 Moreti
2349 3233 2388 3269 &
2419 3242 2421 3245 ·
2479 3237 2483 3267 :

1341 3281 1536 3331 Mediceus
1563 3282 1782 3323 chartaceus.
1808 3282 1858 3322 fic
1877 3283 1970 3323 libro
1990 3294 2027 3322 v.
2056 3294 2139 3332 115.
2166 3281 2288 3333 Stygiis
2310 3294 2395 3319 cane>
2415 3295 2429 3309 -·
2477 3289 2483 3333 ‘i

2340 3344 2427 3369 cea·
2478 3346 2483 3356 ·
