2483 3616
209 206 340 242 1022

679 185 740 240 P.
816 172 1228 238 OVIDII
1299 172 1834 234 NASONIS

504 299 575 355 Et
597 299 748 371 jubar
775 298 880 350 hoc
904 289 1138 346 nitidum
1163 287 1346 358 nigrae
1370 286 1660 348 succedere
1684 291 1845 348 nocii.

511 375 628 428 Nec
655 371 804 423 color
828 365 902 421 est
927 364 1073 419 idem
1099 361 1286 423 coelo,
1324 376 1450 414 cum
1476 359 1593 414 laffa
1617 364 1802 434 quiete

507 442 713 500 Cuncia
734 440 914 510 jacent
937 435 1148 497 media3
1190 450 1424 504 cumque
1449 432 1570 486 albo
1598 433 1821 492 Lucifer
1847 440 1960 494 exit

367 539 465 589 190
504 519 689 572 Clarus
714 530 858 585 equo
886 537 898 566 :
941 508 1258 579 rursumque
1283 507 1440 569 alius,
1479 523 1606 560 cum
1630 509 1841 578 praevia
1861 512 1968 567 luci

505 586 860 644 Tradendum
890 582 1116 639 Phoebo
1142 579 1402 635 Palantias
1427 579 1596 633 inficit
1623 579 1829 635 orbern.

506 662 616 734 Ipse
641 661 748 714 Dei
776 661 1019 732 clypeus,
1058 655 1201 708 terra
1226 670 1351 706 cum
1379 652 1585 706 tollitur
1612 652 1748 715 ima,

505 735 673 791 Mane
698 732 891 787 rubet:
931 729 1211 801 terraque,
1250 724 1437 788 rubet,
1474 743 1601 779 cum
1625 725 1880 781 conditur
1903 725 2037 781 ima:

504 806 782 863 Candidus
805 806 858 858 in
887 803 1095 857 summo
1120 798 1208 855 est.
1249 798 1439 853 melior
1465 811 1652 853 natura
1679 800 1834 872 quod
1858 799 1964 854 illic

362 901 458 953 195
497 879 737 937 AEtheris
764 877 868 940 est,
907 890 1187 947 terraeque
1211 872 1402 944 procul
1427 872 1675 944 contagia
1699 873 1849 928 vitat.

504 955 622 1009 Nec
648 969 738 1023 par
763 964 852 1004 aut
877 949 1072 1004 eadem
1098 944 1390 1001 nossurnae
1417 945 1591 1000 forma
1615 945 1820 1001 Dianae

502 1023 624 1081 Effe
648 1023 822 1096 potest
843 1038 1098 1096 umquam
1125 1038 1137 1075 :
1176 1020 1492 1092 semperque
1518 1018 1781 1076 hodierna
1805 1018 2090 1095 sequente,

505 1099 559 1153 Si
586 1096 806 1158 crescit,
849 1096 1025 1151 minor
1055 1092 1158 1157 est;
1200 1092 1400 1163 major,
1440 1091 1478 1146 fi
1502 1094 1771 1149 contrahit
1797 1095 2003 1151 orbem.

503 1171 654 1244 Quid
681 1171 697 1221 ?
736 1187 849 1224 non
873 1170 929 1223 in
951 1168 1151 1241 species
1177 1164 1466 1221 succedere
1495 1180 1752 1239 quattuor
1780 1186 1980 1223 annum

359 1264 473 1301 200
514 1242 789 1316 AdspiciS,
826 1243 1009 1298 aetatis
1031 1253 1383 1314 peragentem
1407 1240 1701 1296 imitamina
1726 1240 1973 1297 nostrae?

206 1468 299 1495 unus
318 1456 467 1496 Bonon.
495 1455 653 1494 venienti
673 1467 767 1494 unus
786 1454 929 1494 Medic.
949 1454 1052 1504 quod
1076 1452 1257 1503 placet.&

2233 1313 2372 1372 Nam

1311 1451 1447 1490 deinde
1460 1479 1470 1494 ‚
1498 1452 1638 1490 condere
1655 1453 1764 1490 naeres
1784 1453 1891 1502 prim.
1908 1451 2082 1490 Gronov.
2099 1451 2160 1492 sed
2175 1451 2248 1504 seq.
2267 1455 2372 1493 versu

208 1520 274 1556 pro
303 1519 465 1559 urgetque
487 1508 656 1559 priorem,
685 1506 843 1557 Neapol.
862 1516 1024 1557 urgetque
1043 1505 1258 1556 sequentem.
1307 1502 1418 1552 jubar
1450 1503 1510 1540 hoc
1529 1503 1687 1542 nitidum
1705 1503 1818 1551 fulva
1839 1504 2018 1553 nigrescere
2039 1502 2130 1542 nube
2151 1506 2262 1554 prim.
2281 1505 2373 1552 Moe

211 1559 357 1598 Heius.

264 1611 343 1657 185.
370 1611 474 1660 §Qcod
496 1610 593 1648 haud
606 1608 768 1659 fueratf]
797 1609 902 1658 Qod
923 1619 1008 1646 ante
1019 1609 1096 1654 fuit
1119 1606 1222 1646 ssafil.

268 1661 349 1700 186.
379 1662 500 1700 Cernis
518 1673 561 1702 (φ
579 1659 729 1709 emensas
744 1688 755 1706 ,
783 1660 882 1710 eye}
913 1661 1017 1699 Idem
1028 1661 1119 1698 liber
1130 1671 1235 1697 meus
1248 1686 1259 1703 ‚

212 1713 333 1749 Cernis
352 1723 403 1750 ut.
432 1714 601 1751 CiofAu.
629 1713 760 1750 Oxon.
782 1711 963 1750 Arondcl.
985 1713 1023 1749 ὃς
1044 1711 1174 1760 viginti
1194 1711 1262 1748 cir·

212 1764 302 1799 citer
328 1764 408 1806 alii,
435 1765 606 1802 emeritas.
633 1763 737 1813 quod
769 1764 892 1812 primo
910 1762 1111 1812 conspeeiu
1130 1761 1262 1800 arride-

211 1811 284 1851 bat.
310 1823 348 1851 ut
367 1815 476 1862 paulo
499 1815 600 1863 post,
627 1815 713 1852 226.

346 1928 349 1929 ⁷
389 1877 539 1914 emeritis
558 1877 663 1915 medii
682 1890 814 1928 quoque
836 1876 994 1927 temporis
1015 1876 1131 1916 annis.

213 1941 308 1981 libro
332 1952 399 1978 ηπ.
420 1941 557 1979 Fastor.
576 1954 636 1991 43.

261 2005 342 2052 Qo
365 2004 481 2040 minus
503 2005 654 2042 emeritis
674 2004 782 2042 exiret
802 2004 952 2055 curfibus
973 2018 1099 2044 annus.

211 2067 350 2106 Seneca
369 2067 662 2115 Agamemnone
676 2093 686 2110 ,
715 2067 802 2114 908.

261 2139 341 2170 Stat
360 2145 428 2169 ecce
450 2131 559 2168 Titan
583 2131 708 2168 dubius
727 2132 868 2168 emerit-o
887 2133 962 2178 die,

209 2188 366 2239 Statius,
393 2194 453 2231 lib.
476 2207 502 2232 1.
523 2195 608 2244 336.

259 2276 362 2287 ——
389 2259 523 2297 emeriti
544 2259 692 2308 confinia
716 2258 853 2297 Phoebi.

209 2322 272 2361 ubi
293 2323 531 2362 Scholiastes:
562 2326 729 2361 Trassum
751 2337 820 2361 are
832 2323 1008 2369 militari,
1036 2321 1188 2374 quafifhl
1199 2319 1267 2358 diei

212 2375 368 2412 militare
399 2376 587 2419 videatur,
617 2375 779 2412 emeritus
804 2375 856 2422 sol
887 2375 1038 2412 occidens
1055 2374 1185 2411 dicitur
1199 2370 1269 2423 post

211 2424 361 2462 laborem
377 2454 386 2470 ,
415 2427 469 2463 cui
490 2426 595 2463 noblis
618 2425 710 2473 astra
721 2427 912 2473 succedunt
926 2454 936 2470 ,
966 2436 1007 2463 ut
1029 2425 1146 2475 virgil.
1168 2429 1268 2461 Eme-

214 2476 368 2525 ritaeque
390 2479 582 2525 exspeefant
600 2477 757 2526 praemia
766 2477 918 2526 palmae.
944 2478 1009 2527 qui
1027 2477 1130 2515 locus
1146 2475 1269 2523 Virgi-

210 2526 248 2562 lii
279 2527 369 2564 nibil
398 2528 442 2564 ad
470 2539 547 2565 rem
582 2528 694 2572 facit,
730 2539 817 2565 nam
852 2528 949 2576 apud
981 2528 1085 2566 illurn
1113 2528 1269 2576 legitur,

214 2577 421 2625 :srcritaeqce
438 2578 576 2626 palmae
598 2577 782 2616 AEneidos
798 2580 944 2628 quintO.
967 2580 1202 2628 Epigramma
1215 2578 1271 2614 in-

216 2625 357 2663 editum
375 2655 383 2670 ,
413 2629 515 2675 quod
551 2629 694 2667 Nasoni
725 2629 850 2668 nostro
872 2630 1082 2668 adscribitur
1103 2631 1142 2667 in
1165 2638 1272 2667 vetu-

215 2676 364 2714 stiffimo
385 2679 513 2717 codice
529 2707 538 2723 ,

266 2741 362 2787 Jam
384 2743 537 2799 nitidum
558 2746 704 2784 tumidis
723 2747 875 2786 Phoebus
888 2749 999 2798 jubar
1010 2748 1137 2786 intulit
1149 2746 1268 2793 undis,

317 2797 513 2830 Emerttnm
537 2810 708 2834 renovans
728 2799 872 2847 Tethyos
892 2814 996 2837 amne
1009 2800 1140 2847 facem.

202 2854 329 2892 ·Nunc
357 2855 482 2892 taffien
504 2858 728 2905 amplector,
757 2859 903 2906 emersas
919 2862 1040 2896 naeres.
1068 2861 1268 2908 quomodo

216 2905 435 2954 Bernegger.
464 2905 552 2943 alter
585 2908 787 2953 Hamburg.
821 2911 957 2946 Graev.
981 2911 1018 2946 ὅ(
1039 2910 1099 2947 alii
1125 2911 1268 2948 duode-

218 2958 305 2994 cim.
344 2956 446 2994 Vide
477 2967 571 3004 quae
604 2959 732 2995 notavi
753 2958 842 2995 Fast.
861 2971 923 2994 111.
945 2971 983 2995 v.
1008 2971 1091 3007 309.
1122 2961 1267 2999 Heius.

219 3007 408 3055 „lixmensas
434 3007 522 3045 0<in
544 3008 620 3045 libri
635 3021 641 3044 :
658 3007 842 3056 immensas
852 3008 991 3045 hiberno
1004 3020 1148 3056 tempore
1158 3014 1268 3048 naeres

216 3057 320 3095 Eafil.
348 3058 472 3096 nescio
498 3070 587 3095 vei-o
610 3072 652 3095 εἰ)
677 3071 750 3096 non
767 3059 917 3107 praestet
940 3060 1100 3096 emeritas
1118 3061 1263 3109 legere:

219 3117 256 3144 ut
278 3110 315 3145 ὃς
337 3121 391 3145 iv.
421 3107 605 3146 Famae&
630 3109 1144 3159 Demferatemeritisjamjuga
1158 3112 1263 3149 Phoe-

218 3159 277 3194 bus
300 3160 404 3208 equis.
431 3160 576 3205 emersae
595 3162 693 3197 etim
716 3161 844 3198 nocies
862 3161 959 3198 rede
981 3162 1198 3210 incipientes
1210 3163 1264 3201 di-

219 3219 371 3253 cuntur,
401 3210 461 3247 sed
492 3211 554 3248 hic
583 3210 628 3247 de
656 3210 730 3247 fine
751 3211 920 3248 noctium
943 3213 1071 3260 agitur.
1098 3212 1165 3250 nifi
1183 3215 1262 3264 quis

220 3260 304 3294 velit
327 3263 375 3296 im
396 3273 542 3310 capere,
572 3271 611 3298 ut
631 3262 717 3300 iilud
737 3262 884 3299 Manilii
907 3274 956 3299 1v.
983 3264 1037 3300 16.

268 3324 451 3371 Hastam:
473 3325 662 3371 meriste-tr,
683 3325 835 3375 finisque
856 3326 899 3364 ab
920 3326 1045 3376 origine
1056 3329 1197 3379 pendet.

1315 1555 1385 1592 reti
1408 1555 1447 1593 &
1473 1555 1671 1604 Langerm.
1700 1556 1833 1593 Bunm.

1374 1605 1455 1644 188.
1485 1612 1557 1643 Nec
1578 1607 1665 1644 color
1681 1607 1724 1652 est’
1742 1607 1835 1643 idem
1848 1605 1967 1657 coeli.]
1998 1607 2098 1644 Coelo
2116 1607 2282 1657 plerique
2293 1618 2376 1654 mee

1319 1656 1442 1695 liores.
1471 1657 1618 1696 Heius.
1645 1658 1727 1696 Lib.
1746 1671 1792 1696 11.
1816 1670 1899 1706 540.
1927 1657 1982 1694 cus·
2003 1658 2089 1696 color
2108 1657 2208 1696 albus
2226 1667 2314 1697 erat.

1374 1708 1456 1757 189.
1485 1711 1622 1746 cancia
1635 1709 1795 1759 jacent.]
1827 1714 1957 1746 Tacent
1976 1721 2070 1747 unus
2091 1722 2207 1748 meus.
2232 1710 2282 1748 ita
2297 1709 2375 1758 pas·

1318 1758 1385 1796 fim
1407 1759 1588 1798 auetores.
1616 1761 1701 1798 hinc
1729 1762 1769 1798 ὃς
1799 1760 1906 1797 noetis
1926 1759 2080 1809 filentia.
2108 1761 2299 1811 vulgatum
2322 1768 2377 1799 tao

1320 1822 1409 1847 men
1441 1823 1519 1849 non
1550 1811 1703 1850 damno.
1730 1823 1797 1861 pio
1826 1811 1899 1849 exit
1928 1811 2028 1850 idem
2060 1812 2182 1850 codex
2204 1840 2216 1858 ‚
2251 1810 2377 1850 anteit.

1317 1862 1466 1900 Hiems.

1375 1926 1455 1960 190.
1484 1914 1638 1951 Praevia
1662 1913 1785 1964 lucis.]
1817 1914 1902 1952 Luci
1924 1912 2376 1963 prim.Moret.Arondel.

1320 1964 1358 2002 δε
1382 1965 1457 2003 duo
1478 1965 1550 2002 alii.
1573 1967 1678 2003 bene.
1707 1966 1826 2003 inm.

1375 2028 1459 2064 193.
1487 2021 1676 2065 Terraeque
1703 2015 1818 2062 procul
1849 2014 2005 2063 contagia
2041 2012 2180 2063 fugin]
2220 2013 2374 2053 Caelest.

1319 2066 1492 2115 Contagia
1519 2066 1629 2103 vitat.
1663 2064 1826 2112 confinia
1858 2065 1934 2102 duo
1966 2065 2056 2102 libri.
2083 2064 2159 2103 vid.
2187 2064 2233 2103 ad
2263 2065 2325 2104 lib.
2345 2078 2375 2105 Ι.

1319 2126 1403 2162 774.
1431 2117 1527 2153 vitat
1547 2117 1660 2154 etiam
1688 2116 1805 2153 Gron.
1831 2115 1932 2153 ssafil.
1956 2116 1994 2152 ὃς
2011 2116 2112 2154 alius.

1373 2167 1455 2214 196.
1485 2174 1554 2203 Nec
1573 2176 1640 2215 par
1666 2177 1728 2202 aut
1746 2166 1865 2202 eadem
1887 2168 2074 2203 noclurnae
2092 2169 2214 2213 forma
2233 2168 2376 2206 Dianae

1321 2216 1392 2264 Esse
1408 2217 1508 2265 potest
1527 2218 1715 2267 usquam]
1747 2217 1788 2253 In
1811 2217 1940 2254 iisdem
1964 2217 2026 2254 lib.
2047 2219 2085 2255 ὅτ
2106 2218 2189 2255 Urs.
2214 2219 2376 2267 Capr.&

1321 2265 1427 2353 Ιὲπη.
1457 2267 1641 2318 Effepotest
1653 2280 1837 2317 umquam.
1867 2267 2044 2318 Quodest
2057 2269 2218 2307 omnino
2230 2270 2375 2311 restius.

1360 2330 1498 2355 IoFAN.

1379 2381 1460 2415 ¹97-
1490 2368 1694 2419 Sequente]
1736 2371 1898 2419 Sequenti
1937 2371 2108 2410 meliores
2138 2383 2277 2421 magno
2307 2373 2377 2419 nii-J

1323 2431 1445 2458 mero.

1376 2470 1457 2519 198.
1485 2470 1520 2507 Si
1539 2471 1675 2519 creftit,
1704 2471 1819 2509 minor
1838 2471 1905 2519 est;
1936 2474 2071 2522 major,
2090 2471 2310 2523 secontrahit
2324 2487 2379 2512 or-

1322 2521 1438 2571 bem]
1482 2521 1517 2558 Si
1549 2522 1725 2559 contrahit
1757 2522 1869 2560 orbem
1912 2525 2078 2573 Rapha'e'l
2118 2526 2304 2573 exponit,
2348 2523 2376 2561 fi

1323 2573 1501 2610 circulum
1522 2573 1634 2611 efficit
1662 2575 1699 2610 &
1720 2574 1877 2612 rotunda
1889 2576 1938 2612 est
1953 2604 1963 2619 ‚
1991 2575 2093 2624 quod
2117 2575 2291 2623 displicet:
2314 2574 2376 2612 sed

1324 2623 1589 2671 exponendum
1612 2624 1660 2661 est
1675 2652 1684 2668 ,
1706 2623 1739 2672 fi
1759 2625 1934 2663 contrahit
1953 2626 2089 2671 orbem,
2117 2627 2154 2664 id
2176 2626 2245 2669 est,
2273 2624 2377 2663 fide-

1328 2675 1464 2712 crescit.
1492 2675 1703 2712 GLAREAN.

1379 2737 1460 2773 199.
1488 2724 1675 2774 secedere]
1706 2725 1863 2765 Veteres
1887 2728 2050 2776 plerique
2070 2734 2182 2762 notae
2196 2726 2375 2772 melioris,
2455 2740 2472 2747 ”

1313 2777 1498 2826 succedere.
1527 2776 1637 2814 reete.
1665 2775 1713 2813 fic
1734 2777 1835 2826 supra
1848 2806 1858 2822 ‚
1878 2777 1990 2826 jubar
2009 2776 2070 2812 hoc
2089 2776 2245 2813 nitidum
2257 2777 2375 2826 nigrae

1313 2827 1490 2876 succedere
1513 2827 1626 2870 noeti,
1659 2826 1809 2865 dixerat.
1837 2828 1982 2864 Hzms.

1373 2891 1458 2916 202.
1485 2882 1579 2913 Tunc
1597 2876 1702 2913 herba
1723 2876 1874 2926 nitens]
1907 2876 1966 2914 Sic
1989 2888 2120 2914 omnes
2140 2877 2220 2915 libri
2243 2877 2374 2926 scripti.

1321 2928 1396 2965 Alii
1418 2939 1608 2976 perperam
1631 2929 1781 2975 legunt,
1810 2932 1905 2964 Tunc
1928 2927 2033 2963 herba
2054 2941 2175 2964 recens.
2203 2928 2373 2968 CioFAN.
2447 2931 2464 2977 χ’

1320 2978 1457 3022 Multi,
1487 2978 1617 3014 virens.
1647 2978 1754 3025 prim.
1787 2978 1993 3026 Hamburg.
2023 2980 2060 3016 &
2089 2978 2179 3016 offro
2209 2979 2289 3024 alii,
2318 2980 2374 3027 nt}
2446 2992 2450 3013 J

1319 3039 1405 3066 tens.
1433 3029 1481 3066 fic
1500 3028 1581 3065 alibi
1598 3056 1608 3072 ‚

1370 3095 1414 3127 Et
1435 3090 1521 3128 nitet
1539 3091 1576 3127 in
1591 3091 1731 3138 summo
1741 3090 1888 3139 seminis
1908 3090 2011 3129 herba
2025 3091 2120 3141 fhlo,

1318 3150 1412 3190 libro
1434 3165 1487 3190 iv.
1511 3152 1643 3189 Pastor.
1669 3153 1751 3190 126.

1372 3224 1451 3255 Vere
1470 3218 1584 3255 nitent
1602 3230 1713 3256 terrae
1731 3235 1741 3255 :
1772 3232 1852 3258 vere
1872 3220 2024 3270 remiffus
2043 3232 2133 3268 ager.

1323 3284 1360 3320 ὃς
1386 3283 1533 3330 postea,
1560 3294 1647 3331 430.

1375 3334 1543 3383 Parcaque
1563 3332 1716 3381 dfflmili
1736 3333 1818 3383 flJre
1840 3334 1973 3374 nitebat
1991 3334 2132 3375 hamus.
2296 3388 2305 3427 1

2267 3389 2294 3426 P
2310 3400 2372 3428 au-
