2483 3616
129 153 260 224 1098
367 110 692 225 JOAN.
771 147 1032 206 Gon.
1106 144 2039 208 CAPOFERREUS

127 278 235 326 Lego
249 304 260 321 ,
440 277 572 326 generis
583 276 683 327 falsa
705 276 747 325 est
768 288 806 313 ea
817 273 947 322 fabula
966 270 1070 322 vestri
1078 286 1091 316 ς

229 327 293 363 Sed
311 330 407 372 ferus
421 357 431 373 ,
459 339 503 369 (φ’
521 338 639 378 captus
660 339 732 367 σε.

182 378 271 416 Ead.
295 378 378 416 Fab.
399 379 489 417 vers.
515 391 593 427 145.
623 391 707 415 nam
725 378 800 422 jam
818 374 987 426 pendebat
1002 373 1042 414 in
1053 385 1182 420 auras,

128 433 176 465 Et
198 429 296 466 modo
306 430 427 475 fac‘Zus
450 440 525 467 erat
536 429 653 475 fulvis
676 428 873 466 Haliaeetus
894 426 973 467 alis.

129 479 240 518 Forte
254 509 265 524 ,
292 481 331 517 in
349 481 446 518 auris
459 509 468 527 ,
499 484 540 517 Ut
561 479 672 517 modin

181 531 268 569 Fab.
289 543 325 570 v.
348 532 436 570 vers.
459 532 541 577 285.

179 586 227 618 Et
239 581 336 631 setae
355 581 463 632 densts
476 580 606 631 ssmiles
626 581 805 630 hastilibus
826 581 967 619 horrent
980 595 992 618 .-

181 638 351 683 Stantque
373 634 471 670 vell-rt
490 633 653 678 vallum,
683 633 782 671 velut
801 633 878 670 alta
899 630 1157 680 hastiliasetae.

127 684 230 723 Bene
254 685 440 733 Naugerio
465 684 655 732 praestanti
677 685 740 723 illo
763 684 827 723 suo
843 684 990 734 judicio
1019 695 1064 720 ex
1088 683 1184 720 duo-

127 735 194 774 bus
228 735 281 773 bis
325 734 483 772 versibus
523 735 629 773 unius
659 735 862 774 sententiae
907 733 1183 773 excludendum

129 785 268 824 censuit
291 786 464 834 priorem.
491 785 621 836 Atque
641 786 678 825 id
696 799 766 836 ego
780 787 862 836 jam
879 787 1068 833 feceram,
1100 784 1185 823 cum

130 837 360 884 Naugerium
384 836 476 874 mihi
495 835 684 885 praeivisse
705 838 895 876 nescirem.

179 886 271 925 Ead.
294 885 380 924 Fab.
397 894 484 925 ante
505 887 592 925 vers.
615 887 698 936 318.
725 888 762 926 in
787 888 967 937 vulgatis,
1060 918 1072 936 ὃ

178 937 280 974 Venit
301 937 481 976 Atalante
504 937 660 976 Schoenei
671 938 909 989 pulcherrima
928 938 1038 988 virgo·

127 987 205 1026 Hic
233 988 354 1028 versus
379 989 474 1028 adeo
502 989 639 1028 Poetae
669 1002 748 1028 non
772 990 845 1035 est,
875 998 915 1028 ut
934 1001 981 1028 ne
1004 988 1184 1030 verfifica-

119 1045 209 1095 xtore
229 1039 382 1090 quidem
406 1040 535 1090 dignus
555 1040 610 1080 fit.
638 1042 676 1079 ὃ(
699 1041 899 1090 superstitio
920 1041 1061 1080 inceffit
1081 1041 1184 1081 Bers-

126 1100 292 1136 manno,
321 1092 385 1140 qui
405 1094 492 1130 e'um
516 1091 537 1130 e
559 1093 729 1132 carminis
746 1092 836 1132 serie
857 1103 937 1132 non
959 1093 1122 1142 ejecerit.

177 1140 268 1179 Ead.
290 1142 376 1180 Fab.
399 1142 489 1181 vers,
512 1144 596 1192 356.

126 1191 267 1230 Emicat
289 1205 331 1230 ex
347 1193 476 1239 oculis,
496 1195 610 1243 spirat
632 1207 764 1246 quoque
777 1196 907 1246 penore
923 1194 1105 1245 flammas.

126 1243 188 1280 Ne
206 1244 267 1282 hic
285 1244 440 1293 quidem
461 1245 582 1284 versus
601 1258 666 1295 per
685 1258 748 1285 me
766 1247 805 1285 in
829 1247 974 1285 Ovidio
994 1246 1184 1296 posseffio-

124 1303 214 1332 nem
245 1295 417 1334 retinebit
439 1324 450 1341 ‚
471 1343 476 1349 ι
496 1296 641 1335 tametfi
670 1309 787 1336 nemo
814 1298 937 1337 adhuc
966 1308 1184 1338 controver-

125 1343 215 1401 fiam
242 1345 292 1385 illi
324 1347 465 1403 fece-rit.
519 1347 696 1398 Agedum
725 1348 929 1398 paullulum
961 1361 1048 1388 eum
1071 1363 1184 1390 excu-

125 1401 272 1435 tiamus.
326 1402 468 1435 Emzcat
499 1412 542 1436 ex
580 1400 696 1439 oculis.
735 1401 811 1439 hoc
840 1401 945 1440 nihili
977 1401 1038 1440 est.
1069 1401 1185 1452 spirat

127 1459 259 1498 quoque
282 1450 413 1499 petiere
439 1448 618 1499 flammas.
643 1452 718 1490 hoc
746 1452 960 1491 incredibile
984 1453 1043 1491 est.
1074 1455 1112 1492 ὃς
1129 1463 1182 1493 ta-

127 1508 217 1554 men
248 1507 348 1538 totus
375 1501 496 1540 versus
527 1503 652 1541 minor
681 1502 730 1541 est
758 1503 855 1542 illis:
885 1517 944 1541 nec
962 1504 1117 1549 fulmine
1135 1505 1183 1543 le-

126 1561 208 1586 mus
236 1549 351 1600 arfit;
389 1552 520 1602 quibus
551 1553 753 1602 praeclarus
780 1555 843 1593 iste
876 1555 1183 1596 Ovidioboethus

127 1599 405 1659 velut-afflatus
435 1603 506 1648 est,
535 1612 575 1642 ut
605 1605 748 1643 exsucci
778 1606 919 1645 Poetae
943 1606 1181 1656 jejunitatem

125 1660 255 1709 pingui
282 1653 347 1692 suo
371 1654 628 1703 supplemento
649 1655 880 1696 incrassatum
902 1659 981 1697 iret.
1036 1659 1186 1698 Deinde

128 1711 214 1758 cum
237 1703 354 1742 Poeta
385 1705 546 1754 superius
580 1707 671 1745 vers.
697 1707 780 1755 284.
808 1708 971 1747 dixerit:
1013 1711 1188 1760 Sanguine

126 1761 171 1807 φ’
193 1765 268 1800 igne
288 1755 422 1793 micant
439 1758 526 1795 oculi
540 1785 550 1801 ‚
587 1759 632 1796 ad
655 1770 749 1808 quae
770 1759 860 1798 illud
883 1760 1023 1797 Emicat
1046 1775 1089 1798 ex
1110 1775 1188 1799 ocu·

126 1801 170 1839 lts
191 1805 411 1861 neadspirat
433 1808 585 1857 quidem
601 1836 611 1853 ‚
647 1818 758 1859 atque
778 1811 829 1848 ibi
851 1811 951 1849 ferae
972 1811 1184 1862 descriptio·

127 1864 285 1911 nemyn
317 1864 441 1894 totum
472 1867 647 1898 executus
677 1860 743 1905 fit,
775 1872 840 1899 cur
867 1873 951 1900 eam
973 1863 1037 1900 hic
1058 1864 1183 1902 denuo

127 1902 328 1944 describere
363 1908 543 1963 inciperet
563 1910 579 1946 ἓ
616 1911 824 1959 praesertim
878 1912 961 1951 cum
1003 1914 1185 1964 quidquid

127 1954 208 2002 post
227 1968 287 1993 nec
298 1956 456 2004 fulmtne
476 1958 586 1997 lenius
606 1960 690 2010 arfit
712 1961 877 2008 dixisset,
906 1966 1004 2003 ferae
1018 1994 1027 2008 ,
1056 1975 1095 2003 ut
1107 1975 1184 2004 tor-

127 2013 261 2044 mento
283 2007 368 2045 ac'to
389 2008 568 2055 ponderi,
597 2012 634 2047 in
649 2015 1020 2062 venantesimpetum
1034 2017 1184 2056 daturae

125 2055 247 2094 futura
267 2057 353 2097 effer
372 2070 489 2096 mora.
518 2061 566 2097 Et
584 2061 675 2098 haec
695 2063 787 2100 mihi
808 2065 958 2112 quidem
978 2067 1160 2106 sufficiunt
1174 2095 1184 2113 ‚

126 2114 167 2145 ut
196 2109 417 2147 versiculum
447 2109 522 2147 stne
552 2111 717 2158 pondere
739 2112 778 2149 δε
799 2122 876 2150 arte
897 2126 944 2151 ex
965 2117 1110 2154 Ovidio
1130 2119 1183 2155 fa-

128 2156 261 2196 cessere
283 2161 449 2209 jubeam.
513 2162 548 2199 Si
573 2163 654 2211 quis
684 2163 776 2200 vero
806 2164 1058 2212 ignorantium
1093 2168 1184 2215 quid

127 2208 259 2247 distent
277 2223 359 2249 aera
379 2211 512 2260 lupinis
528 2240 537 2256 ,
566 2214 668 2251 velut
688 2213 833 2251 mirifici
853 2223 916 2253 aut
935 2216 1082 2254 delicati
1104 2230 1185 2255 ver-

127 2260 181 2300 sus
207 2261 350 2310 jaeturzi
381 2272 668 2309 commovetur,
706 2266 733 2301 is
757 2265 817 2303 sibi
836 2266 937 2304 illum
960 2268 1089 2305 habeat
1106 2296 1115 2311 ,
1143 2270 1183 2306 &

127 2311 259 2400 {ulicis
288 2326 441 2364 quoque
464 2314 626 2354 ledtione
653 2326 696 2354 ac
717 2315 945 2356 Philomelae
965 2319 1000 2357 se
1022 2320 1184 2359 oblectet

181 2414 265 2453 Fab.
286 2428 320 2454 x.
349 2417 438 2455 vers.
460 2418 546 2464 629.
672 2427 792 2454 tamen
815 2432 888 2456 una
908 2421 1029 2470 recepit
1043 2450 1052 2465 ‚

128 2470 251 2503 Parva
271 2468 408 2515 quidem
423 2497 432 2513 ‚
459 2468 611 2517 stipulis,
640 2480 684 2508 (φ
705 2482 818 2506 canna
838 2473 926 2508 tecta
939 2472 1098 2521 palustri.

130 2515 236 2569 Lego
253 2547 262 2562 ,
274 2519 475 2568 stipulisque
493 2532 537 2560 (φ’
556 2533 683 2557 canna.

183 2568 272 2606 laid.
297 2570 379 2607 Fab.
404 2572 491 2608 vers.
515 2571 603 2619 698.

181 2622 345 2667 Dumque
361 2635 396 2656 ea
418 2623 620 2666 mirantur,
648 2623 734 2661 dum
751 2622 876 2671 deflent
888 2627 974 2671 fata
986 2625 1156 2674 suorum:

180 2671 298 2717 Mersa
312 2672 432 2707 videat
447 2702 455 2717 ,
482 2686 722 2723 quaeruntque
728 2676 813 2723 suae
821 2677 877 2723 pia
891 2676 1045 2713 culmina
1060 2678 1184 2716 villae.-

182 2720 262 2756 Sola
281 2719 348 2756 loco
361 2722 503 2766 stabam
516 2754 526 2769 ‚
553 2727 640 2762 dum
658 2725 785 2776 deflent
798 2728 886 2774 fata
904 2728 1052 2766 locorum
1066 2757 1078 2775 ‚

184 2770 253 2808 Illa
271 2781 372 2808 vetus
392 2773 539 2812 dominis
560 2790 630 2816 wc.

130 2822 316 2861 Bersman.
343 2831 448 2861 notat
467 2829 712 2871 penultimum
738 2829 882 2867 versum
903 2831 939 2867 in
961 2831 1181 2879 quibusdam

129 2873 267 2912 omitti.
319 2873 389 2911 Sed
416 2876 479 2923 qui
499 2875 602 2912 illum
624 2881 764 2916 omittit
783 2909 791 2923 ‚
827 2882 938 2918 etiam
960 2883 1183 2920 anteceden-

130 2934 208 2964 tem
231 2925 405 2962 omittere
426 2926 545 2963 debet.
570 2926 608 2962 ὅς
627 2934 724 2964 certe
746 2939 874 2967 neuter
893 2931 1023 2970 Ovidii
1044 2933 1115 2979 est,
1145 2935 1183 2972 &

127 2976 327 3027 legendum
345 3004 355 3020 ,

183 3034 350 3078 Dumque
372 3039 410 3063 ea
430 3027 631 3073 miramur,
657 3027 742 3064 dum
762 3027 974 3078 deflemsata
985 3029 1155 3076 locorum,

189 3079 254 3115 Illa
276 3090 388 3115 vrttes.

185 3130 364 3165 stramina
377 3127 589 3178 flavescunt.

132 3180 225 3219 Puto
244 3180 441 3229 legendum
459 3180 686 3228 ,fialvefc:-.¹:it
700 3198 710 3218 :

495 3232 724 3283 adopertaque
741 3246 915 3271 marmore
937 3233 1051 3272 tellas:

182 3282 386 3333 Ccncipiunt
401 3283 591 3333 Baucisque
604 3292 714 3333 preces
726 3312 736 3332 ‚
765 3285 976 3337 timidusque
988 3286 1180 3330 Philemon.

1240 268 1360 308 Reete
1395 269 1496 309 hunc
1529 274 1675 313 versum
1703 275 1878 316 Heinfius
1913 288 1982 326 pro
2016 274 2198 328 superfluo
2223 277 2288 316 hat:

1239 319 1560 416 quctehgilusenim
1588 324 1741 374 superne
1769 329 1966 379 repetitus,
2001 340 2073 370 nec
2093 330 2181 371 huic
2200 329 2287 370 loco

1365 388 1368 392 ·
1402 385 1414 413 1
1461 401 1469 413 .

1985 483 2032 523 X.

1500 476 1964 522 LIBROI

1291 577 1378 617 Fab.
1400 589 1427 616 1.
1455 578 1547 617 vers.
1567 589 1625 627 ις.

1292 629 1427 667 Matris
1445 629 1618 667 adulterio
1635 638 1773 680 patrem
1789 629 1891 681 petis:
1913 631 1994 681 elige
2011 639 2081 674 φτ.

1239 681 1351 727 Quae
1370 681 1617 730 praecedunt,
1645 682 1792 732 &quae
1804 682 2028 732 sequuntur,
2056 685 2191 726 docent
2202 688 2297 727 haee

1241 730 1429 771 efferenda
1449 744 1513 782 per
1535 733 1900 782 Interrogationern:

1292 783 1428 821 Matris
1447 782 1621 821 adulterio
1636 793 1778 833 patrem
1792 784 1882 835 petis
1897 795 1914 825 ἓ
1939 785 2035 835 Elige

1346 834 1438 873 Ead.
1457 834 1544 873 Fab.
1568 835 1657 873 vers.
1680 835 1739 883 78.

1293 884 1460 934 Angebar
1472 914 1484 932 ,
1516 899 1574 925 ceu
1589 896 1739 936 guttura
1748 887 1878 939 forcipe
1894 888 2031 938 pressus.

1241 936 1411 986 Legend.
1452 950 1509 975 cecc
1535 937 1666 986 forcipe
1686 947 1836 986 guttura
1864 941 2003 987 proffias.
2038 950 2162 988 neque
2195 940 2296 979 enim

1240 989 1563 1036 comparationem
1592 988 1704 1028 sumit
1733 987 1755 1026 ὲ
1781 985 1901 1038 preffo
1921 996 2095 1039 gutture,
2122 989 2184 1030 sed
2202 991 2297 1040 pres-⁴

1241 1037 1352 1077 fionis
1376 1037 1398 1077 a
1420 1039 1574 1088 forcipe.

1294 1090 1382 1130 Fab.
1404 1103 1452 1130 11.
1479 1090 1570 1130 vers.
1593 1101 1678 1130 101.

1292 1147 1350 1180 At
1367 1151 1399 1179 te
1412 1171 1422 1187 ‚
1443 1141 1652 1192 Neſjefirox
1663 1170 1676 1189 ,
1702 1141 1854 1192 ejusdem
1873 1141 2023 1191 virginis
2039 1143 2145 1180 ardor

1291 1193 1500 1232 Perdiderat
1512 1222 1524 1239 ‚
1551 1193 1688 1232 volucri
1707 1193 1894 1242 trajectum
1914 1204 2010 1244 terga
2020 1192 2170 1244 sagittd.

1240 1245 1456 1297 Quomodo
1492 1245 1692 1294 perdiderat
1713 1254 1729 1286 ἒ
1775 1245 1927 1294 quando
1975 1246 2048 1283 hoc
2089 1257 2168 1283 non
2211 1254 2297 1285 ante

1238 1297 1401 1336 Acheloi
1433 1298 1473 1335 &
1502 1297 1674 1336 Herculis
1700 1295 1889 1344 duellum,
1925 1295 1987 1336 sed
2015 1296 2097 1346 post
2126 1296 2298 1344 accidit}

1241 1351 1394 1398 Nempe
1413 1348 1614 1398 legendum
1629 1376 1641 1394 ,

1293 1400 1454 1439 Perdidit
1469 1399 1495 1437 d
1513 1399 1662 1440 volucri.

1241 1453 1326 1492 Fab.
1354 1465 1417 1491 111.
1443 1451 1535 1490 vers.
1558 1462 1640 1502 137.

1423 1503 1503 1542 ciem
1514 1504 1624 1552 fama
1643 1502 1773 1554 loquax
1786 1503 1948 1554 pervenit
1965 1503 2014 1541 ad
2028 1515 2128 1544 aures

1289 1555 1464 1594 Deianira
1486 1565 1566 1592 tuas
1582 1583 1591 1599 ‚
1619 1568 1707 1606 quae
1727 1555 1820 1593 veris
1840 1555 1967 1593 addere
1979 1555 2078 1603 falsa

1293 1607 1431 1644 Gaudet
1446 1635 1455 1651 ‚
1484 1618 1526 1646 &¹
1547 1607 1564 1643 ἒ
1585 1606 1731 1644 minimo
1742 1608 1812 1655 sua
1829 1615 1888 1656 per
1907 1607 2091 1644 mendacia
2109 1605 2238 1656 crescit.

1294 1657 1639 1708 Amphitryoniaden
1661 1657 1746 1696 mles
1766 1658 1888 1695 ardore
1905 1657 2014 1696 teneri

1293 1710 1418 1746 Credit
1436 1722 1574 1747 amans.

1293 1761 1580 1810 Distingue:sua
1597 1769 1657 1811 per
1676 1760 1863 1798 mendacia
1882 1759 1998 1809 crescit
2015 1788 2026 1806 ‚

1294 1818 1345 1850 A.
1375 1819 1398 1850 I.
1421 1826 1456 1849 a.
1475 1813 1593 1849 teneri.
1631 1812 1753 1849 Credit
1780 1824 1908 1850 amans
1931 1823 2002 1851 ce‘c.
2058 1811 2105 1849 Et
2125 1809 2174 1848 fic
2196 1809 2298 1848 reete·

1241 1863 1450 1902 distinetum
1481 1864 1590 1902 habet
1609 1863 1696 1901 edit.
1714 1863 1817 1901 Bafil.
1837 1862 2017 1912 siquidem
2040 1862 2156 1900 teneri
2180 1873 2257 1898 non
2274 1859 2296 1898 ἒι

1243 1915 1350 1951 credit
1380 1914 1517 1962 pendet
1536 1943 1546 1959 ,
1585 1915 1645 1953 sed
1679 1913 1697 1951 {1
1724 1916 1832 1960 fama
1856 1914 2034 1963 pervenit.
2088 1911 2205 1960 Quod
2227 1911 2296 1949 nili.

1241 1967 1354 2003 ctiam
1384 1964 1580 2003 Heinfium
1612 1964 1816 2010 fefelliffet,
1843 1976 1920 2002 non
1949 1961 2120 2000 mutasset
2134 1963 2296 2010 pervenit

1241 2017 1278 2054 in
1303 2015 1483 2066 praeceffit.
1536 2018 1664 2065 Atque
1691 2028 1761 2066 ego
1776 2043 1786 2060 ‚
1807 2027 1874 2063 pro
1896 2015 1911 2050 e
1930 2013 2100 2058 minimo,
2122 2012 2296 2051 libentius

1242 2068 1393 2116 legerim
1410 2096 1419 2110 ‚
1446 2070 1463 2104 e
1485 2068 1648 2105 minima.

1347 2119 1438 2155 Ead.
1456 2118 1542 2156 Fab.
1563 2117 1652 2155 vers.
1673 2117 1756 2163 148·

1292 2169 1470 2206 Excedam
1487 2169 1583 2205 reelis
1595 2196 1604 2211 ‚
1633 2180 1674 2204 ac
1689 2166 1738 2215 fic
1759 2165 1851 2204 nihil
1868 2165 2022 2217 amplius
2039 2165 2159 2214 obstem
2173 2175 2191 2206 ,θ

1244 2217 1350 2266 Lego
1381 2220 1418 2256 ὃς
1442 2219 1648 2267 distinguo:

1313 2269 1473 2307 ‘xcedam
1497 2270 1594 2306 tectis
1606 2278 1621 2307 r
1648 2282 1697 2306 an
1711 2297 1721 2312 ‚
1743 2266 1773 2316 fi
1789 2268 1881 2306 nihil
1898 2268 2048 2318 amplius
2063 2297 2073 2312 ‚
2101 2268 2221 2317 obstem
2235 2279 2252 2309 ἕ

1240 2320 1362 2370 Pergit
1384 2322 1484 2358 enim
1505 2322 1543 2358 in
1565 2320 1831 2358 deliberatione
1852 2331 1916 2368 per
1938 2321 2130 2359 contraria.

1346 2371 1434 2409 Ead.
1454 2371 1539 2409 Fab.
1562 2372 1664 2409 versu
1682 2371 1800 2409 statim
1820 2370 1996 2420 sequente
2010 2399 2021 2415 ‚

1292 2421 1430 2471 ‘Quidfi
1438 2435 1491 2459 me
1502 2451 1511 2466 ‚
1531 2423 1700 2470 Meleagre
1714 2450 1723 2465 ‚
1746 2432 1847 2459 tuam
1859 2435 2044 2459 memorem
2055 2421 2264 2471 effeſstrorem
2275 2433 2290 2464 ἒ

1292 2479 1408 2519 (Forte
1421 2483 1503 2522 paro
1517 2474 1677 2521 facintcs)
1698 2484 1944 2523 quantumque
1963 2472 2096 2521 injuria
2112 2470 2208 2521 pofflt

1294 2525 1539 2574 Femineusque
1557 2525 1650 2561 dolor
1664 2553 1674 2569 ‚
1697 2524 1860 2572 jugulata
1875 2523 1989 2572 pellice
2008 2524 2106 2570 testor
2119 2533 2134 2561 ἒ

1242 2574 1350 2624 Lego
1385 2579 1423 2613 &
1455 2577 1648 2625 distinguo.
1690 2576 1790 2623 <Qud
1809 2573 1937 2622 fime,
1969 2577 2159 2622 Meleagre‚
2188 2585 2291 2614 tuam

1218 2640 1372 2663 vmemor
1400 2626 1456 2676 effe
1480 2629 1630 2672 fhrorem
1660 2633 1758 2669 Ferte
1786 2636 1885 2674 patro
1899 2625 2065 2672 facinus,
2097 2636 2289 2676 quantum—

1241 2692 1306 2728 que
1332 2689 1405 2718 effic.
1458 2678 1584 2727 Atque
1615 2679 1709 2715 hanc
1738 2676 2040 2714 emendationem
2077 2687 2124 2713 ne
2155 2676 2197 2712 sit
2222 2687 2284 2712 ner

1243 2728 1335 2766 celle
1374 2729 1528 2778 probare
1566 2728 1637 2778 ipsa
1676 2728 1711 2765 se
1740 2728 1907 2777 vulgatae
1935 2727 2104 2765 lectionis
2131 2724 2288 2763 absurdi-

1240 2788 1315 2819 tate
1337 2780 1476 2828 probat.

1293 2831 1384 2869 Ead.
1404 2830 1488 2869 Fab.
1507 2831 1544 2868 in
1563 2830 1715 2878 vulgatis
1736 2829 1813 2878 post
1835 2828 1922 2865 vers.
1950 2838 2029 2873 197.

1241 2883 1305 2919 His
1344 2888 1458 2919 Cacus
1496 2882 1707 2918 horrendum
1744 2879 1899 2914 Tiberirm
1938 2876 2052 2912 littere
2083 2877 2286 2924 monstrum.

1241 2934 1384 2982 Quanti
1404 2932 1542 2970 interfit
1564 2934 1601 2969 in
1624 2928 1847 2968 Auctoribus
1867 2927 2028 2975 legendis
2048 2939 2154 2977 agere
2175 2930 2288 2968 Criti-

1240 2995 1325 3021 cum
1341 3011 1352 3027 ,
1379 2995 1449 3020 nec
1477 2983 1605 3019 omnia
1627 2992 1692 3027 pro
1714 2979 1881 3027 genuinis
1904 2978 2081 3027 arripere,
2109 2979 2167 3016 sed
2182 2980 2287 3028 judi-

1241 3035 1300 3070 cio
1332 3044 1503 3081 quaeque
1523 3033 1668 3079 exigere
1683 3057 1691 3072 ‚
1730 3029 1841 3066 etiam
1861 3029 1921 3066 hic
1942 3029 2060 3066 versus
2080 3028 2287 3071 documen,-

1237 3092 1278 3120 to
1308 3084 1376 3125 est3
1407 3094 1519 3131 quem
1553 3081 1578 3119 ii
1597 3079 2195 3120 Grammaticianimadvertiss'ent
2216 3081 2288 3122 effe

1239 3132 1525 3182 supposititium,
1568 3142 1645 3168 non
1677 3142 1723 3168 eo
1755 3130 1836 3168 freti
1855 3129 2052 3172 statuissent
2075 3131 2191 3171 Cacus
2213 3135 2286 3181 pri-

1240 3195 1341 3222 mam
1371 3184 1500 3221 habere
1519 3182 1730 3230 ancipitem.
1785 3181 1832 3219 Et
1854 3193 1916 3219 me
1938 3182 2087 3231 quidem
2107 3211 2116 3227 ‚
2145 3193 2183 3220 ut
2204 3185 2284 3233 post

1238 3236 1464 3283 Naugerium
1486 3246 1528 3271 ac
1552 3231 1747 3271 Heinsium
1775 3233 1918 3271 Ovidio
1932 3246 2017 3271 eum
2039 3245 2113 3271 ncn
2133 3234 2287 3284 dignan-

1236 3285 1324 3327 dum
1354 3295 1509 3336 putem,
1547 3285 1620 3324 hoc
1651 3282 1846 3333 praecipue
1878 3293 2029 3331 movet,
2058 3284 2160 3335 quod
2186 3285 2284 3323 nulla

2154 3346 2286 3384 emessg
