2483 3616
255 214 348 286 568

709 203 768 259 P.
843 183 1857 273 OVIDIIINASONIS

547 319 634 374 Bis
662 332 885 390 puerum
909 312 1068 372 senis,
1106 302 1265 360 animi
1288 301 1356 356 ad
1389 313 1673 373 praecepta
1696 297 1923 372 capacis,

546 392 637 446 lile
662 390 820 444 etiam
845 384 1025 441 medio
1050 380 1218 453 spinas
1243 376 1299 430 in
1322 374 1465 447 pisce
1494 386 1702 427 notatas

405 486 504 535 245
545 462 740 519 Traxit
764 463 818 514 in
843 455 1180 527 exemplum:
1218 449 1473 519 ferroque
1497 445 1687 527 incidit
1713 456 1875 500 acuto

550 538 845 607 Perpetuos
872 532 1089 591 dentes;
1132 526 1186 578 δε
1213 522 1383 578 serrae
1409 533 1613 590 reperit
1638 517 1805 575 usum,

554 609 760 663 Primus
790 610 843 656 ek
873 622 941 659 ex
964 619 1071 658 uno
1100 599 1208 653 duo
1234 594 1405 649 ferrea
1427 591 1642 646 brachia
1665 591 1817 645 nodo

548 680 769 741 Vinxit3
810 692 898 739 ut,
938 672 1139 747 aequali
1162 667 1330 741 spatio
1357 664 1667 720 distantibus
1693 664 1821 727 illis,

549 754 733 808 Altera
764 768 878 822 pars
903 748 1084 807 staret;
1131 760 1245 815 pars
1268 741 1429 795 altera
1458 738 1681 792 duceret
1707 736 1912 791 orbem.

407 845 511 894 250
550 825 810 880 Daedalus
835 820 1052 882 invidit,
1091 817 1341 887 sacraque
1369 831 1437 867 ex
1463 830 1583 865 arce
1614 810 1893 864 Minervae

555 896 906 966 Praecipitem
930 892 1126 954 mittit,
1167 889 1368 961 lapsum
1395 885 1664 940 mentitus.
1703 896 1755 937 at
1780 884 1959 945 illum,

544 970 696 1040 Quae
722 966 861 1020 favet
888 965 1140 1037 ingenii3‚
1178 961 1395 1031 excepit
1427 959 1613 1013 Pallas:
1655 974 1918 1031 avemque

546 1040 845 1103 Reddidit,
884 1038 937 1092 δε
964 1038 1146 1092 medio
1171 1034 1363 1089 velavit
1395 1033 1448 1087 in
1475 1050 1596 1085 aere
1624 1030 1827 1103 pennis,

544 1114 652 1170 Sed
679 1114 831 1184 vigor
855 1112 1053 1183 ingenii
1078 1108 1354 1183 quondam
1377 1104 1576 1160 velocis
1602 1105 1656 1159 in
1682 1105 1811 1169 ala3‚

401 1207 501 1259 255
544 1188 710 1260 Inque
738 1186 903 1259 pedes
930 1185 1071 1238 abiit.
1112 1199 1343 1244 nomen,
1381 1178 1530 1251 quod
1562 1177 1616 1232 ἃ
1643 1192 1794 1242 ante,
1832 1175 2097 1232 remansit.

544 1261 673 1317 Non
696 1273 877 1314 tamen
904 1258 1034 1313 haee
1059 1256 1161 1310 alte
1186 1254 1416 1310 volucris
1439 1252 1528 1311 sua
1552 1269 1785 1324 corpora
1811 1251 1980 1314 tollit,

262 1484 315 1519 ta,
345 1474 448 1526 quod
476 1475 593 1523 prima
623 1471 682 1511 illa
713 1472 877 1510 &unica
906 1478 995 1508 tunc
1015 1470 1091 1507 avis
1111 1467 1298 1506 sublimius

262 1528 467 1570 volaverit,
493 1525 653 1573 reliquae
676 1522 809 1562 deinde
829 1522 1011 1560 humilius.
1040 1521 1170 1558 Bunm.

311 1592 396 1640 238.
428 1596 472 1628 Et
486 1587 613 1641 plausit
628 1587 786 1639 pennis.]
825 1592 870 1623 Et
893 1585 1013 1636 plausa
1033 1585 1076 1632 est
1092 1584 1212 1634 pennis
1231 1585 1300 1622 Pa·-

265 1643 393 1681 latinus
413 1643 449 1679 &
473 1653 565 1679 unus
584 1639 736 1677 Heinfii.
761 1637 885 1688 plaufis
902 1637 1023 1687 pennis
1043 1637 1229 1683 junianus.
1250 1636 1300 1673 ita

260 1693 377 1742 plangi
398 1691 565 1730 Heinsius
585 1690 734 1728 restituit
751 1690 812 1726 lib.
838 1701 881 1726 v.
898 1690 937 1725 6-
953 1702 982 1733 ς.
1011 1687 1301 1725 Nosterlib.>:1v.

268 1755 350 1790 507.
377 1757 487 1779 remus
501 1740 624 1792 plausis
651 1741 876 1789 circumssnat
894 1739 971 1776 alis.
1000 1740 1037 1777 ὃς
1061 1750 1142 1788 577.
1178 1738 1302 1775 cineres

260 1793 385 1842 plausis
405 1793 577 1829 everberat
595 1792 670 1829 alis.

319 1844 402 1890 238.
432 1844 561 1888 Testata
578 1843 707 1891 gaudia
727 1841 872 1890 cantu.]
927 1841 967 1878 ln
989 1840 1138 1878 Caelest.
1163 1840 1201 1877 &
1221 1851 1299 1877 uno

267 1907 356 1933 meo
369 1923 379 1939 ,
408 1894 545 1930 Gaudia
563 1907 641 1929 voce
658 1893 711 1939 est.
735 1894 846 1930 CIOF.
865 1893 900 1929 δέ
921 1892 967 1930 ita
981 1892 1125 1941 plurimi
1144 1890 1274 1939 scripti.

317 1957 387 1993 239
432 1950 524 1981 Tunc
545 1943 730 1993 volucris.]
762 1950 865 1980 Nunc
884 1955 975 1981 unus
997 1942 1150 1981 Heinsii.
1163 1943 1236 1981 vid.
1254 1941 1300 1981 ad

266 1996 376 2045 Epist.
397 2008 510 2033 xvm.
530 2008 591 2043 95.

317 2060 399 2092 240.
428 2045 616 2095 Longum]
648 2052 822 2094 Magnum
844 2046 1013 2082 Gronov,

313 2110 395 2141 242.
427 2095 615 2132 Natalibus
642 2097 772 2146 affin]
829 2096 1018 2132 Natalibus
1048 2098 1189 2132 audium
1208 2108 1302 2134 unus

261 2148 431 2185 Sti-ozzae
457 2150 492 2184 ὅ(
517 2147 613 2183 Basil.
641 2159 735 2196 quae
757 2146 886 2185 eadem
910 2148 1060 2185 varietas
1082 2147 1301 2186 estlib.xur.

266 2209 348 2247 753.
377 2198 449 2236 vicl.
473 2197 515 2235 ad
538 2198 599 2235 lib.
623 2210 678 2235 11.
698 2210 781 2247 497.

314 2272 395 2309 243.
427 2260 553 2296 Animi
571 2261 619 2297 ad
633 2270 809 2311 praecepta
833 2260 1008 2311 capacis.]
1062 2261 1205 2310 Rapacis
1229 2261 1303 2299 ele-

264 2321 385 2359 ganter
407 2311 567 2349 Florenr.
588 2313 622 2349 S.
643 2313 782 2357 Marci,
813 2314 929 2361 Neap.
943 2312 1302 2361 Urbin.Bernegger.

266 2364 369 2407 prim.
400 2362 469 2399 Pal.
496 2361 564 2399 sec.
598 2363 735 2401 Medic.
767 2364 875 2412 prim.
904 2363 1008 2403 Basil.
1041 2365 1141 2412 prior
1166 2365 1301 2401 Erfurt.

268 2413 361 2458 prior
384 2413 663 2461 Hamburgenfis
678 2443 687 2458 ‚
716 2415 896 2452 Arondel.
917 2415 1007 2463 Spir.
1029 2416 1066 2452 δε
1086 2423 1156 2452 tres
1180 2415 1295 2452 aiiiex

269 2463 483 2518 melioribus.
510 2464 641 2513 rapacis
669 2477 733 2513 pro
764 2465 891 2513 rapidi.
919 2478 1005 2503 narn
1028 2466 1155 2514 ingenii
1174 2466 1298 2503 velocis

271 2515 389 2558 postca
408 2513 453 2550 est
485 2514 650 2553 dieamus.
677 2517 724 2554 iic
753 2517 903 2553 celeriter
930 2516 1079 2566 arripere
1106 2530 1195 2566 quae
1221 2528 1297 2554 tra-

269 2561 423 2619 duntur?
450 2564 573 2602 audior
594 2570 690 2604 vitae
709 2568 907 2616 Pomponii
940 2569 1080 2611 Attici,
1108 2568 1147 2605 ὅ(
1169 2569 1299 2606 auctor

272 2621 366 2648 vita:
388 2617 544 2652 (caronis.
597 2618 732 2655 Seneca
763 2619 1014 2656 consolatione
1043 2619 1086 2657 ad
1108 2620 1298 2657 Helviam.

270 2673 300 2698 c.
332 2674 407 2698 xvi.
438 2665 634 2709 Beneficium
661 2679 777 2704 tamen
807 2670 936 2717 rapacis
964 2670 1092 2718 ingenii
1109 2671 1298 2722 plusquam

264 2722 323 2766 pro
350 2722 490 2759 tempore
511 2714 658 2762 haufifti.
687 2718 787 2754 ldem
806 2720 965 2766 apposite
988 2722 1092 2768 Epist.
1106 2734 1187 2759 xcv.
1208 2723 1301 2759 unde

269 2762 434 2817 iliatam
465 2767 599 2817 rapacia
622 2766 765 2801 virtutis
786 2768 937 2815 ingenia,
969 2771 1026 2806 vel
1046 2773 1299 2820 exsefertilta.

269 2818 427 2869 Animas
457 2824 564 2849 cri-lm
594 2826 701 2863 rapax
732 2818 826 2864 apud
861 2820 1063 2857 Henricum
1087 2823 1297 2861 Altiffiodu-

268 2870 408 2918 renlem
444 2863 488 2900 de
510 2865 595 2901 Vita
628 2867 662 2902 Β.
697 2867 869 2905 Germani
891 2881 968 2906 non
986 2870 1095 2919 longe
1119 2873 1162 2909 ab
1181 2875 1299 2912 initio.

268 2914 325 2952 led
350 2914 438 2951 liber
450 2926 633 2952 nuncnon
648 2916 695 2952 est
707 2917 749 2953 ad
764 2930 1002 2956 manum.nec
1025 2921 1189 2959 dissimile
1199 2924 1302 2968 illud,

266 2964 370 3012 quod
388 2964 484 3013 apud
512 2965 734 3015 Sophoclem
756 2968 861 3005 initio
881 2970 1001 3017 Ajacis
1014 2971 1155 3008 Lorarii
1175 2985 1303 3012 occur-

266 3018 325 3058 rit,
338 3015 579 3063 συναρπάζειν
598 3019 712 3062 Φρενῖ,
737 3029 848 3054 mente
868 3020 1161 3067 corripere‚mente
1175 3026 1302 3071 raptim

259 3071 432 3117 percipere.
473 3067 560 3105 elin.
582 3068 640 3106 lib.
661 3081 746 3105 xxv.
779 3081 808 3106 c.
830 3081 874 3106 11.
902 3070 1016 3106 minus
1038 3072 1095 3106 hoc
1111 3086 1217 3120 quam
1236 3084 1302 3122 par

269 3129 342 3153 trat
357 3146 366 3162 ,
395 3117 603 3155 celebravere
626 3119 727 3166 nostri
755 3121 910 3156 omnium
942 3120 1140 3158 utilitatum
1161 3135 1203 3161 ω’
1225 3125 1300 3160 vir-

267 3178 385 3204 tutum
406 3169 606 3218 rapacissimi
649 3171 749 3208 idem
773 3172 906 3209 Plinius
925 3172 984 3209 li'o.
1003 3185 1165 3210 xxxvia.
1190 3187 1219 3212 c.
1234 3189 1299 3214 111.

270 3218 518 3271 rapacifflimum
535 3222 667 3270 ignium
687 3222 858 3259 elefirum.
891 3223 928 3260 ln
954 3224 1081 3261 Laelio
1093 3225 1297 3265 Ciceronis:

269 3268 370 3303 Nihil
389 3273 594 3318 appetentius
608 3271 777 3321 similium
794 3275 852 3322 sui
867 3303 875 3318 ‚
905 3274 996 3309 nihil
1017 3276 1170 3324 rapacius
1191 3292 1298 3326 quam

266 3327 405 3357 natura.
432 3321 644 3364 Prudentius
668 3325 919 3366 Cathemerin.
947 3326 1192 3376 Hymnovn.

2288 1322 2398 1380 Nec

1405 1463 1497 1502 Satis
1517 1463 1638 1502 beatus
1651 1493 1660 1507 ‚
1690 1463 1832 1516 quifqice
1852 1463 2017 1501 dextram
2035 1460 2180 1513 porrigit

1459 1516 1590 1554 Laudis
1610 1526 1767 1566 rapacem
1782 1545 1792 1562 ,
1815 1515 1997 1567 prodigam
2018 1514 2195 1566 pecuniae.

1356 1580 1529 1619 Lucanus
1551 1580 1614 1618 lib.
1635 1591 1666 1617 1.
1689 1580 1776 1626 460.

1736 1630 1817 1667 inde
1835 1629 1962 1666 ruendi

1407 1689 1450 1720 In
1461 1684 1602 1730 ferrum
1620 1695 1718 1719 mens
1731 1692 1844 1733 prona
1866 1680 1979 1727 viris,
2006 1679 2216 1731 animaeque
2235 1688 2373 1730 rapaces

1409 1741 1549 1771 Mortis.

1359 1796 1413 1834 Ita
1440 1796 1640 1846 legendum
1669 1809 1715 1835 ex
1737 1796 1889 1846 optimis
1911 1793 2146 1833 membranis.
2197 1777 2410 1842 Quomodo
2433 1815 2435 1818 <
2476 1777 2479 1788 s

1355 1847 1394 1884 in
1413 1847 1482 1885 suis
1499 1849 1610 1885 etiam
1634 1849 1779 1886 invenit
1797 1845 2081 1885 Barth.Advers.
2093 1846 2154 1884 lib.
2165 1857 2249 1882 xxx.
2262 1857 2338 1894 cap.
2353 1856 2409 1894 19.
2425 1890 2427 1894 .
2474 1868 2479 1896 :¹

1358 1899 1569 1937 HElemS.
1594 1899 1714 1937 Barth.
1736 1901 1774 1937 in
1798 1899 1903 1935 Curis
1936 1898 2116 1946 prioribus
2144 1896 2189 1934 ad
2219 1895 2406 1934 Claudian.
2473 1907 2478 1936 ὲ

1360 1962 1417 1988 11.
1439 1951 1477 1988 in
1509 1949 1632 1988 Rufin.
1652 1949 1687 1987 8.
1726 1951 1764 1987 δε
1784 1949 1828 1987 ad
1860 1949 1962 1986 Grat.
1994 1949 2136 1997 Cyneg.
2173 1958 2254 1994 194.
2281 1946 2405 1985 similia
2473 1959 2477 2004 ᾗ

1349 2001 1430 2049 jam
1451 2003 1610 2044 notavit,
1623 2002 1758 2039 &licet
1778 2010 1890 2049 rapax
1908 2000 2053 2037 animus
2073 1998 2151 2036 satis
2170 1998 2310 2047 placeat
2325 2009 2407 2045 pro-

1358 2060 1438 2100 pter
1458 2052 1671 2090 consensum
1702 2061 1760 2090 tot
1779 2051 1952 2089 codicum
1967 2078 1976 2094 ‚
1990 2048 2121 2096 quibus
2140 2049 2282 2087 accedit
2300 2049 2407 2087 Fran'-
2471 2046 2475 2095 ξ

1357 2104 1489 2141 cofurt.
1502 2103 1626 2141 nescio
1637 2112 1764 2140 tamen
1785 2114 1831 2139 an
1857 2101 1979 2138 dicere
1999 2101 2122 2145 liceat,
2135 2109 2245 2147 rapax
2254 2099 2304 2135 ad
2313 2106 2411 2148 praej-

1358 2164 1452 2203 cepta
1467 2183 1477 2197 ‚
1508 2166 1593 2192 cum
1616 2164 1724 2204 capax
1754 2155 1802 2190 ita
1830 2152 1934 2201 saepe
1953 2151 2113 2188 construi
2134 2150 2268 2194 soleat,
2292 2159 2330 2188 ut
2351 2149 2414 2197 veis,
2469 2143 2475 2160 ⁸

2461 2369 2471 2547 l

1358 2205 1497 2243 Lexica
1508 2205 1642 2243 docere
1662 2203 1819 2254 poffunt.
1832 2212 1986 2253 capacem
2000 2214 2090 2239 vero
2103 2201 2266 2239 animum
2279 2200 2408 2239 Noster

1358 2257 1466 2293 etiam
1479 2256 1563 2294 alibi
1575 2257 1671 2295 dicat
1685 2285 1695 2301 ,
1719 2258 1756 2293 ὃ(
1774 2255 1951 2305 ingenium
1966 2262 2074 2303 capax
2087 2281 2098 2298 ,
2126 2253 2192 2291 inf.
2205 2263 2252 2302 53
2256 2263 2288 2302 3.
2304 2251 2406 2292 ideo-

1357 2319 1430 2357 que
1451 2309 1540 2346 nihil
1561 2317 1703 2346 temere
1724 2315 1922 2344 mutarem.
1951 2305 2170 2342 BURMANN.

1408 2361 1492 2405 246.
1525 2366 1701 2410 Perpetuos
1719 2356 1877 2406 dentes.]

1357 2410 1529 2449 Heinsius
1565 2411 1609 2449 ad
1643 2423 1694 2448 vr.
1718 2409 1805 2447 Fast.
1828 2420 1915 2457 229.
1941 2406 1990 2446 fic
2010 2407 2128 2444 dentes
2145 2406 2260 2444 serrae
2282 2405 2414 2449 tribuit„
2480 2411 2483 2440 ἒ

1351 2461 1518 2511 Sympos.
1531 2462 1708 2511 Aenigm.
1732 2473 1791 2499 Lx.

1408 2514 1579 2550 Dentibus
1599 2513 1793 2550 innumeris
1813 2520 1882 2548 toto
1897 2512 1981 2559 sum
2003 2517 2130 2558 corpore
2146 2508 2262 2566 plena.

1933 2355 2125 2393 illustravit
2152 2356 2253 2393 hunc
2278 2354 2401 2393 locum
2467 2346 2483 2382 ²2

1355 2565 1545 2614 Perspicuos
1563 2565 1678 2602 dentes
1699 2576 1793 2602 unus
1813 2563 1968 2600 Moreti.
1990 2560 2127 2598 inducit
2147 2569 2260 2598 etiam
2274 2568 2336 2610 pro
2349 2558 2404 2601 inb,
2464 2550 2468 2585 l

1356 2615 1438 2651 cidit
1461 2616 1564 2653 Med.
1586 2617 1623 2653 δε
1643 2626 1712 2653 tres
1737 2616 1810 2652 alii.

1407 2679 1488 2712 247-
1518 2666 1667 2703 Brachia
1687 2666 1772 2702 nodo
1792 2662 1972 2714 ζῆνκαὶ]
2004 2663 2046 2700 In
2065 2663 2208 2712 aliquot
2230 2669 2303 2700 vet.
2331 2666 2402 2709 Noe

1355 2716 1396 2753 do
1417 2718 1552 2755 vinxit.
1581 2719 1792 2765 Utrumque
1809 2717 1938 2764 placet.
1968 2714 2138 2751 CxorAN.
2193 2713 2334 2750 Primus
2356 2711 2400 2751 a*

1356 2768 1474 2816 exiguo
1507 2768 1656 2806 Sixii'&
1686 2780 1778 2805 unus
1808 2765 1916 2804 Leid.
1964 2765 2077 2802 eximo
2114 2764 2183 2802 sec.
2229 2763 2332 2802 Med.
2357 2768 2401 2809 eit-³,

1355 2819 1424 2855 imo
1452 2819 1539 2858 duo.
1595 2819 1719 2856 Vinxit
1750 2819 1922 2856 meliores
1961 2828 2094 2865 magna
2124 2828 2170 2854 ex
2199 2824 2309 2863 parte.
2335 2815 2401 2865 pro}

1357 2869 1563 2916 distantibus
1581 2871 1651 2908 illis
1674 2882 1765 2909 unus
1784 2870 1957 2907 Gronov.
1976 2866 2054 2905 alis.
2084 2874 2124 2905 ut
2139 2867 2216 2904 alae
2235 2866 2303 2904 sint
2320 2875 2405 2902 eae*
2479 2875 2483 2900 :

1359 2921 1443 2958 dem
1465 2935 1559 2972 quae
1577 2923 1733 2960 brachia.
1765 2922 1910 2959 Hiems.

1412 2985 1496 3021 250.
1523 2979 1579 3010 Ex
1599 2973 1715 3023 arce.]
1737 2977 1790 3009 Ex
1813 2972 1896 3008 aede
1917 2969 2086 3008 Leidens.
2101 2969 2288 3018 sacraeque
2307 2974 2401 3007 unus
2472 2996 2474 3002 .

1360 3022 1501 3063 Medic.
1532 3025 1672 3062 Dianae
1707 3025 1819 3062 etiam
1850 3033 1944 3060 unus
1973 3020 2142 3059 Leidens.
2172 3026 2212 3058 ut
2241 3018 2278 3055 ὅ(
2309 3024 2402 3054 mox
2481 3032 2483 3034 ·

1358 3075 1405 3110 26
1434 3103 1441 3110 .

1408 3089 1492 3172 351.
1528 3127 1750 3178 Praecipitem
1786 3123 1927 3176 miſsin]
1982 3122 2106 3161 Mittit
2146 3120 2255 3172 prim.
2300 3116 2403 3157 Bafil.

1357 3174 1569 3213 Heinsius.
2386 3192 2398 3196 ·

1408 3238 1488 3273 252.
1527 3233 1634 3264 Favet
1653 3227 1838 3278 ingeniis]
1895 3227 1953 3264 Sic
1976 3235 2130 3272 quoque
2153 3221 2318 3271 loquitur
2344 3217 2400 3256 Μ’.

1355 3277 1502 3314 Tullius
1522 3278 1579 3315 lib.
1609 3291 1664 3315 xv.
1686 3289 1725 3317 ut
1742 3287 1877 3317 vocant
1889 3288 1901 3321 ,¹
1929 3274 2202 3312 Familiarium:
2236 3268 2402 3325 Sedavf·
2479 3284 2483 3296 ¹

1355 3328 1393 3381 bi
1416 3329 1532 3376 crede,
1560 3330 1666 3370 etiam
1685 3331 1737 3376 is,
1765 3331 1825 3382 qui
1846 3326 1965 3368 omnia
1987 3335 2103 3373 tenet,
2121 3327 2230 3375 favet
2249 3323 2403 3372 ingenus.
2479 3338 2482 3347 ⁴

2307 3369 2403 3414 Cio:
