2483 3616
323 161 1566 232 METAMORPHosEON
1640 168 1972 231 maxrv.
2083 189 2186 244 939

332 275 460 329 Non
483 274 619 328 bene
645 265 928 322 discidium
954 266 1173 341 Phrygii
1198 268 1362 321 latura
1389 266 1593 329 mariti,

233 348 299 403 30
338 346 547 401 Sidonis
575 360 586 394 :
623 341 786 412 inque
810 343 938 412 pyra
964 341 1093 394 sacri
1120 339 1211 394 sub
1235 340 1462 411 imagine
1485 339 1622 393 faeta

333 415 576 473 Incubuit
601 412 747 467 ferro
776 432 786 466 :
828 413 1161 484 deceptaque
1190 412 1391 483 decipit
1414 429 1617 466 omnes.

333 487 535 544 Rursus
560 485 805 540 arenosae
828 485 1035 556 fugiens
1058 502 1197 539 nova
1223 484 1434 537 moenia
1460 498 1630 538 terrae
1646 523 1662 546 ‚

335 558 429 614 Ad
455 558 747 629 sedemque
772 558 987 629 Eryci8‚
1023 557 1299 628 fidumque
1329 557 1522 609 relatus
1546 556 1776 610 Acesten

337 632 637 692 Sacrificat3
680 632 1055 700 tumulumque
1079 629 1154 683 sui
1179 628 1433 700 genitoris
1461 627 1706 682 honorat.

230 705 294 775 85
337 704 592 776 Quasque
617 715 753 756 rates
775 703 868 757 Iris
888 702 1121 772 Junonia
1146 718 1283 773 pene
1308 713 1593 763 cremarat,

339 777 509 831 Solvit
535 794 546 828 :
589 774 644 827 &
671 773 1020 847 Hippotadae
1046 789 1301 844 regnum,
1339 785 1609 844 terrasque
1635 771 1828 825 calenti

332 848 546 903 Sulfure
570 846 862 910 fumantes,
899 845 1401 917 Acheloiadumque
1426 844 1678 916 relinquit

341 921 584 975 Sirenum
613 919 883 990 scopulos,
923 917 1212 987 orbataque
1235 916 1470 989 praeside
1495 918 1647 988 pinus

342 992 630 1053 Inarimen,
667 989 1081 1060 Prochytenque
1110 990 1267 1058 legit,
1304 989 1567 1061 sterilique
1594 990 1786 1043 locatas

229 1084 298 1137 90
333 1064 489 1119 Colle
514 1062 837 1126 Pithecusas,
877 1059 1205 1115 habitantum
1233 1062 1452 1116 nomine
1480 1060 1657 1116 dietas.

31 1297 35 1300 >
106 1276 166 1323 87.
193 1274 328 1322 sulfure
346 1271 568 1322 fumantes]
598 1272 838 1310 Flammantes
855 1282 949 1310 unus
970 1270 1095 1309 Medi-

59 1338 154 1366 ceus.
170 1326 253 1364 vide
275 1325 318 1363 ad
338 1325 398 1362 lib.
421 1335 510 1361 xm.
531 1334 615 1368 421.

110 1377 169 1424 87.
195 1375 491 1424 Acheloi'dumque
514 1372 721 1422 relinquit.]
750 1371 922 1410 Profeeto
941 1372 1096 1420 penulti-

62 1439 122 1467 ma
152 1426 382 1464 Achelo'zdnm
411 1424 542 1474 syllaba
573 1425 690 1462 brevis
721 1424 792 1468 est,
821 1422 907 1461 ideo
927 1422 1096 1467 fortasse,

63 1477 316 1516 Acheloiadum
340 1476 378 1514 fit
399 1474 610 1523 legendum.
640 1476 828 1512 Nauem.
855 1474 934 1512 Aut
955 1473 1098 1511 Diasto-

18 1577 22 1579 Β
62 1528 97 1568 le
129 1528 178 1566 est
204 1530 240 1566 in
271 1526 528 1570 Acheloidum,
560 1533 623 1563 aut
650 1525 695 1563 ad
723 1526 736 1562 i
760 1525 946 1574 adjeecum
977 1524 1025 1562 est
1057 1537 1100 1569 e,

63 1579 165 1629 quod
185 1578 282 1627 apud
305 1579 467 1615 Graecos
487 1576 818 1625 frequentissimum
840 1575 912 1619 est,
937 1586 1023 1613 nam
1046 1574 1102 1612 su-

49 1640 125 1678 pra
142 1628 202 1666 lib.
224 1640 257 1666 V.
285 1628 488 1675 corripitur.
524 1625 621 1664 Vobis
643 1626 843 1663 Acheloides
864 1625 954 1662 uncle
973 1624 1103 1662 Pluma

60 1679 222 1730 pedesque
250 1679 387 1716 avium.
436 1678 476 1714 ln
505 1678 616 1714 tertio
644 1685 766 1714 autem
797 1676 919 1725 postea
940 1677 1103 1713 carmine

67 1731 247 1767 Inarimen
281 1741 358 1766 uno
387 1727 501 1765 verbo
532 1726 688 1772 dietum,
718 1727 820 1776 quod
851 1726 999 1764 Graecis
1028 1726 1101 1770 est,

67 1778 106 1818 ὃ(
125 1780 220 1828 apud
243 1780 456 1816 Homerum
469 1777 600 1815 lliados
613 1790 660 1816 11.
686 1777 728 1824 ἐξ
741 1777 892 1822 αἰθρίας,
920 1776 1026 1814 multi
1039 1776 1101 1814 ad-

66 1838 292 1868 monuerunt
312 1838 395 1867 ante
417 1840 484 1866 nos
502 1856 511 1870 ,
538 1829 697 1877 primum
724 1828 819 1876 apud
832 1828 1027 1876 Virgilium
1047 1828 1104 1864 in-

64 1888 244 1919 novatum
267 1908 277 1925 ,
314 1879 435 1928 postea
461 1878 603 1917 secutos
632 1878 815 1917 Ovidium
833 1906 843 1922 ‚
882 1879 1077 1915 Lucanum
1093 1905 1103 1922 ‚

73 1930 226 1968 Statium
280 1942 322 1968 ac
374 1938 514 1967 ceteros
536 1957 546 1973 ,
600 1941 712 1978 quare
749 1940 848 1967 nunc
885 1929 1105 1966 omittimus.

72 1980 277 2017 Gtaneau.
301 1981 361 2018 De
381 1980 562 2018 Sirenibus
580 1979 617 2017 in
638 1980 789 2017 Scholiis
805 1979 963 2017 Homeri
984 1977 1107 2027 Odys-

73 2028 146 2066 seas
175 2029 233 2065 M.
255 2041 311 2077 39.
338 2031 373 2066 in
404 2031 502 2067 hunc
533 2030 689 2067 modum
710 2030 841 2078 legitur
864 2043 872 2066 ι
911 2031 1022 2066 Κατὰ
1040 2032 1106 2074 μὲν

76 2079 157 2120 ’τοῦς
178 2080 330 2120 πολλοῦς
353 2077 540 2124 Α’χελώου
560 2082 622 2117 καὶ
643 2082 824 2124 Στερόπης
838 2080 901 2121 τῆς
916 2080 1107 2124 Παρθάονος

73 2129 115 2165 αἱ
135 2128 312 2174 Σειρῆνες,
351 2126 435 2163 κατ’
453 2129 559 2171 ἐνίους
575 2129 615 2166 δὲ
634 2131 825 2178 Α’χελώου
843 2133 905 2166 καὶ
925 2129 1107 2176 Τερψιχό-

75 2191 153 2224 ρης,
179 2178 269 2221 μίας
288 2179 354 2214 τῶν
374 2183 524 2216 Μουσων.
549 2180 710 2220 ἑλόμενκι
731 2182 771 2217 δὲ
793 2181 1003 2224 Παρθενίκν,
1033 2182 1110 2225 ἐμι-

74 2228 219 2270 σήθησαν
232 2229 300 2265 §no
313 2227 540 2275 Α’Φροέἱτης,
567 2233 628 2266 καὶ
646 2231 794 2278 ἔχουσαι
806 2233 924 2275 πτερὰ
942 2231 1109 2271 fenim-n-

76 2291 141 2337 6va
169 2277 218 2322 εἷς
249 2279 292 2315 τὸ
324 2280 532 2324 Τυρρηνικὸν
551 2279 691 2326 κλίμκ,
726 2284 788 2318 καὶ
809 2286 905 2324 νῆσον
927 2284 1109 2327 κατέσχον

77 2335 108 2366 Α
122 2329 307 2375 veie-'omma
354 2329 618 2375 ὀνομαζομένην.
681 2333 862 2378 Ο’νὸμιιτκ
908 2331 948 2368 δὲ
995 2333 1114 2369 ἀυτῶν

76 2380 322 2426 Α’γλαοφῆμῆ
341 2407 351 2423 ,
397 2380 640 2426 Θελξιέπεικ,
687 2383 847 2422 Πεισινόῆ
878 2383 942 2419 καὶ
971 2384 1113 2428 Λιγεῒει.

81 2433 191 2478 Quae
203 2431 356 2467 nomina
371 2458 381 2474 ,
403 2438 441 2467 ut
462 2429 481 2467 a
495 2431 750 2479 superioribus,
770 2431 893 2480 quaea
909 2433 1026 2479 Regio
1048 2445 1115 2480 po-

75 2488 214 2519 nuntur
227 2508 238 2525 ,
265 2481 428 2522 variant,
458 2481 506 2518 ita
524 2481 660 2518 rursum
675 2481 769 2525 sunt,
789 2483 853 2529 qui
872 2482 973 2519 aliter
984 2482 1115 2519 eadem

78 2531 243 2576 tradant,
279 2539 319 2568 ut
340 2532 377 2568 in
399 2530 686 2568 Commentariis
705 2532 921 2579 Apollonii,
948 2531 1009 2568 ubi
1027 2533 1118 2569 haec

79 2589 269 2630 ponuntur
288 2580 461 2627 Θελξινόη
476 2610 486 2625 ,
514 2585 646 2621 Moza-37
667 2581 1000 2627 uxza’yaaocpwooe.
1026 2582 1118 2619 Pau-

75 2632 188 2670 sanias
207 2638 331 2669 autem
350 2631 386 2668 in
407 2631 592 2668 Boeoticis
614 2631 712 2669 addit
732 2632 876 2670 easdem
898 2632 1008 2669 etiam
1033 2643 1117 2669 cum

80 2681 196 2720 Musis
216 2682 413 2730 aliquando
442 2680 587 2719 certasse
619 2682 805 2726 canendo,
837 2682 1013 2730 vinisque
1032 2694 1121 2733 pen-

82 2744 146 2770 nas
165 2732 316 2775 ablatas,
344 2743 390 2769 ex
411 2733 540 2780 quibus
561 2732 688 2770 Musae
708 2732 769 2769 sibi
788 2744 940 2769 coronas
955 2733 1121 2776 fecerint,

84 2782 145 2820 sed
163 2783 254 2819 haec
273 2782 397 2830 paffim
421 2782 541 2819 obvia.
571 2783 662 2820 lllud
681 2782 771 2820 vero
791 2784 864 2820 hoc
886 2783 972 2820 loco
993 2783 1121 2820 viden-

87 2832 176 2870 dum
191 2859 200 2876 ‚
229 2841 350 2873 utrum
372 2844 438 2881 pro
461 2832 689 2869 Achelo'z‘dum
716 2834 913 2881 legendum
937 2832 978 2870 fit
1006 2833 1123 2870 Ache-

44 2904 46 2906 *
87 2882 242 2918 lo'iadum
263 2910 273 2925 ,
317 2882 360 2919 ab
392 2881 581 2918 Acheloicis
606 2911 616 2927 ,
658 2883 819 2921 deducio
851 2884 1122 2932 patronymico.

86 2933 221 2981 Neque
250 2932 349 2969 enim
379 2932 478 2969 aliter
508 2933 626 2970 versus
656 2934 816 2977 constat,
842 2936 879 2971 &
901 2942 1123 2971 annotarunt

47 3026 50 3028 v
87 2981 188 3019 idem
211 2982 269 3019 alii
288 2993 451 3031 quoque.
477 2983 651 3021 chru..
681 2986 782 3032 Lege
800 2996 843 3021 ex
856 2984 928 3021 fide
952 2996 1123 3021 meorum

87 3032 261 3070 librorum
283 3060 293 3076 ‚
329 3042 439 3080 atque
467 3031 621 3070 aliorum
649 3035 878 3082 quorundam
896 3062 904 3077 ,
941 3034 1124 3071 Acheloa'z‘-

91 3082 256 3133 dumque.
291 3083 458 3119 CroFAN.
505 3081 655 3126 Scribe,
694 3084 1042 3135 Achelo'z'aflmnqne,
1079 3097 1126 3122 ne

90 3142 261 3219 pleccetur
282 3134 319 3171 in
339 3134 434 3181 leges
455 3134 632 3170 metricas.
658 3133 707 3170 ita
728 3133 908 3172 Acheloias
919 3136 1056 3173 Sil.x11.
1070 3147 1126 3184 34.

135 3195 237 3220 ems.

146 3233 205 3281 89,
246 3233 420 3270 Inarimen
447 3232 702 3281 Prochytenqae
731 3232 810 3280 legit
835 3232 1010 3281 sterilique
1039 3234 1129 3271 loca-

95 3290 150 3331 tas
168 3309 180 3329 ‚
214 3283 313 3334 cae]
353 3285 466 3324 Hunc
494 3285 621 3324 locum
646 3284 818 3322 omnium
842 3282 985 3331 optime
1012 3285 1132 3334 erudi:

2018 1136 2189 1211 Quip-

1151 1272 1358 1320 tiffimeque
1381 1270 1536 1319 explicat
1555 1270 1754 1310 Parrhasius
1773 1271 1834 1310 lib.
1854 1284 1917 1310 111.
1945 1273 1981 1310 in
1996 1273 2123 1311 Claud.
2146 1273 2193 1310 de

1153 1324 1245 1370 Rap.
1266 1322 1362 1359 Pros.
1375 1321 1431 1366 ybs.
1450 1322 1527 1368 184.
1556 1323 1656 1371 cujus
1680 1323 1770 1360 haec
1782 1322 1872 1360 sunt.
1902 1324 2061 1361 Inarime
2074 1324 2194 1361 Pithe-

1154 1374 1257 1411 cusae
1287 1379 1515 1410 memoratur
1539 1372 1581 1410 ab
1615 1373 1783 1417 historia,
1819 1385 1929 1423 quam
1958 1375 2196 1422 Xenagoras,

1155 1424 1425 1472 Harpocration
1464 1424 1501 1460 &
1535 1423 1659 1461 Suidas
1687 1424 1866 1464 referunt.
1914 1424 2051 1462 Fratres
2082 1424 2157 1462 duo
2183 1451 2195 1469 ,

1157 1474 1344 1512 Candulus
1371 1475 1407 1512 δι
1432 1473 1534 1511 Atlas
1557 1476 1612 1520 (ut
1637 1474 1833 1511 Aeschines
1846 1474 2034 1512 Sardianus
2046 1475 2081 1512 in
2093 1475 2196 1521 Jam-

1155 1525 1208 1563 bis
1227 1525 1397 1574 appellat)
1419 1525 1591 1562 omnium
1614 1523 1790 1562 scelerum
1805 1552 1816 1568 ,
1844 1525 1973 1573 quibus
1993 1526 2194 1563 hominum

1156 1577 1232 1614 vita
1265 1576 1458 1624 depravata
1487 1575 1559 1619 est,
1597 1575 1808 1619 inventores
1844 1576 1881 1613 δε
1913 1584 2019 1624 caput
2051 1575 2198 1613 exstite-

1157 1635 1253 1664 runt.
1281 1626 1321 1663 iis
1343 1624 1499 1674 perversi
1521 1637 1642 1662 mores
1666 1626 1876 1673 Cercopum
1893 1637 2031 1663 nomen
2046 1637 2199 1674 pepere-

1156 1686 1240 1715 runt
1254 1705 1264 1721 ,
1291 1676 1529 1725 appulsosque
1552 1676 1707 1714 advenas
1721 1675 1980 1724 undecumque
1993 1677 2200 1714 circumve-

1157 1729 1236 1766 nire
1256 1728 1411 1765 studium
1435 1734 1521 1764 erat.
1574 1727 1702 1774 Itaque
1722 1726 1942 1775 aliquando,
1968 1725 2050 1763 cum
2074 1727 2112 1763 in
2132 1726 2200 1772 Jo-

1156 1790 1243 1815 vem
1274 1775 1490 1819 tentassent,
1525 1776 1562 1813 in
1595 1776 1736 1820 simias,
1772 1788 1859 1825 quas
1882 1777 2046 1825 pithccos
2067 1776 2200 1812 Graeci

1159 1836 1319 1872 vocant,
1346 1839 1391 1865 ex
1416 1826 1629 1864 hominibus
1659 1828 1789 1864 mutati
1817 1826 1907 1864 sunt.
1962 1827 2054 1863 Inde
2076 1826 2199 1863 Pithe-

1161 1879 1249 1917 cusis
1286 1878 1444 1921 insulae,
1481 1889 1592 1926 quam
1624 1878 1819 1920 tenebant,
1855 1888 1996 1914 nomen
2027 1876 2199 1914 inditum.

1160 1931 1394 1978 Xenagoram
1416 1941 1494 1965 xxv.
1522 1928 1771 1976 Metamorph.
1792 1927 1948 1964 Ovidius
1969 1927 2107 1964 secutus
2129 1928 2200 1970 est,

1161 1980 1355 2018 manifesto
1379 1977 1727 2016 HermolaiBarbari
1740 1989 1883 2021 errore,
1910 1978 1971 2027 qui
1985 1985 2085 2025 putat
2100 1977 2197 2014 Ovi-

1162 2031 1212 2068 dii
1244 2041 1390 2068 carmen
1418 2029 1462 2066 ad
1484 2028 1735 2065 Doliariorum
1756 2027 1892 2075 figlinas
1908 2056 1916 2071 ‚
1946 2028 2042 2064 unde
2065 2027 2200 2065 Plinius

1163 2080 1302 2118 Insulae
1324 2078 1544 2117 vocabulum
1556 2079 1662 2115 trahit
1677 2106 1686 2121 ‚
1715 2079 1823 2115 etiam
1839 2079 1960 2115 referri
1975 2076 2085 2125 posse.
2114 2078 2201 2125 Ejus

1163 2131 1273 2168 verba
1296 2141 1340 2166 ex
1352 2142 1414 2167 111.
1443 2129 1728 2177 Castigationum
1742 2128 1800 2165 lib.
1817 2127 1959 2176 subjeci.
1991 2127 2119 2170 Didia,
2147 2128 2205 2164 in-

1163 2182 1266 2229 quit,
1303 2180 1462 2217 Inarime
1486 2180 1529 2216 ab
1552 2179 1683 2216 Arimis
1707 2178 1868 2225 populis,
1898 2178 1970 2214 sive
1989 2177 2123 2214 belluis.
2152 2178 2203 2214 ita

1164 2231 1402 2270 Etruscorum
1433 2231 1554 2278 lingua
1583 2229 1726 2266 dicente
1762 2228 1877 2264 simias
1899 2255 1908 2269 ‚
1954 2239 2042 2275 quas
2074 2227 2206 2264 Graeci

1164 2283 1329 2331 pithecos
1351 2290 1498 2318 vocant.
1544 2279 1654 2316 Unde
1675 2289 1814 2315 nomen
1837 2278 1954 2315 insulis
1973 2277 2205 2320 Pithecusae,

1170 2340 1209 2370 ut
1231 2332 1396 2369 Straboni
1420 2332 1536 2379 placet
1572 2331 1608 2367 ὅ(
1635 2327 1712 2366 fere
1743 2327 1885 2365 Ovidio
1902 2356 1911 2371 ‚
1950 2326 2128 2376 sterilique
2157 2327 2205 2362 lo—

1171 2391 1266 2419 catas
1294 2381 1389 2418 Colle
1411 2381 1605 2427 Pithecusas
1625 2408 1635 2424 ‚
1673 2379 1898 2415 habitantem
1921 2379 2055 2413 nomine
2083 2377 2207 2414 dictas.

1171 2433 1305 2470 Plinius
1332 2430 1352 2468 a
1382 2431 1510 2480 figlinis
1533 2430 1781 2468 doliariorum.
1836 2428 1993 2464 Proinde
2017 2439 2076 2474 per
2096 2427 2107 2463 i
2127 2439 2205 2464 non

1171 2493 1234 2530 per
1255 2495 1274 2529 3‘
1297 2482 1535 2519 scribendum.
1576 2480 1687 2517 Dolia
1709 2480 1806 2516 enirn
1832 2478 1963 2514 Graeci
1986 2477 2126 2521 Pithos,
2155 2477 2210 2514 Si-

1173 2533 1262 2569 mias
1291 2531 1444 2568 Pithecos
1471 2539 1616 2568 vocant.
1668 2529 1788 2567 Potest
1808 2529 1844 2566 &
1869 2527 2096 2565 Ovidianum
2120 2527 2210 2564 illud

1149 2626 1151 2628 ,
1174 2593 1258 2619 cum
1279 2581 1387 2618 Plinii
1408 2581 1582 2619 sententia
1597 2590 1819 2628 congruere,
1847 2587 1884 2615 nt
1898 2578 2125 2614 habitantum
2137 2579 2211 2614 hoc

1175 2632 1223 2669 est
1254 2630 1490 2669 doliariorurn
1520 2630 1715 2668 subaudias,
1772 2631 1845 2667 Hic
1868 2629 1995 2678 aliquis
2018 2627 2212 2665 Hermolai

1175 2682 1400 2730 diligentiam
1419 2693 1495 2718 non
1517 2682 1645 2730 injuria
1664 2680 1939 2721 desideraverit,
1960 2679 2022 2726 qui
2040 2690 2115 2715 non
2130 2690 2216 2714 orn-

1175 2744 1239 2769 nes
1260 2732 1388 2769 Ovidii
1417 2731 1557 2775 versuS,
1591 2732 1720 2780 quibus
1750 2731 1807 2768 ille
1832 2729 2029 2767 fabulosam
2050 2729 2213 2766 nominis

1175 2783 1357 2820 rationem
1377 2782 1590 2829 complexus
1610 2782 1656 2818 est
1672 2808 1682 2823 ,
1710 2778 1894 2829 perlegisse
1908 2779 2071 2816 videatur
2085 2806 2095 2822 ‚
2127 2778 2211 2816 cum

1175 2833 1334 2870 Plinium
1355 2844 1433 2869 non
1452 2831 1572 2869 credat
1592 2831 1635 2868 ab
1656 2830 1798 2868 Ovidio
1819 2828 2010 2867 diss'entire.
2059 2829 2214 2866 Nasonis

1181 2884 1339 2920 carmina
1353 2909 1363 2925 ‚
1391 2894 1438 2919 ne
1458 2883 1536 2930 quis
1558 2881 1715 2929 ambigat
1729 2908 1737 2924 ,
1765 2882 1856 2918 haec
1876 2880 1978 2916 sunt:

1233 2933 1410 2969 Inarimen
1432 2932 1686 2982 Prochytenque
1705 2931 1805 2980 legit,
1826 2928 2215 2978 ste2·iliquelocatasc9⁴c.

1181 2983 1372 3021 Diotimus
1399 2984 1436 3020 in
1466 2982 1633 3019 Herculis
1661 2981 1936 3019 certaminibus,
1974 2989 2020 3013 ex
2041 2977 2217 3020 Oet-alia,

1181 3046 1274 3083 quae
1297 3033 1461 3071 littoralis
1484 3033 1655 3070 Euboeae
1676 3032 1798 3068 civitas
1821 3029 1867 3066 est
1882 3057 1890 3071 ,
1920 3026 2033 3063 Olurn
2048 3027 2084 3062 ἃ
2098 3026 2217 3074 Eury-

1182 3086 1307 3122 batum
1332 3084 1535 3131 Cercopas,
1565 3082 1776 3130 impostores
1803 3091 1844 3116 ac
1872 3079 1994 3126 planos
2025 3073 2125 3112 fuisse
2147 3084 2219 3113 tra-

1182 3136 1258 3178 dit,
1291 3135 1354 3183 qui
1379 3142 1447 3181 'per
1476 3133 1653 3169 Boeotiae
1683 3132 1786 3168 trivia
1814 3124 1999 3182 summisso
2025 3125 2216 3173 supercilio

1185 3185 1439 3222 concursarent
1459 3210 1469 3226 ,
1516 3182 1760 3228 mortalesque
1781 3179 1881 3216 ⁴dolis
1903 3183 2112 3224 extiperent
2133 3203 2142 3220 ‚
2179 3184 2221 3214 ut

1183 3234 1351 3271 Muscam
1376 3232 1581 3269 Mediolani
1608 3231 1774 3267 videmus
1795 3228 1990 3275 Appulam.
2047 3225 2137 3262 Inde
2152 3238 2224 3263 no-

1185 3296 1273 3323 men
1301 3284 1340 3321 in
1367 3283 1564 3320 alienarum
1595 3292 1715 3317 rerum
1746 3280 1823 3329 plus
1848 3277 1967 3316 nimio
2000 3274 2223 3325 satagentem

1411 3331 1649 3370 Ccccccz
2118 3334 2231 3364 trans-
