<?xml version="1.0" encoding="UTF-8"?>
<!DOCTYPE html PUBLIC "-//W3C//DTD XHTML 1.0 Transitional//EN"
    "http://www.w3.org/TR/xhtml1/DTD/xhtml1-transitional.dtd">
<html xmlns="http://www.w3.org/1999/xhtml" xml:lang="en" lang="en">
 <head>
  <title>
</title>
<meta http-equiv="Content-Type" content="text/html;charset=utf-8" />
  <meta name='ocr-system' content='tesseract 3.04.00' />
  <meta name='ocr-capabilities' content='ocr_page ocr_carea ocr_par ocr_line ocrx_word'/>
</head>
<body>
  <div class='ocr_page' id='page_1' title='image "./publiiovidiinaso02ovid_0320.png"; bbox 0 0 2483 3616; ppageno 0'>
   <div class='ocr_carea' id='block_1_1' title="bbox 776 172 1338 234">
    <p class='ocr_par' dir='ltr' id='par_1_1' title="bbox 776 172 1338 234">
     <span class='ocr_line' id='line_1_1' title="bbox 776 172 1338 234; baseline -0.005 -2"><span class='ocrx_word' id='word_1_1' title='bbox 776 175 848 233; x_wconf 86' lang='grc' dir='ltr'>Ῥ.</span> <span class='ocrx_word' id='word_1_2' title='bbox 921 172 1338 234; x_wconf 77' lang='lat' dir='ltr'><strong>OVI‘DII</strong></span> 
     </span>
    </p>
   </div>
   <div class='ocr_carea' id='block_1_2' title="bbox 272 197 382 245">
    <p class='ocr_par' dir='ltr' id='par_1_2' title="bbox 272 197 382 245">
     <span class='ocr_line' id='line_1_2' title="bbox 272 197 382 245; baseline 0.064 -32"><span class='ocrx_word' id='word_1_3' title='bbox 272 200 307 245; x_wconf 52' lang='grc' dir='ltr'>,ὃ</span> <span class='ocrx_word' id='word_1_4' title='bbox 322 197 382 232; x_wconf 67' lang='lat'>10</span> 
     </span>
    </p>
   </div>
   <div class='ocr_carea' id='block_1_3' title="bbox 1406 172 1940 235">
    <p class='ocr_par' dir='ltr' id='par_1_3' title="bbox 1406 172 1940 235">
     <span class='ocr_line' id='line_1_3' title="bbox 1406 172 1940 235; baseline 0.006 -3"><span class='ocrx_word' id='word_1_5' title='bbox 1406 172 1940 235; x_wconf 79' lang='lat' dir='ltr'>NAS&#39;O&#39;N&#39;IS</span> 
     </span>
    </p>
   </div>
   <div class='ocr_carea' id='block_1_4' title="bbox 416 278 2167 862">
    <p class='ocr_par' dir='ltr' id='par_1_4' title="bbox 568 278 2167 354">
     <span class='ocr_line' id='line_1_4' title="bbox 568 278 2167 354; baseline 0 -17"><span class='ocrx_word' id='word_1_6' title='bbox 568 280 802 351; x_wconf 81' lang='lat' dir='ltr'>[Narrat</span> <span class='ocrx_word' id='word_1_7' title='bbox 827 280 1134 354; x_wconf 76' lang='lat' dir='ltr'>Lyncide3‚</span> <span class='ocrx_word' id='word_1_8' title='bbox 1170 294 1490 351; x_wconf 87' lang='lat' dir='ltr'>moresque,</span> <span class='ocrx_word' id='word_1_9' title='bbox 1525 278 1844 354; x_wconf 89' lang='lat' dir='ltr'>habitusque</span> <span class='ocrx_word' id='word_1_10' title='bbox 1871 281 2167 353; x_wconf 75' lang='lat' dir='ltr'>virorum]</span> 
     </span>
    </p>

    <p class='ocr_par' dir='ltr' id='par_1_5' title="bbox 571 349 2018 429">
     <span class='ocr_line' id='line_1_5' title="bbox 571 349 2018 429; baseline -0.001 -19"><span class='ocrx_word' id='word_1_11' title='bbox 571 355 728 429; x_wconf 83' lang='lat' dir='ltr'><strong>Quae</strong></span> <span class='ocrx_word' id='word_1_12' title='bbox 753 353 906 409; x_wconf 88' lang='lat' dir='ltr'>fimul</span> <span class='ocrx_word' id='word_1_13' title='bbox 929 352 1178 416; x_wconf 86' lang='lat' dir='ltr'><strong>edocuit,</strong></span> <span class='ocrx_word' id='word_1_14' title='bbox 1216 351 1404 413; x_wconf 89' lang='lat' dir='ltr'>Nunc,</span> <span class='ocrx_word' id='word_1_15' title='bbox 1443 352 1478 404; x_wconf 83' lang='grc' dir='ltr'>ὁ</span> <span class='ocrx_word' id='word_1_16' title='bbox 1503 349 1814 418; x_wconf 73' lang='lat' dir='ltr'>fortissime,</span> <span class='ocrx_word' id='word_1_17' title='bbox 1850 354 2018 419; x_wconf 79' lang='lat' dir='ltr'>dixit,</span> 
     </span>
    </p>

    <p class='ocr_par' dir='ltr' id='par_1_6' title="bbox 416 423 2050 570">
     <span class='ocr_line' id='line_1_6' title="bbox 569 423 2050 505; baseline 0.001 -22"><span class='ocrx_word' id='word_1_18' title='bbox 569 427 710 483; x_wconf 86' lang='lat' dir='ltr'>Fare</span> <span class='ocrx_word' id='word_1_19' title='bbox 733 444 957 499; x_wconf 86' lang='lat' dir='ltr'><strong>precor,</strong></span> <span class='ocrx_word' id='word_1_20' title='bbox 995 425 1221 488; x_wconf 83' lang='lat' dir='ltr'>Persen,</span> <span class='ocrx_word' id='word_1_21' title='bbox 1257 424 1455 498; x_wconf 62' lang='lat' dir='ltr'>quantu</span> <span class='ocrx_word' id='word_1_22' title='bbox 1478 423 1708 505; x_wconf 79' lang='lat' dir='ltr'>virtute,</span> <span class='ocrx_word' id='word_1_23' title='bbox 1746 427 2050 501; x_wconf 84' lang='lat' dir='ltr'>quibusque</span> 
     </span>
     <span class='ocr_line' id='line_1_7' title="bbox 416 495 1779 570; baseline 0 -17"><span class='ocrx_word' id='word_1_24' title='bbox 416 516 531 570; x_wconf 58' lang='lat'><em>¹770</em></span> <span class='ocrx_word' id='word_1_25' title='bbox 571 500 794 556; x_wconf 87' lang='lat' dir='ltr'>Artibus</span> <span class='ocrx_word' id='word_1_26' title='bbox 820 498 1090 554; x_wconf 88' lang='lat' dir='ltr'>abstuleris</span> <span class='ocrx_word' id='word_1_27' title='bbox 1113 497 1304 553; x_wconf 82' lang='lat' dir='ltr'>crinita</span> <span class='ocrx_word' id='word_1_28' title='bbox 1326 495 1648 550; x_wconf 85' lang='lat' dir='ltr'>dracombus</span> <span class='ocrx_word' id='word_1_29' title='bbox 1670 515 1779 553; x_wconf 89' lang='lat' dir='ltr'>ora.</span> 
     </span>
    </p>

    <p class='ocr_par' dir='ltr' id='par_1_7' title="bbox 572 567 2030 645">
     <span class='ocr_line' id='line_1_8' title="bbox 572 567 2030 645; baseline 0.001 -15"><span class='ocrx_word' id='word_1_30' title='bbox 572 575 765 630; x_wconf 82' lang='lat' dir='ltr'>Narrat</span> <span class='ocrx_word' id='word_1_31' title='bbox 788 571 1131 645; x_wconf 79' lang='lat' dir='ltr'><strong>Agenorides</strong></span> <span class='ocrx_word' id='word_1_32' title='bbox 1146 611 1161 635; x_wconf 94' lang='lat'>,</span> <span class='ocrx_word' id='word_1_33' title='bbox 1197 568 1378 641; x_wconf 85' lang='lat' dir='ltr'>gelido</span> <span class='ocrx_word' id='word_1_34' title='bbox 1401 567 1495 621; x_wconf 88' lang='lat' dir='ltr'>sub</span> <span class='ocrx_word' id='word_1_35' title='bbox 1522 570 1741 624; x_wconf 88' lang='lat' dir='ltr'>Atlante</span> <span class='ocrx_word' id='word_1_36' title='bbox 1760 571 2030 640; x_wconf 86' lang='lat' dir='ltr'>jacentem</span> 
     </span>
    </p>

    <p class='ocr_par' dir='ltr' id='par_1_8' title="bbox 568 640 1893 708">
     <span class='ocr_line' id='line_1_9' title="bbox 568 640 1893 708; baseline -0.002 -6"><span class='ocrx_word' id='word_1_37' title='bbox 568 645 692 702; x_wconf 76' lang='lat' dir='ltr'>Effe</span> <span class='ocrx_word' id='word_1_38' title='bbox 718 648 927 708; x_wconf 90' lang='lat' dir='ltr'>locum,</span> <span class='ocrx_word' id='word_1_39' title='bbox 966 642 1162 699; x_wconf 89' lang='lat' dir='ltr'>solidae</span> <span class='ocrx_word' id='word_1_40' title='bbox 1186 655 1365 696; x_wconf 91' lang='lat' dir='ltr'>tutum</span> <span class='ocrx_word' id='word_1_41' title='bbox 1389 640 1687 695; x_wconf 84' lang='lat' dir='ltr'>munimine</span> <span class='ocrx_word' id='word_1_42' title='bbox 1711 645 1893 699; x_wconf 83' lang='lat' dir='ltr'>molis:</span> 
     </span>
    </p>

    <p class='ocr_par' dir='ltr' id='par_1_9' title="bbox 572 712 1855 790">
     <span class='ocr_line' id='line_1_10' title="bbox 572 712 1855 790; baseline -0.002 -17"><span class='ocrx_word' id='word_1_43' title='bbox 572 719 740 790; x_wconf 89' lang='lat' dir='ltr'>Cujus</span> <span class='ocrx_word' id='word_1_44' title='bbox 767 719 823 772; x_wconf 91' lang='lat' dir='ltr'>in</span> <span class='ocrx_word' id='word_1_45' title='bbox 846 718 1079 772; x_wconf 79' lang='lat' dir='ltr'>intro&#39;r&#39;tu</span> <span class='ocrx_word' id='word_1_46' title='bbox 1106 716 1342 787; x_wconf 86' lang='lat' dir='ltr'>geminas</span> <span class='ocrx_word' id='word_1_47' title='bbox 1366 712 1617 768; x_wconf 72' lang='lat' dir='ltr'>habitasse</span> <span class='ocrx_word' id='word_1_48' title='bbox 1643 714 1855 770; x_wconf 85' lang='lat' dir='ltr'>sorores</span> 
     </span>
    </p>

    <p class='ocr_par' dir='ltr' id='par_1_10' title="bbox 572 786 1785 862">
     <span class='ocr_line' id='line_1_11' title="bbox 572 786 1785 862; baseline -0.003 -16"><span class='ocrx_word' id='word_1_49' title='bbox 572 791 911 862; x_wconf 60' lang='lat' dir='ltr'>Phor-Cydam,</span> <span class='ocrx_word' id='word_1_50' title='bbox 948 789 1101 844; x_wconf 89' lang='lat' dir='ltr'>unius</span> <span class='ocrx_word' id='word_1_51' title='bbox 1126 788 1340 860; x_wconf 86' lang='lat' dir='ltr'>partitas</span> <span class='ocrx_word' id='word_1_52' title='bbox 1362 786 1574 840; x_wconf 89' lang='lat' dir='ltr'>luminis</span> <span class='ocrx_word' id='word_1_53' title='bbox 1600 787 1785 842; x_wconf 79' lang='lat' dir='ltr'>usum:</span> 
     </span>
    </p>
   </div>
   <div class='ocr_carea' id='block_1_5' title="bbox 275 885 291 931">
    <p class='ocr_par' dir='ltr' id='par_1_11' title="bbox 275 885 291 931">
     <span class='ocr_line' id='line_1_12' title="bbox 275 885 291 931; baseline 0 0"><span class='ocrx_word' id='word_1_54' title='bbox 275 885 291 931; x_wconf 72' lang='lat' dir='ltr'>&#39;‘&#39;s</span> 
     </span>
    </p>
   </div>
   <div class='ocr_carea' id='block_1_6' title="bbox 267 1127 1329 3365">
    <p class='ocr_par' dir='ltr' id='par_1_12' title="bbox 276 1127 1329 1483">
     <span class='ocr_line' id='line_1_13' title="bbox 282 1127 1329 1179; baseline -0.002 -14"><span class='ocrx_word' id='word_1_55' title='bbox 282 1128 331 1165; x_wconf 67' lang='lat' dir='ltr'>‘ris</span> <span class='ocrx_word' id='word_1_56' title='bbox 345 1127 540 1179; x_wconf 76' lang='lat' dir='ltr'>pofitionem</span> <span class='ocrx_word' id='word_1_57' title='bbox 573 1127 632 1165; x_wconf 77' lang='lat' dir='ltr'>vel</span> <span class='ocrx_word' id='word_1_58' title='bbox 662 1127 873 1179; x_wconf 83' lang='lat' dir='ltr'>qualitatem</span> <span class='ocrx_word' id='word_1_59' title='bbox 903 1127 1030 1177; x_wconf 83' lang='lat' dir='ltr'>Papias</span> <span class='ocrx_word' id='word_1_60' title='bbox 1060 1127 1329 1176; x_wconf 78' lang='lat' dir='ltr'>interpretatur.</span> 
     </span>
     <span class='ocr_line' id='line_1_14' title="bbox 279 1177 1329 1228; baseline -0.002 -12"><span class='ocrx_word' id='word_1_61' title='bbox 279 1180 377 1228; x_wconf 83' lang='lat' dir='ltr'>apud</span> <span class='ocrx_word' id='word_1_62' title='bbox 398 1180 648 1218; x_wconf 78' lang='lat' dir='ltr'>Columellam</span> <span class='ocrx_word' id='word_1_63' title='bbox 670 1180 762 1217; x_wconf 87' lang='lat' dir='ltr'>libro</span> <span class='ocrx_word' id='word_1_64' title='bbox 784 1192 849 1216; x_wconf 66' lang='grc' dir='ltr'>ΠΙ.</span> <span class='ocrx_word' id='word_1_65' title='bbox 871 1179 989 1227; x_wconf 84' lang='lat' dir='ltr'>capite</span> <span class='ocrx_word' id='word_1_66' title='bbox 1011 1178 1134 1227; x_wconf 90' lang='lat' dir='ltr'>primo</span> <span class='ocrx_word' id='word_1_67' title='bbox 1165 1180 1203 1215; x_wconf 59' lang='grc' dir='ltr'>ἃ</span> <span class='ocrx_word' id='word_1_68' title='bbox 1228 1177 1329 1215; x_wconf 89' lang='lat' dir='ltr'>deci-</span> 
     </span>
     <span class='ocr_line' id='line_1_15' title="bbox 280 1228 1327 1279; baseline -0.005 -11"><span class='ocrx_word' id='word_1_69' title='bbox 280 1241 347 1268; x_wconf 85' lang='lat' dir='ltr'>mo</span> <span class='ocrx_word' id='word_1_70' title='bbox 371 1231 533 1268; x_wconf 81' lang='lat' dir='ltr'>habitum</span> <span class='ocrx_word' id='word_1_71' title='bbox 558 1232 645 1268; x_wconf 79' lang='lat' dir='ltr'>vitis</span> <span class='ocrx_word' id='word_1_72' title='bbox 673 1230 795 1268; x_wconf 81' lang='lat' dir='ltr'>habes.</span> <span class='ocrx_word' id='word_1_73' title='bbox 855 1230 1033 1279; x_wconf 80' lang='lat' dir='ltr'>Ingenium</span> <span class='ocrx_word' id='word_1_74' title='bbox 1081 1229 1149 1277; x_wconf 78' lang='lat' dir='ltr'>fhli</span> <span class='ocrx_word' id='word_1_75' title='bbox 1170 1241 1213 1268; x_wconf 65' lang='grc' dir='ltr'>ω’</span> <span class='ocrx_word' id='word_1_76' title='bbox 1244 1228 1327 1264; x_wconf 83' lang='lat' dir='ltr'>loco-</span> 
     </span>
     <span class='ocr_line' id='line_1_16' title="bbox 279 1278 1327 1329; baseline -0.003 -11"><span class='ocrx_word' id='word_1_77' title='bbox 279 1295 362 1322; x_wconf 74' lang='lat' dir='ltr'>rum</span> <span class='ocrx_word' id='word_1_78' title='bbox 395 1295 473 1320; x_wconf 74' lang='lat' dir='ltr'>non</span> <span class='ocrx_word' id='word_1_79' title='bbox 497 1281 655 1319; x_wconf 85' lang='lat' dir='ltr'>dissimili</span> <span class='ocrx_word' id='word_1_80' title='bbox 674 1281 873 1319; x_wconf 87' lang='lat' dir='ltr'>locutionis</span> <span class='ocrx_word' id='word_1_81' title='bbox 896 1280 1014 1318; x_wconf 88' lang='lat' dir='ltr'>modo</span> <span class='ocrx_word' id='word_1_82' title='bbox 1038 1279 1136 1328; x_wconf 87' lang='lat' dir='ltr'>apud</span> <span class='ocrx_word' id='word_1_83' title='bbox 1164 1278 1327 1329; x_wconf 86' lang='lat' dir='ltr'>optimos</span> 
     </span>
     <span class='ocr_line' id='line_1_17' title="bbox 279 1330 1328 1380; baseline -0.003 -11"><span class='ocrx_word' id='word_1_84' title='bbox 279 1331 405 1370; x_wconf 85' lang='lat' dir='ltr'>Latini</span> <span class='ocrx_word' id='word_1_85' title='bbox 426 1333 604 1370; x_wconf 89' lang='lat' dir='ltr'>sermonis</span> <span class='ocrx_word' id='word_1_86' title='bbox 626 1332 794 1371; x_wconf 65' lang='lat' dir='ltr'>aueores</span> <span class='ocrx_word' id='word_1_87' title='bbox 816 1333 1028 1380; x_wconf 84' lang='lat' dir='ltr'>frequenter</span> <span class='ocrx_word' id='word_1_88' title='bbox 1048 1331 1219 1368; x_wconf 87' lang='lat' dir='ltr'>occurrit.</span> <span class='ocrx_word' id='word_1_89' title='bbox 1240 1330 1328 1367; x_wconf 85' lang='lat' dir='ltr'>hinc</span> 
     </span>
     <span class='ocr_line' id='line_1_18' title="bbox 277 1380 1327 1431; baseline -0.001 -12"><span class='ocrx_word' id='word_1_90' title='bbox 277 1383 502 1431; x_wconf 83' lang='lat' dir='ltr'>castigandus</span> <span class='ocrx_word' id='word_1_91' title='bbox 526 1384 738 1421; x_wconf 89' lang='lat' dir='ltr'>Guntherus</span> <span class='ocrx_word' id='word_1_92' title='bbox 762 1382 928 1431; x_wconf 87' lang='lat' dir='ltr'>Ligurini</span> <span class='ocrx_word' id='word_1_93' title='bbox 955 1381 1047 1419; x_wconf 84' lang='lat' dir='ltr'>libro</span> <span class='ocrx_word' id='word_1_94' title='bbox 1066 1394 1120 1420; x_wconf 85' lang='lat'>11.</span> <span class='ocrx_word' id='word_1_95' title='bbox 1143 1380 1204 1418; x_wconf 93' lang='lat' dir='ltr'>ubi</span> <span class='ocrx_word' id='word_1_96' title='bbox 1216 1381 1327 1418; x_wconf 84' lang='lat' dir='ltr'>cultus</span> 
     </span>
     <span class='ocr_line' id='line_1_19' title="bbox 276 1432 1002 1483; baseline 0.001 -14"><span class='ocrx_word' id='word_1_97' title='bbox 276 1432 426 1474; x_wconf 83' lang='lat' dir='ltr'>locorum</span> <span class='ocrx_word' id='word_1_98' title='bbox 449 1447 492 1475; x_wconf 61' lang='grc' dir='ltr'>ω’</span> <span class='ocrx_word' id='word_1_99' title='bbox 513 1435 689 1483; x_wconf 79' lang='lat' dir='ltr'>ingenium</span> <span class='ocrx_word' id='word_1_100' title='bbox 716 1434 777 1481; x_wconf 63' lang='lat' dir='ltr'>soli</span> <span class='ocrx_word' id='word_1_101' title='bbox 797 1433 1002 1482; x_wconf 82' lang='lat' dir='ltr'>conjunxit.</span> 
     </span>
    </p>

    <p class='ocr_par' dir='ltr' id='par_1_13' title="bbox 327 1483 1273 1534">
     <span class='ocr_line' id='line_1_20' title="bbox 327 1483 1273 1534; baseline -0.001 -12"><span class='ocrx_word' id='word_1_102' title='bbox 327 1490 418 1534; x_wconf 77' lang='lat' dir='ltr'>Ergo</span> <span class='ocrx_word' id='word_1_103' title='bbox 439 1486 513 1523; x_wconf 80' lang='lat' dir='ltr'>viri</span> <span class='ocrx_word' id='word_1_104' title='bbox 535 1500 642 1523; x_wconf 86' lang='lat' dir='ltr'>mores</span> <span class='ocrx_word' id='word_1_105' title='bbox 664 1485 844 1522; x_wconf 85' lang='lat' dir='ltr'>hominum</span> <span class='ocrx_word' id='word_1_106' title='bbox 861 1513 871 1529; x_wconf 94' lang='lat'>,</span> <span class='ocrx_word' id='word_1_107' title='bbox 900 1483 1076 1534; x_wconf 72' lang='lat' dir='ltr'>cultusque</span> <span class='ocrx_word' id='word_1_108' title='bbox 1098 1483 1248 1521; x_wconf 80' lang='lat' dir='ltr'>locorum</span> <span class='ocrx_word' id='word_1_109' title='bbox 1262 1511 1273 1529; x_wconf 90' lang='lat'>‚</span> 
     </span>
    </p>

    <p class='ocr_par' dir='ltr' id='par_1_14' title="bbox 330 1536 1051 1588">
     <span class='ocr_line' id='line_1_21' title="bbox 330 1536 1051 1588; baseline -0.006 -12"><span class='ocrx_word' id='word_1_110' title='bbox 330 1537 578 1588; x_wconf 74' lang='lat' dir='ltr'>Ingeniumque</span> <span class='ocrx_word' id='word_1_111' title='bbox 591 1536 659 1585; x_wconf 72' lang='lat' dir='ltr'>fili</span> <span class='ocrx_word' id='word_1_112' title='bbox 668 1536 801 1586; x_wconf 83' lang='lat' dir='ltr'>sollerti</span> <span class='ocrx_word' id='word_1_113' title='bbox 814 1537 955 1585; x_wconf 65' lang='lat' dir='ltr'>pec‘i‘oris</span> <span class='ocrx_word' id='word_1_114' title='bbox 975 1536 1051 1581; x_wconf 81' lang='lat' dir='ltr'>astu</span> 
     </span>
    </p>

    <p class='ocr_par' dir='ltr' id='par_1_15' title="bbox 327 1586 1175 1639">
     <span class='ocr_line' id='line_1_22' title="bbox 327 1586 1175 1639; baseline 0 -15"><span class='ocrx_word' id='word_1_115' title='bbox 327 1591 532 1625; x_wconf 57' lang='lat' dir='ltr'>Traciantes</span> <span class='ocrx_word' id='word_1_116' title='bbox 545 1616 555 1632; x_wconf 92' lang='lat'>,</span> <span class='ocrx_word' id='word_1_117' title='bbox 571 1590 767 1639; x_wconf 77' lang='lat' dir='ltr'>semperque</span> <span class='ocrx_word' id='word_1_118' title='bbox 788 1587 882 1623; x_wconf 83' lang='lat' dir='ltr'>viros</span> <span class='ocrx_word' id='word_1_119' title='bbox 894 1586 1048 1635; x_wconf 76' lang='lat' dir='ltr'>ingentia</span> <span class='ocrx_word' id='word_1_120' title='bbox 1062 1587 1175 1633; x_wconf 77' lang='lat' dir='ltr'>jbrtes</span> 
     </span>
    </p>

    <p class='ocr_par' dir='ltr' id='par_1_16' title="bbox 329 1636 1103 1689">
     <span class='ocr_line' id='line_1_23' title="bbox 329 1636 1103 1689; baseline -0.003 -13"><span class='ocrx_word' id='word_1_121' title='bbox 329 1640 433 1688; x_wconf 86' lang='lat' dir='ltr'>Ausa</span> <span class='ocrx_word' id='word_1_122' title='bbox 459 1640 570 1676; x_wconf 83' lang='lat' dir='ltr'>decere</span> <span class='ocrx_word' id='word_1_123' title='bbox 592 1640 687 1682; x_wconf 84' lang='lat' dir='ltr'>rati,</span> <span class='ocrx_word' id='word_1_124' title='bbox 706 1639 867 1689; x_wconf 75' lang='lat' dir='ltr'>potiundi</span> <span class='ocrx_word' id='word_1_125' title='bbox 879 1637 1012 1687; x_wconf 84' lang='lat' dir='ltr'>finibus</span> <span class='ocrx_word' id='word_1_126' title='bbox 1033 1636 1103 1674; x_wconf 84' lang='lat' dir='ltr'>illis</span> 
     </span>
    </p>

    <p class='ocr_par' dir='ltr' id='par_1_17' title="bbox 329 1691 739 1740">
     <span class='ocr_line' id='line_1_24' title="bbox 329 1691 739 1740; baseline 0.002 -14"><span class='ocrx_word' id='word_1_127' title='bbox 329 1695 424 1739; x_wconf 77' lang='lat' dir='ltr'>Spem</span> <span class='ocrx_word' id='word_1_128' title='bbox 447 1692 589 1740; x_wconf 82' lang='lat' dir='ltr'>rapiunt</span> <span class='ocrx_word' id='word_1_129' title='bbox 610 1691 739 1727; x_wconf 86' lang='lat' dir='ltr'>animo.</span> 
     </span>
    </p>

    <p class='ocr_par' dir='ltr' id='par_1_18' title="bbox 271 1739 1327 2186">
     <span class='ocr_line' id='line_1_25' title="bbox 276 1739 1323 1791; baseline 0.002 -14"><span class='ocrx_word' id='word_1_130' title='bbox 276 1741 389 1778; x_wconf 90' lang='lat' dir='ltr'>Nunc</span> <span class='ocrx_word' id='word_1_131' title='bbox 400 1741 449 1778; x_wconf 89' lang='lat' dir='ltr'>ibi</span> <span class='ocrx_word' id='word_1_132' title='bbox 461 1753 652 1790; x_wconf 79' lang='lat' dir='ltr'>perperam</span> <span class='ocrx_word' id='word_1_133' title='bbox 672 1741 942 1785; x_wconf 82' lang='lat' dir='ltr'>circumfertur,</span> <span class='ocrx_word' id='word_1_134' title='bbox 954 1740 990 1777; x_wconf 85' lang='lat' dir='ltr'>in</span> <span class='ocrx_word' id='word_1_135' title='bbox 992 1739 1198 1791; x_wconf 80' lang='lat' dir='ltr'>geniumque</span> <span class='ocrx_word' id='word_1_136' title='bbox 1200 1741 1323 1790; x_wconf 84' lang='lat' dir='ltr'>suum.</span> 
     </span>
     <span class='ocr_line' id='line_1_26' title="bbox 275 1791 1323 1840; baseline 0.001 -12"><span class='ocrx_word' id='word_1_137' title='bbox 275 1791 376 1829; x_wconf 89' lang='lat' dir='ltr'>Vide</span> <span class='ocrx_word' id='word_1_138' title='bbox 404 1792 499 1831; x_wconf 86' lang='lat' dir='ltr'>inter</span> <span class='ocrx_word' id='word_1_139' title='bbox 531 1793 619 1831; x_wconf 84' lang='lat' dir='ltr'>alios</span> <span class='ocrx_word' id='word_1_140' title='bbox 660 1791 706 1830; x_wconf 86' lang='lat' dir='ltr'>de</span> <span class='ocrx_word' id='word_1_141' title='bbox 724 1793 798 1829; x_wconf 87' lang='lat' dir='ltr'>hoc</span> <span class='ocrx_word' id='word_1_142' title='bbox 818 1792 999 1840; x_wconf 84' lang='lat' dir='ltr'>loquendi</span> <span class='ocrx_word' id='word_1_143' title='bbox 1021 1791 1141 1829; x_wconf 89' lang='lat' dir='ltr'>modo</span> <span class='ocrx_word' id='word_1_144' title='bbox 1163 1793 1323 1830; x_wconf 84' lang='lat' dir='ltr'>Plinium</span> 
     </span>
     <span class='ocr_line' id='line_1_27' title="bbox 271 1841 1326 1892; baseline 0.003 -12"><span class='ocrx_word' id='word_1_145' title='bbox 271 1841 366 1881; x_wconf 83' lang='lat' dir='ltr'>libro</span> <span class='ocrx_word' id='word_1_146' title='bbox 387 1855 466 1880; x_wconf 69' lang='lat' dir='ltr'>xus.</span> <span class='ocrx_word' id='word_1_147' title='bbox 489 1855 566 1892; x_wconf 84' lang='lat' dir='ltr'>cap.</span> <span class='ocrx_word' id='word_1_148' title='bbox 585 1855 614 1879; x_wconf 84' lang='lat'>1.</span> <span class='ocrx_word' id='word_1_149' title='bbox 638 1844 676 1880; x_wconf 71' lang='grc' dir='ltr'>ὅ(</span> <span class='ocrx_word' id='word_1_150' title='bbox 698 1843 875 1884; x_wconf 85' lang='lat' dir='ltr'>Nostrum</span> <span class='ocrx_word' id='word_1_151' title='bbox 896 1843 934 1880; x_wconf 90' lang='lat' dir='ltr'>in</span> <span class='ocrx_word' id='word_1_152' title='bbox 967 1843 1140 1880; x_wconf 85' lang='lat' dir='ltr'>Ponticis.</span> <span class='ocrx_word' id='word_1_153' title='bbox 1161 1842 1208 1883; x_wconf 81' lang='lat' dir='ltr'>de</span> <span class='ocrx_word' id='word_1_154' title='bbox 1230 1843 1326 1883; x_wconf 81' lang='lat' dir='ltr'>cultu</span> 
     </span>
     <span class='ocr_line' id='line_1_28' title="bbox 276 1892 1327 1941; baseline 0.002 -11"><span class='ocrx_word' id='word_1_155' title='bbox 276 1892 427 1931; x_wconf 84' lang='lat' dir='ltr'>locorum</span> <span class='ocrx_word' id='word_1_156' title='bbox 458 1893 558 1941; x_wconf 88' lang='lat' dir='ltr'>plura</span> <span class='ocrx_word' id='word_1_157' title='bbox 585 1894 679 1930; x_wconf 91' lang='lat' dir='ltr'>Met.</span> <span class='ocrx_word' id='word_1_158' title='bbox 702 1893 845 1931; x_wconf 75' lang='lat' dir='ltr'>v11.vs.</span> <span class='ocrx_word' id='word_1_159' title='bbox 869 1905 926 1941; x_wconf 82' lang='lat'>5-9.</span> <span class='ocrx_word' id='word_1_160' title='bbox 956 1894 1172 1941; x_wconf 61' lang='lat' dir='ltr'>rhamnus.</span> <span class='ocrx_word' id='word_1_161' title='bbox 1212 1894 1327 1941; x_wconf 26' lang='lat' dir='ltr'>&#39;Prior</span> 
     </span>
     <span class='ocr_line' id='line_1_29' title="bbox 274 1943 1323 1994; baseline 0.001 -12"><span class='ocrx_word' id='word_1_162' title='bbox 274 1944 336 1982; x_wconf 85' lang='lat' dir='ltr'>ille</span> <span class='ocrx_word' id='word_1_163' title='bbox 348 1944 547 1994; x_wconf 77' lang='lat' dir='ltr'>quaesierat</span> <span class='ocrx_word' id='word_1_164' title='bbox 563 1972 573 1987; x_wconf 96' lang='lat'>,</span> <span class='ocrx_word' id='word_1_165' title='bbox 595 1944 770 1994; x_wconf 74' lang='lat' dir='ltr'>cultusque</span> <span class='ocrx_word' id='word_1_166' title='bbox 776 1945 944 1994; x_wconf 80' lang='lat' dir='ltr'>genusque</span> <span class='ocrx_word' id='word_1_167' title='bbox 964 1943 1112 1981; x_wconf 83' lang='lat' dir='ltr'>locorum</span> <span class='ocrx_word' id='word_1_168' title='bbox 1126 1974 1136 1989; x_wconf 94' lang='lat'>‚</span> <span class='ocrx_word' id='word_1_169' title='bbox 1164 1953 1200 1983; x_wconf 82' lang='lat' dir='ltr'>at</span> <span class='ocrx_word' id='word_1_170' title='bbox 1213 1945 1323 1992; x_wconf 85' lang='lat' dir='ltr'>alter,</span> 
     </span>
     <span class='ocr_line' id='line_1_30' title="bbox 277 1995 1326 2045; baseline 0.003 -14"><span class='ocrx_word' id='word_1_171' title='bbox 277 1996 450 2045; x_wconf 84' lang='lat' dir='ltr'>moresque</span> <span class='ocrx_word' id='word_1_172' title='bbox 470 1995 676 2045; x_wconf 80' lang='lat' dir='ltr'>habitusque</span> <span class='ocrx_word' id='word_1_173' title='bbox 686 1997 856 2032; x_wconf 85' lang='lat' dir='ltr'>virorum.</span> <span class='ocrx_word' id='word_1_174' title='bbox 882 1995 1051 2033; x_wconf 80' lang='lat' dir='ltr'>Ridicule</span> <span class='ocrx_word' id='word_1_175' title='bbox 1065 2024 1075 2041; x_wconf 91' lang='lat'>,</span> <span class='ocrx_word' id='word_1_176' title='bbox 1103 1996 1202 2034; x_wconf 86' lang='lat' dir='ltr'>aliud</span> <span class='ocrx_word' id='word_1_177' title='bbox 1224 2005 1326 2045; x_wconf 81' lang='lat' dir='ltr'>pete-</span> 
     </span>
     <span class='ocr_line' id='line_1_31' title="bbox 274 2044 1325 2095; baseline 0.003 -13"><span class='ocrx_word' id='word_1_178' title='bbox 274 2044 359 2083; x_wconf 91' lang='lat' dir='ltr'>bam</span> <span class='ocrx_word' id='word_1_179' title='bbox 376 2074 386 2089; x_wconf 92' lang='lat'>,</span> <span class='ocrx_word' id='word_1_180' title='bbox 406 2045 503 2082; x_wconf 85' lang='lat' dir='ltr'>aliud</span> <span class='ocrx_word' id='word_1_181' title='bbox 523 2046 728 2093; x_wconf 86' lang='lat' dir='ltr'>respondes.</span> <span class='ocrx_word' id='word_1_182' title='bbox 783 2047 911 2095; x_wconf 86' lang='lat' dir='ltr'>Itaque</span> <span class='ocrx_word' id='word_1_183' title='bbox 933 2047 993 2083; x_wconf 88' lang='lat' dir='ltr'>vel</span> <span class='ocrx_word' id='word_1_184' title='bbox 1016 2048 1176 2085; x_wconf 90' lang='lat' dir='ltr'>omnino</span> <span class='ocrx_word' id='word_1_185' title='bbox 1202 2048 1325 2085; x_wconf 84' lang='lat' dir='ltr'>rescri-</span> 
     </span>
     <span class='ocr_line' id='line_1_32' title="bbox 273 2095 1324 2185; baseline 0.001 -49"><span class='ocrx_word' id='word_1_186' title='bbox 273 2095 439 2185; x_wconf 55' lang='lat' dir='ltr'>gendum</span> <span class='ocrx_word' id='word_1_187' title='bbox 461 2096 510 2137; x_wconf 80' lang='lat' dir='ltr'>est</span> <span class='ocrx_word' id='word_1_188' title='bbox 529 2097 567 2136; x_wconf 80' lang='lat' dir='ltr'>in</span> <span class='ocrx_word' id='word_1_189' title='bbox 586 2096 773 2145; x_wconf 87' lang='lat' dir='ltr'>postremo</span> <span class='ocrx_word' id='word_1_190' title='bbox 797 2096 899 2141; x_wconf 78' lang='lat' dir='ltr'>versu</span> <span class='ocrx_word' id='word_1_191' title='bbox 914 2126 925 2143; x_wconf 95' lang='lat'>‚</span> <span class='ocrx_word' id='word_1_192' title='bbox 953 2097 1205 2149; x_wconf 10' lang='lat' dir='ltr'>idquebfigura</span> <span class='ocrx_word' id='word_1_193' title='bbox 1226 2099 1324 2137; x_wconf 74' lang='lat' dir='ltr'>Ovi-</span> 
     </span>
     <span class='ocr_line' id='line_1_33' title="bbox 301 2160 407 2186; baseline 0.009 -1"><span class='ocrx_word' id='word_1_194' title='bbox 301 2160 381 2186; x_wconf 83' lang='lat' dir='ltr'>iana</span> <span class='ocrx_word' id='word_1_195' title='bbox 399 2161 407 2186; x_wconf 93' lang='lat'><strong>:</strong></span> 
     </span>
    </p>

    <p class='ocr_par' dir='ltr' id='par_1_19' title="bbox 273 2201 1326 2607">
     <span class='ocr_line' id='line_1_34' title="bbox 328 2201 1238 2253; baseline 0.005 -17"><span class='ocrx_word' id='word_1_196' title='bbox 328 2206 468 2237; x_wconf 83' lang='lat' dir='ltr'>Narrat</span> <span class='ocrx_word' id='word_1_197' title='bbox 498 2202 661 2251; x_wconf 62' lang='lat' dir='ltr'>Lyncides</span> <span class='ocrx_word' id='word_1_198' title='bbox 682 2202 873 2253; x_wconf 81' lang='lat' dir='ltr'>cultusque</span> <span class='ocrx_word' id='word_1_199' title='bbox 879 2202 1052 2252; x_wconf 73' lang='lat' dir='ltr'>genusque</span> <span class='ocrx_word' id='word_1_200' title='bbox 1076 2201 1238 2241; x_wconf 79' lang='lat' dir='ltr'>locorum.</span> 
     </span>
     <span class='ocr_line' id='line_1_35' title="bbox 275 2250 1326 2304; baseline 0.006 -18"><span class='ocrx_word' id='word_1_201' title='bbox 275 2250 355 2294; x_wconf 75' lang='lat' dir='ltr'>Aut</span> <span class='ocrx_word' id='word_1_202' title='bbox 377 2260 474 2289; x_wconf 89' lang='lat' dir='ltr'>certe</span> <span class='ocrx_word' id='word_1_203' title='bbox 491 2281 501 2296; x_wconf 93' lang='lat'>‚</span> <span class='ocrx_word' id='word_1_204' title='bbox 532 2267 727 2303; x_wconf 71' lang='lat' dir='ltr'>moremque</span> <span class='ocrx_word' id='word_1_205' title='bbox 747 2254 976 2304; x_wconf 80' lang='lat' dir='ltr'>habitumque</span> <span class='ocrx_word' id='word_1_206' title='bbox 997 2253 1145 2292; x_wconf 86' lang='lat' dir='ltr'>locorum</span> <span class='ocrx_word' id='word_1_207' title='bbox 1160 2282 1169 2297; x_wconf 94' lang='lat'>‚</span> <span class='ocrx_word' id='word_1_208' title='bbox 1191 2262 1232 2291; x_wconf 84' lang='lat' dir='ltr'>ut</span> <span class='ocrx_word' id='word_1_209' title='bbox 1243 2254 1326 2292; x_wconf 79' lang='lat' dir='ltr'>caeli</span> 
     </span>
     <span class='ocr_line' id='line_1_36' title="bbox 276 2303 1324 2353; baseline 0.005 -15"><span class='ocrx_word' id='word_1_210' title='bbox 276 2314 404 2339; x_wconf 80' lang='lat' dir='ltr'>morem</span> <span class='ocrx_word' id='word_1_211' title='bbox 421 2330 430 2346; x_wconf 90' lang='lat'><em>‚</em></span> <span class='ocrx_word' id='word_1_212' title='bbox 459 2304 531 2341; x_wconf 85' lang='lat' dir='ltr'>&amp;c.</span> <span class='ocrx_word' id='word_1_213' title='bbox 555 2303 616 2341; x_wconf 81' lang='lat' dir='ltr'>sed</span> <span class='ocrx_word' id='word_1_214' title='bbox 627 2312 719 2341; x_wconf 89' lang='lat' dir='ltr'>nota</span> <span class='ocrx_word' id='word_1_215' title='bbox 738 2304 842 2349; x_wconf 86' lang='lat' dir='ltr'>sunt,</span> <span class='ocrx_word' id='word_1_216' title='bbox 865 2305 903 2342; x_wconf 67' lang='grc' dir='ltr'>ὃς</span> <span class='ocrx_word' id='word_1_217' title='bbox 925 2303 1008 2341; x_wconf 88' lang='lat' dir='ltr'>alibi</span> <span class='ocrx_word' id='word_1_218' title='bbox 1030 2304 1164 2353; x_wconf 89' lang='lat' dir='ltr'>aliquid</span> <span class='ocrx_word' id='word_1_219' title='bbox 1183 2305 1220 2342; x_wconf 86' lang='lat' dir='ltr'>in</span> <span class='ocrx_word' id='word_1_220' title='bbox 1240 2317 1324 2343; x_wconf 87' lang='lat' dir='ltr'>eam</span> 
     </span>
     <span class='ocr_line' id='line_1_37' title="bbox 275 2355 1324 2403; baseline 0.005 -15"><span class='ocrx_word' id='word_1_221' title='bbox 275 2362 354 2389; x_wconf 86' lang='lat' dir='ltr'>rem</span> <span class='ocrx_word' id='word_1_222' title='bbox 377 2361 506 2391; x_wconf 87' lang='lat' dir='ltr'>notare</span> <span class='ocrx_word' id='word_1_223' title='bbox 537 2355 703 2392; x_wconf 76' lang='lat' dir='ltr'>memini.</span> <span class='ocrx_word' id='word_1_224' title='bbox 757 2356 896 2393; x_wconf 89' lang='lat' dir='ltr'>Utrum</span> <span class='ocrx_word' id='word_1_225' title='bbox 922 2362 1046 2392; x_wconf 87' lang='lat' dir='ltr'>autem</span> <span class='ocrx_word' id='word_1_226' title='bbox 1071 2355 1193 2392; x_wconf 87' lang='lat' dir='ltr'>dicere</span> <span class='ocrx_word' id='word_1_227' title='bbox 1214 2356 1324 2403; x_wconf 80' lang='lat' dir='ltr'>possi-</span> 
     </span>
     <span class='ocr_line' id='line_1_38' title="bbox 273 2404 1325 2455; baseline 0.006 -17"><span class='ocrx_word' id='word_1_228' title='bbox 273 2413 357 2440; x_wconf 84' lang='lat' dir='ltr'>mus</span> <span class='ocrx_word' id='word_1_229' title='bbox 370 2432 379 2447; x_wconf 94' lang='lat'>,</span> <span class='ocrx_word' id='word_1_230' title='bbox 394 2404 507 2441; x_wconf 84' lang='lat' dir='ltr'>animi</span> <span class='ocrx_word' id='word_1_231' title='bbox 527 2405 630 2453; x_wconf 84' lang='lat' dir='ltr'>nostri</span> <span class='ocrx_word' id='word_1_232' title='bbox 652 2407 773 2452; x_wconf 59' lang='lat' dir='ltr'>fundit</span> <span class='ocrx_word' id='word_1_233' title='bbox 789 2408 879 2455; x_wconf 86' lang='lat' dir='ltr'>sunt</span> <span class='ocrx_word' id='word_1_234' title='bbox 899 2405 1003 2455; x_wconf 84' lang='lat' dir='ltr'>epulis</span> <span class='ocrx_word' id='word_1_235' title='bbox 1026 2434 1037 2450; x_wconf 94' lang='lat'>,</span> <span class='ocrx_word' id='word_1_236' title='bbox 1058 2406 1161 2455; x_wconf 88' lang='lat' dir='ltr'>quod</span> <span class='ocrx_word' id='word_1_237' title='bbox 1183 2407 1325 2454; x_wconf 81' lang='lat' dir='ltr'>putavit</span> 
     </span>
     <span class='ocr_line' id='line_1_39' title="bbox 273 2452 1321 2505; baseline 0.006 -16"><span class='ocrx_word' id='word_1_238' title='bbox 273 2452 344 2490; x_wconf 87' lang='lat' dir='ltr'>Vir</span> <span class='ocrx_word' id='word_1_239' title='bbox 367 2455 461 2492; x_wconf 86' lang='lat' dir='ltr'>Clar.</span> <span class='ocrx_word' id='word_1_240' title='bbox 484 2468 564 2493; x_wconf 91' lang='lat' dir='ltr'>non</span> <span class='ocrx_word' id='word_1_241' title='bbox 595 2456 643 2493; x_wconf 84' lang='lat' dir='ltr'>est</span> <span class='ocrx_word' id='word_1_242' title='bbox 658 2484 668 2500; x_wconf 93' lang='lat'>‚</span> <span class='ocrx_word' id='word_1_243' title='bbox 695 2457 829 2505; x_wconf 87' lang='lat' dir='ltr'>opinor</span> <span class='ocrx_word' id='word_1_244' title='bbox 849 2485 860 2502; x_wconf 92' lang='lat'>‚</span> <span class='ocrx_word' id='word_1_245' title='bbox 888 2468 953 2494; x_wconf 89' lang='lat' dir='ltr'>cur</span> <span class='ocrx_word' id='word_1_246' title='bbox 973 2464 1168 2505; x_wconf 87' lang='lat' dir='ltr'>quaeratur</span> <span class='ocrx_word' id='word_1_247' title='bbox 1196 2470 1204 2494; x_wconf 89' lang='lat'><strong>:</strong></span> <span class='ocrx_word' id='word_1_248' title='bbox 1233 2470 1321 2495; x_wconf 82' lang='lat' dir='ltr'>nam</span> 
     </span>
     <span class='ocr_line' id='line_1_40' title="bbox 275 2503 1323 2554; baseline 0.006 -14"><span class='ocrx_word' id='word_1_249' title='bbox 275 2503 315 2540; x_wconf 91' lang='lat'>&amp;</span> <span class='ocrx_word' id='word_1_250' title='bbox 341 2506 512 2554; x_wconf 79' lang='lat' dir='ltr'>exempla</span> <span class='ocrx_word' id='word_1_251' title='bbox 542 2507 579 2543; x_wconf 90' lang='lat' dir='ltr'>in</span> <span class='ocrx_word' id='word_1_252' title='bbox 610 2518 691 2544; x_wconf 80' lang='lat' dir='ltr'>eam</span> <span class='ocrx_word' id='word_1_253' title='bbox 725 2519 806 2545; x_wconf 86' lang='lat' dir='ltr'>rem</span> <span class='ocrx_word' id='word_1_254' title='bbox 835 2508 935 2546; x_wconf 83' lang='lat' dir='ltr'>nulla</span> <span class='ocrx_word' id='word_1_255' title='bbox 954 2506 1123 2552; x_wconf 85' lang='lat' dir='ltr'>sunt,&amp;</span> <span class='ocrx_word' id='word_1_256' title='bbox 1142 2507 1234 2545; x_wconf 88' lang='lat' dir='ltr'>ratio</span> <span class='ocrx_word' id='word_1_257' title='bbox 1257 2508 1323 2546; x_wconf 85' lang='lat' dir='ltr'>stat</span> 
     </span>
     <span class='ocr_line' id='line_1_41' title="bbox 274 2556 1030 2607; baseline 0.005 -16"><span class='ocrx_word' id='word_1_258' title='bbox 274 2562 415 2593; x_wconf 86' lang='lat' dir='ltr'>contra.</span> <span class='ocrx_word' id='word_1_259' title='bbox 443 2556 550 2594; x_wconf 58' lang='lat' dir='ltr'>Tau.</span> <span class='ocrx_word' id='word_1_260' title='bbox 570 2558 713 2598; x_wconf 55' lang='lat' dir='ltr'>Fama.</span> <span class='ocrx_word' id='word_1_261' title='bbox 733 2558 792 2597; x_wconf 57' lang='lat' dir='ltr'>lib.</span> <span class='ocrx_word' id='word_1_262' title='bbox 819 2571 865 2596; x_wconf 90' lang='lat'>11.</span> <span class='ocrx_word' id='word_1_263' title='bbox 887 2558 1030 2607; x_wconf 78' lang='lat' dir='ltr'>Ep.69.</span> 
     </span>
    </p>

    <p class='ocr_par' dir='ltr' id='par_1_20' title="bbox 270 2608 1323 2709">
     <span class='ocr_line' id='line_1_42' title="bbox 325 2608 1323 2659; baseline 0.007 -17"><span class='ocrx_word' id='word_1_264' title='bbox 325 2608 410 2654; x_wconf 81' lang='lat'>769.</span> <span class='ocrx_word' id='word_1_265' title='bbox 437 2609 587 2655; x_wconf 68' lang='lat' dir='ltr'>Qanta</span> <span class='ocrx_word' id='word_1_266' title='bbox 607 2609 780 2659; x_wconf 73' lang='lat' dir='ltr'>virtute]</span> <span class='ocrx_word' id='word_1_267' title='bbox 796 2610 1001 2658; x_wconf 82' lang='lat' dir='ltr'>Scripserat‚</span> <span class='ocrx_word' id='word_1_268' title='bbox 1021 2610 1323 2657; x_wconf 87' lang='lat' dir='ltr'>puto,Ovidius‚</span> 
     </span>
     <span class='ocr_line' id='line_1_43' title="bbox 270 2659 1132 2709; baseline 0.007 -18"><span class='ocrx_word' id='word_1_269' title='bbox 270 2668 343 2706; x_wconf 72' lang='lat' dir='ltr'>qua</span> <span class='ocrx_word' id='word_1_270' title='bbox 365 2666 405 2693; x_wconf 89' lang='lat' dir='ltr'>tu</span> <span class='ocrx_word' id='word_1_271' title='bbox 425 2659 559 2695; x_wconf 78' lang='lat' dir='ltr'>virtute</span> <span class='ocrx_word' id='word_1_272' title='bbox 573 2686 583 2703; x_wconf 96' lang='lat'>,</span> <span class='ocrx_word' id='word_1_273' title='bbox 611 2659 797 2709; x_wconf 75' lang='lat' dir='ltr'>quibusque</span> <span class='ocrx_word' id='word_1_274' title='bbox 817 2660 963 2697; x_wconf 83' lang='lat' dir='ltr'>artibus.</span> <span class='ocrx_word' id='word_1_275' title='bbox 991 2661 1132 2697; x_wconf 77' lang='lat' dir='ltr'>HEINS.</span> 
     </span>
    </p>

    <p class='ocr_par' dir='ltr' id='par_1_21' title="bbox 271 2709 1320 2947">
     <span class='ocr_line' id='line_1_44' title="bbox 327 2709 1319 2761; baseline 0.007 -18"><span class='ocrx_word' id='word_1_276' title='bbox 327 2717 412 2752; x_wconf 92' lang='lat'><strong>770.</strong></span> <span class='ocrx_word' id='word_1_277' title='bbox 440 2709 582 2744; x_wconf 85' lang='lat' dir='ltr'>Crinita</span> <span class='ocrx_word' id='word_1_278' title='bbox 615 2710 818 2746; x_wconf 80' lang='lat' dir='ltr'>draconibus</span> <span class='ocrx_word' id='word_1_279' title='bbox 850 2709 958 2751; x_wconf 38' lang='lat' dir='ltr'>oras]</span> <span class='ocrx_word' id='word_1_280' title='bbox 990 2711 1157 2760; x_wconf 78' lang='lat' dir='ltr'>Quidam</span> <span class='ocrx_word' id='word_1_281' title='bbox 1181 2711 1319 2761; x_wconf 80' lang='lat' dir='ltr'>vulgati</span> 
     </span>
     <span class='ocr_line' id='line_1_45' title="bbox 272 2755 1319 2811; baseline 0.006 -18"><span class='ocrx_word' id='word_1_282' title='bbox 272 2755 353 2794; x_wconf 80' lang='lat' dir='ltr'>iibri</span> <span class='ocrx_word' id='word_1_283' title='bbox 368 2784 378 2801; x_wconf 95' lang='lat'>,</span> <span class='ocrx_word' id='word_1_284' title='bbox 406 2758 565 2795; x_wconf 79' lang='lat' dir='ltr'>Pinnita.</span> <span class='ocrx_word' id='word_1_285' title='bbox 592 2759 651 2796; x_wconf 89' lang='lat' dir='ltr'>sed</span> <span class='ocrx_word' id='word_1_286' title='bbox 675 2771 752 2796; x_wconf 92' lang='lat' dir='ltr'>non</span> <span class='ocrx_word' id='word_1_287' title='bbox 773 2761 903 2808; x_wconf 89' lang='lat' dir='ltr'>probo.</span> <span class='ocrx_word' id='word_1_288' title='bbox 939 2755 1203 2798; x_wconf 72' lang='lat' dir='ltr'>C1or.Criniti</span> <span class='ocrx_word' id='word_1_289' title='bbox 1224 2773 1319 2811; x_wconf 83' lang='lat' dir='ltr'>terga</span> 
     </span>
     <span class='ocr_line' id='line_1_46' title="bbox 273 2808 1320 2849; baseline 0.006 -6"><span class='ocrx_word' id='word_1_290' title='bbox 273 2808 443 2845; x_wconf 83' lang='lat' dir='ltr'>draconis.</span> <span class='ocrx_word' id='word_1_291' title='bbox 469 2809 647 2846; x_wconf 77' lang='lat' dir='ltr'>MrcrLt.</span> <span class='ocrx_word' id='word_1_292' title='bbox 674 2809 826 2847; x_wconf 84' lang='lat' dir='ltr'>Thuan.</span> <span class='ocrx_word' id='word_1_293' title='bbox 848 2811 966 2848; x_wconf 76' lang='lat' dir='ltr'>criniti</span> <span class='ocrx_word' id='word_1_294' title='bbox 978 2812 1062 2848; x_wconf 87' lang='lat' dir='ltr'>colla</span> <span class='ocrx_word' id='word_1_295' title='bbox 1083 2813 1241 2849; x_wconf 85' lang='lat' dir='ltr'>draconis</span> <span class='ocrx_word' id='word_1_296' title='bbox 1253 2814 1320 2849; x_wconf 82' lang='lat' dir='ltr'>Pa-</span> 
     </span>
     <span class='ocr_line' id='line_1_47' title="bbox 272 2858 1319 2906; baseline 0.005 -11"><span class='ocrx_word' id='word_1_297' title='bbox 272 2866 347 2896; x_wconf 54' lang='grc' dir='ltr'>ἴξιν.</span> <span class='ocrx_word' id='word_1_298' title='bbox 370 2858 509 2906; x_wconf 72' lang='lat' dir='ltr'>cristata</span> <span class='ocrx_word' id='word_1_299' title='bbox 530 2859 734 2896; x_wconf 76' lang='lat' dir='ltr'>draconibus</span> <span class='ocrx_word' id='word_1_300' title='bbox 755 2874 814 2897; x_wconf 87' lang='lat' dir='ltr'>ora</span> <span class='ocrx_word' id='word_1_301' title='bbox 845 2861 992 2900; x_wconf 77' lang='lat' dir='ltr'>Lovan.</span> <span class='ocrx_word' id='word_1_302' title='bbox 1014 2863 1176 2899; x_wconf 74' lang='lat' dir='ltr'>attuleris</span> <span class='ocrx_word' id='word_1_303' title='bbox 1207 2863 1319 2900; x_wconf 76' lang='lat' dir='ltr'>etiam</span> 
     </span>
     <span class='ocr_line' id='line_1_48' title="bbox 271 2909 589 2947; baseline 0.003 -1"><span class='ocrx_word' id='word_1_304' title='bbox 271 2920 366 2946; x_wconf 83' lang='lat' dir='ltr'>unus</span> <span class='ocrx_word' id='word_1_305' title='bbox 389 2909 589 2947; x_wconf 87' lang='lat' dir='ltr'>Leidenfis.</span> 
     </span>
    </p>

    <p class='ocr_par' dir='ltr' id='par_1_22' title="bbox 267 2960 1317 3252">
     <span class='ocr_line' id='line_1_49' title="bbox 321 2960 1317 3010; baseline 0.003 -13"><span class='ocrx_word' id='word_1_306' title='bbox 321 2972 406 3005; x_wconf 85' lang='lat'>271.</span> <span class='ocrx_word' id='word_1_307' title='bbox 436 2968 576 2997; x_wconf 85' lang='lat' dir='ltr'>Narrat</span> <span class='ocrx_word' id='word_1_308' title='bbox 598 2960 855 3010; x_wconf 77' lang='lat' dir='ltr'>Abantiades.]</span> <span class='ocrx_word' id='word_1_309' title='bbox 878 2962 930 2999; x_wconf 59' lang='lat' dir='ltr'>‘In</span> <span class='ocrx_word' id='word_1_310' title='bbox 952 2974 1030 2999; x_wconf 91' lang='lat' dir='ltr'>uno</span> <span class='ocrx_word' id='word_1_311' title='bbox 1056 2974 1145 3000; x_wconf 85' lang='lat' dir='ltr'>meo</span> <span class='ocrx_word' id='word_1_312' title='bbox 1159 2992 1169 3007; x_wconf 94' lang='lat'>‚</span> <span class='ocrx_word' id='word_1_313' title='bbox 1183 3003 1185 3007; x_wconf 64' lang='grc'><em>,</em></span> <span class='ocrx_word' id='word_1_314' title='bbox 1200 2964 1317 3008; x_wconf 86' lang='lat' dir='ltr'>Statii,</span> 
     </span>
     <span class='ocr_line' id='line_1_50' title="bbox 269 3011 1315 3057; baseline 0.002 -9"><span class='ocrx_word' id='word_1_315' title='bbox 269 3023 348 3048; x_wconf 87' lang='lat' dir='ltr'>uno</span> <span class='ocrx_word' id='word_1_316' title='bbox 370 3012 491 3049; x_wconf 88' lang='lat' dir='ltr'>Vatic.</span> <span class='ocrx_word' id='word_1_317' title='bbox 519 3011 655 3053; x_wconf 87' lang='lat' dir='ltr'>eodem</span> <span class='ocrx_word' id='word_1_318' title='bbox 679 3012 829 3049; x_wconf 85' lang='lat' dir='ltr'>Caelest.</span> <span class='ocrx_word' id='word_1_319' title='bbox 852 3013 965 3049; x_wconf 84' lang='lat' dir='ltr'>altero</span> <span class='ocrx_word' id='word_1_320' title='bbox 988 3012 1115 3049; x_wconf 85' lang='lat' dir='ltr'>Maffei</span> <span class='ocrx_word' id='word_1_321' title='bbox 1132 3042 1142 3057; x_wconf 94' lang='lat'>‚</span> <span class='ocrx_word' id='word_1_322' title='bbox 1170 3014 1210 3050; x_wconf 64' lang='grc' dir='ltr'>ὃς</span> <span class='ocrx_word' id='word_1_323' title='bbox 1231 3014 1315 3050; x_wconf 93' lang='lat' dir='ltr'>Do-</span> 
     </span>
     <span class='ocr_line' id='line_1_51' title="bbox 272 3062 1313 3111; baseline 0.002 -12"><span class='ocrx_word' id='word_1_324' title='bbox 272 3063 463 3100; x_wconf 86' lang='lat' dir='ltr'>minicano</span> <span class='ocrx_word' id='word_1_325' title='bbox 484 3062 636 3111; x_wconf 84' lang='lat' dir='ltr'>legitur,</span> <span class='ocrx_word' id='word_1_326' title='bbox 666 3069 807 3099; x_wconf 81' lang='lat' dir='ltr'>Narrat</span> <span class='ocrx_word' id='word_1_327' title='bbox 838 3064 1061 3111; x_wconf 76' lang='lat' dir='ltr'>Agenorides.</span> <span class='ocrx_word' id='word_1_328' title='bbox 1101 3064 1313 3101; x_wconf 70' lang='lat' dir='ltr'>CroF—Anus.</span> 
     </span>
     <span class='ocr_line' id='line_1_52' title="bbox 271 3113 1312 3162; baseline 0.001 -12"><span class='ocrx_word' id='word_1_329' title='bbox 271 3114 480 3162; x_wconf 83' lang='lat' dir='ltr'>Agenorides</span> <span class='ocrx_word' id='word_1_330' title='bbox 500 3113 538 3150; x_wconf 89' lang='lat' dir='ltr'>in</span> <span class='ocrx_word' id='word_1_331' title='bbox 558 3113 779 3150; x_wconf 88' lang='lat' dir='ltr'>melioribus.</span> <span class='ocrx_word' id='word_1_332' title='bbox 805 3113 915 3150; x_wconf 59' lang='lat' dir='ltr'>reete.</span> <span class='ocrx_word' id='word_1_333' title='bbox 944 3113 988 3150; x_wconf 87' lang='lat' dir='ltr'>ab</span> <span class='ocrx_word' id='word_1_334' title='bbox 1009 3113 1188 3160; x_wconf 82' lang='lat' dir='ltr'>Agenore</span> <span class='ocrx_word' id='word_1_335' title='bbox 1210 3115 1312 3151; x_wconf 89' lang='lat' dir='ltr'>enirn</span> 
     </span>
     <span class='ocr_line' id='line_1_53' title="bbox 267 3162 1313 3212; baseline 0.001 -12"><span class='ocrx_word' id='word_1_336' title='bbox 267 3162 419 3201; x_wconf 84' lang='lat' dir='ltr'>Danaus</span> <span class='ocrx_word' id='word_1_337' title='bbox 443 3164 560 3201; x_wconf 82' lang='lat' dir='ltr'>Persei</span> <span class='ocrx_word' id='word_1_338' title='bbox 590 3175 748 3212; x_wconf 73' lang='lat' dir='ltr'>proavus</span> <span class='ocrx_word' id='word_1_339' title='bbox 770 3164 957 3202; x_wconf 85' lang='lat' dir='ltr'>oriundus.</span> <span class='ocrx_word' id='word_1_340' title='bbox 988 3165 1136 3202; x_wconf 66' lang='lat' dir='ltr'>Herus.</span> <span class='ocrx_word' id='word_1_341' title='bbox 1173 3165 1313 3202; x_wconf 74' lang='lat' dir='ltr'>Atlan-</span> 
     </span>
     <span class='ocr_line' id='line_1_54' title="bbox 270 3215 754 3252; baseline 0.006 -3"><span class='ocrx_word' id='word_1_342' title='bbox 270 3215 380 3251; x_wconf 68' lang='lat' dir='ltr'>tiades</span> <span class='ocrx_word' id='word_1_343' title='bbox 403 3215 508 3252; x_wconf 82' lang='lat' dir='ltr'>MSS.</span> <span class='ocrx_word' id='word_1_344' title='bbox 533 3215 754 3252; x_wconf 83' lang='lat' dir='ltr'>Bersmanni.</span> 
     </span>
    </p>

    <p class='ocr_par' dir='ltr' id='par_1_23' title="bbox 269 3265 1317 3365">
     <span class='ocr_line' id='line_1_55' title="bbox 323 3265 1314 3316; baseline 0 -12"><span class='ocrx_word' id='word_1_345' title='bbox 323 3277 408 3309; x_wconf 89' lang='lat'>771.</span> <span class='ocrx_word' id='word_1_346' title='bbox 433 3266 550 3302; x_wconf 86' lang='lat' dir='ltr'>Gelido</span> <span class='ocrx_word' id='word_1_347' title='bbox 573 3266 641 3315; x_wconf 86' lang='lat' dir='ltr'>sub</span> <span class='ocrx_word' id='word_1_348' title='bbox 672 3266 827 3303; x_wconf 81' lang='lat' dir='ltr'>Atlante</span> <span class='ocrx_word' id='word_1_349' title='bbox 850 3265 1069 3316; x_wconf 82' lang='lat' dir='ltr'>jacentem.]</span> <span class='ocrx_word' id='word_1_350' title='bbox 1100 3266 1219 3316; x_wconf 87' lang='lat' dir='ltr'>Atqui</span> <span class='ocrx_word' id='word_1_351' title='bbox 1241 3267 1314 3315; x_wconf 81' lang='lat' dir='ltr'>ipse</span> 
     </span>
     <span class='ocr_line' id='line_1_56' title="bbox 269 3312 1317 3365; baseline 0.005 -13"><span class='ocrx_word' id='word_1_352' title='bbox 269 3312 414 3359; x_wconf 75' lang='lat' dir='ltr'>Perseus</span> <span class='ocrx_word' id='word_1_353' title='bbox 434 3316 553 3356; x_wconf 88' lang='lat' dir='ltr'>modo</span> <span class='ocrx_word' id='word_1_354' title='bbox 585 3324 792 3359; x_wconf 85' lang='lat' dir='ltr'>mutaverat</span> <span class='ocrx_word' id='word_1_355' title='bbox 822 3317 1016 3362; x_wconf 78' lang='lat' dir='ltr'>Atlantem</span> <span class='ocrx_word' id='word_1_356' title='bbox 1046 3318 1086 3358; x_wconf 86' lang='lat' dir='ltr'>in</span> <span class='ocrx_word' id='word_1_357' title='bbox 1113 3326 1317 3365; x_wconf 83' lang='lat' dir='ltr'>montem,</span> 
     </span>
    </p>
   </div>
   <div class='ocr_carea' id='block_1_7' title="bbox 427 858 1951 1014">
    <p class='ocr_par' dir='ltr' id='par_1_24' title="bbox 427 858 1951 1014">
     <span class='ocr_line' id='line_1_57' title="bbox 427 858 1768 933; baseline -0.004 -13"><span class='ocrx_word' id='word_1_358' title='bbox 427 883 528 933; x_wconf 83' lang='lat'>775</span> <span class='ocrx_word' id='word_1_359' title='bbox 564 863 626 918; x_wconf 88' lang='lat' dir='ltr'>Id</span> <span class='ocrx_word' id='word_1_360' title='bbox 652 863 703 917; x_wconf 92' lang='lat' dir='ltr'>se</span> <span class='ocrx_word' id='word_1_361' title='bbox 728 863 927 916; x_wconf 89' lang='lat' dir='ltr'>sollerti</span> <span class='ocrx_word' id='word_1_362' title='bbox 951 861 1167 924; x_wconf 83' lang='lat' dir='ltr'>furtim,</span> <span class='ocrx_word' id='word_1_363' title='bbox 1206 861 1339 915; x_wconf 90' lang='lat' dir='ltr'>dum</span> <span class='ocrx_word' id='word_1_364' title='bbox 1363 858 1618 923; x_wconf 84' lang='lat' dir='ltr'>traditur,</span> <span class='ocrx_word' id='word_1_365' title='bbox 1646 861 1768 916; x_wconf 86' lang='lat' dir='ltr'>astu</span> 
     </span>
     <span class='ocr_line' id='line_1_58' title="bbox 571 932 1951 1014; baseline -0.001 -23"><span class='ocrx_word' id='word_1_366' title='bbox 571 935 852 1014; x_wconf 68' lang='lat' dir='ltr'>Suppofit-&#39;a</span> <span class='ocrx_word' id='word_1_367' title='bbox 877 934 1070 1009; x_wconf 82' lang='lat' dir='ltr'>cepiffe</span> <span class='ocrx_word' id='word_1_368' title='bbox 1096 952 1281 989; x_wconf 85' lang='lat' dir='ltr'>manu:</span> <span class='ocrx_word' id='word_1_369' title='bbox 1322 950 1528 1007; x_wconf 88' lang='lat' dir='ltr'>perque</span> <span class='ocrx_word' id='word_1_370' title='bbox 1554 932 1733 989; x_wconf 86' lang='lat' dir='ltr'>abdita</span> <span class='ocrx_word' id='word_1_371' title='bbox 1756 935 1951 1009; x_wconf 69' lang='lat' dir='ltr'>longe„</span> 
     </span>
    </p>
   </div>
   <div class='ocr_carea' id='block_1_8' title="bbox 2232 1011 2433 1068">
    <p class='ocr_par' dir='ltr' id='par_1_25' title="bbox 2232 1011 2433 1068">
     <span class='ocr_line' id='line_1_59' title="bbox 2232 1011 2433 1068; baseline 0.005 -1"><span class='ocrx_word' id='word_1_372' title='bbox 2232 1011 2433 1068; x_wconf 50' lang='lat' dir='ltr'>‘Deviass</span> 
     </span>
    </p>
   </div>
   <div class='ocr_carea' id='block_1_9' title="bbox 1381 1122 2435 1991">
    <p class='ocr_par' dir='ltr' id='par_1_26' title="bbox 1382 1122 2434 1327">
     <span class='ocr_line' id='line_1_60' title="bbox 1382 1122 2433 1178; baseline 0.007 -18"><span class='ocrx_word' id='word_1_373' title='bbox 1382 1122 1463 1172; x_wconf 88' lang='lat' dir='ltr'>post</span> <span class='ocrx_word' id='word_1_374' title='bbox 1484 1122 1678 1162; x_wconf 64' lang='lat' dir='ltr'>vistoriam</span> <span class='ocrx_word' id='word_1_375' title='bbox 1701 1136 1720 1163; x_wconf 88' lang='lat' dir='ltr'>a</span> <span class='ocrx_word' id='word_1_376' title='bbox 1754 1126 1992 1175; x_wconf 83' lang='lat' dir='ltr'>Gorgonibus</span> <span class='ocrx_word' id='word_1_377' title='bbox 2021 1134 2256 1178; x_wconf 83' lang='lat' dir='ltr'>reportatam.</span> <span class='ocrx_word' id='word_1_378' title='bbox 2279 1128 2341 1166; x_wconf 86' lang='lat' dir='ltr'>vel</span> <span class='ocrx_word' id='word_1_379' title='bbox 2360 1128 2433 1169; x_wconf 89' lang='lat' dir='ltr'>hoc</span> 
     </span>
     <span class='ocr_line' id='line_1_61' title="bbox 1384 1174 2434 1228; baseline 0.006 -17"><span class='ocrx_word' id='word_1_380' title='bbox 1384 1174 1520 1212; x_wconf 85' lang='lat' dir='ltr'>excidit</span> <span class='ocrx_word' id='word_1_381' title='bbox 1540 1175 1706 1221; x_wconf 86' lang='lat' dir='ltr'>Ovidio,</span> <span class='ocrx_word' id='word_1_382' title='bbox 1731 1185 1770 1215; x_wconf 89' lang='lat' dir='ltr'>ut</span> <span class='ocrx_word' id='word_1_383' title='bbox 1801 1177 1904 1226; x_wconf 87' lang='lat' dir='ltr'>supra</span> <span class='ocrx_word' id='word_1_384' title='bbox 1926 1177 1972 1215; x_wconf 90' lang='lat' dir='ltr'>de</span> <span class='ocrx_word' id='word_1_385' title='bbox 1994 1178 2322 1228; x_wconf 88' lang='lat' dir='ltr'>Septemtrionibus</span> <span class='ocrx_word' id='word_1_386' title='bbox 2342 1179 2434 1218; x_wconf 87' lang='lat' dir='ltr'>vidi-</span> 
     </span>
     <span class='ocr_line' id='line_1_62' title="bbox 1384 1226 2431 1278; baseline 0.007 -17"><span class='ocrx_word' id='word_1_387' title='bbox 1384 1237 1465 1262; x_wconf 89' lang='lat' dir='ltr'>mus</span> <span class='ocrx_word' id='word_1_388' title='bbox 1485 1226 1576 1263; x_wconf 90' lang='lat' dir='ltr'>libro</span> <span class='ocrx_word' id='word_1_389' title='bbox 1603 1239 1658 1264; x_wconf 84' lang='lat'>11.</span> <span class='ocrx_word' id='word_1_390' title='bbox 1685 1239 1768 1276; x_wconf 79' lang='lat'>530.</span> <span class='ocrx_word' id='word_1_391' title='bbox 1799 1230 1859 1267; x_wconf 89' lang='lat' dir='ltr'>vel</span> <span class='ocrx_word' id='word_1_392' title='bbox 1881 1229 2102 1278; x_wconf 88' lang='lat' dir='ltr'>capiendum</span> <span class='ocrx_word' id='word_1_393' title='bbox 2128 1259 2139 1276; x_wconf 92' lang='lat'>‚</span> <span class='ocrx_word' id='word_1_394' title='bbox 2167 1241 2213 1267; x_wconf 90' lang='lat' dir='ltr'>eo</span> <span class='ocrx_word' id='word_1_395' title='bbox 2232 1229 2343 1275; x_wconf 89' lang='lat' dir='ltr'>loco,</span> <span class='ocrx_word' id='word_1_396' title='bbox 2372 1229 2431 1269; x_wconf 88' lang='lat' dir='ltr'>sub</span> 
     </span>
     <span class='ocr_line' id='line_1_63' title="bbox 1384 1278 2291 1327; baseline 0.004 -14"><span class='ocrx_word' id='word_1_397' title='bbox 1384 1284 1517 1314; x_wconf 88' lang='lat' dir='ltr'>monte</span> <span class='ocrx_word' id='word_1_398' title='bbox 1551 1305 1562 1322; x_wconf 88' lang='lat'>,</span> <span class='ocrx_word' id='word_1_399' title='bbox 1601 1278 1664 1327; x_wconf 91' lang='lat' dir='ltr'>qui</span> <span class='ocrx_word' id='word_1_400' title='bbox 1695 1290 1795 1316; x_wconf 87' lang='lat' dir='ltr'>nunc</span> <span class='ocrx_word' id='word_1_401' title='bbox 1828 1280 1930 1317; x_wconf 83' lang='lat' dir='ltr'>Atlas</span> <span class='ocrx_word' id='word_1_402' title='bbox 1964 1290 2129 1319; x_wconf 87' lang='lat' dir='ltr'>vocatur.</span> <span class='ocrx_word' id='word_1_403' title='bbox 2158 1281 2291 1318; x_wconf 62' lang='lat' dir='ltr'>Euam.</span> 
     </span>
    </p>

    <p class='ocr_par' dir='ltr' id='par_1_27' title="bbox 1383 1330 2434 1471">
     <span class='ocr_line' id='line_1_64' title="bbox 1436 1330 2434 1383; baseline 0.007 -20"><span class='ocrx_word' id='word_1_404' title='bbox 1436 1339 1519 1374; x_wconf 81' lang='lat'>772.</span> <span class='ocrx_word' id='word_1_405' title='bbox 1548 1333 1679 1365; x_wconf 82' lang='lat' dir='ltr'>Tutum</span> <span class='ocrx_word' id='word_1_406' title='bbox 1703 1330 1897 1368; x_wconf 83' lang='lat' dir='ltr'>munimine</span> <span class='ocrx_word' id='word_1_407' title='bbox 1910 1331 2018 1369; x_wconf 83' lang='lat' dir='ltr'>molis.</span> <span class='ocrx_word' id='word_1_408' title='bbox 2034 1333 2048 1383; x_wconf 73' lang='lat' dir='ltr'>j</span> <span class='ocrx_word' id='word_1_409' title='bbox 2062 1339 2199 1382; x_wconf 75' lang='lat' dir='ltr'>septum</span> <span class='ocrx_word' id='word_1_410' title='bbox 2213 1332 2301 1369; x_wconf 83' lang='lat' dir='ltr'>alter</span> <span class='ocrx_word' id='word_1_411' title='bbox 2313 1331 2434 1378; x_wconf 50' lang='lat' dir='ltr'>Ham-¹¹</span> 
     </span>
     <span class='ocr_line' id='line_1_65' title="bbox 1383 1377 2434 1433; baseline 0.007 -19"><span class='ocrx_word' id='word_1_412' title='bbox 1383 1377 1577 1427; x_wconf 79' lang='lat' dir='ltr'>burgensis.</span> <span class='ocrx_word' id='word_1_413' title='bbox 1615 1379 1714 1417; x_wconf 90' lang='lat' dir='ltr'>Vide</span> <span class='ocrx_word' id='word_1_414' title='bbox 1737 1381 1854 1419; x_wconf 89' lang='lat' dir='ltr'>Notas</span> <span class='ocrx_word' id='word_1_415' title='bbox 1878 1382 1938 1420; x_wconf 91' lang='lat' dir='ltr'>lib.</span> <span class='ocrx_word' id='word_1_416' title='bbox 1964 1396 2018 1420; x_wconf 88' lang='lat'>11.</span> <span class='ocrx_word' id='word_1_417' title='bbox 2043 1383 2090 1422; x_wconf 88' lang='lat' dir='ltr'>vs.</span> <span class='ocrx_word' id='word_1_418' title='bbox 2114 1394 2200 1432; x_wconf 84' lang='lat'>713.</span> <span class='ocrx_word' id='word_1_419' title='bbox 2225 1384 2434 1433; x_wconf 39' lang='lat' dir='ltr'>Haustus&amp;</span> 
     </span>
     <span class='ocr_line' id='line_1_66' title="bbox 1383 1429 2033 1471; baseline 0.008 -5"><span class='ocrx_word' id='word_1_420' title='bbox 1383 1429 1538 1467; x_wconf 74' lang='lat' dir='ltr'>solidum</span> <span class='ocrx_word' id='word_1_421' title='bbox 1561 1441 1662 1467; x_wconf 79' lang='lat' dir='ltr'>tutae</span> <span class='ocrx_word' id='word_1_422' title='bbox 1682 1432 1790 1470; x_wconf 80' lang='lat' dir='ltr'>MSS.</span> <span class='ocrx_word' id='word_1_423' title='bbox 1811 1432 2033 1471; x_wconf 83' lang='lat' dir='ltr'>Bersmanni.</span> 
     </span>
    </p>

    <p class='ocr_par' dir='ltr' id='par_1_28' title="bbox 1381 1482 2435 1991">
     <span class='ocr_line' id='line_1_67' title="bbox 1437 1482 2435 1533; baseline 0.008 -16"><span class='ocrx_word' id='word_1_424' title='bbox 1437 1492 1521 1530; x_wconf 83' lang='lat'>773.</span> <span class='ocrx_word' id='word_1_425' title='bbox 1549 1482 1714 1519; x_wconf 81' lang='lat' dir='ltr'>Geminas</span> <span class='ocrx_word' id='word_1_426' title='bbox 1736 1483 1909 1533; x_wconf 77' lang='lat' dir='ltr'>fhrores.]</span> <span class='ocrx_word' id='word_1_427' title='bbox 1942 1485 2033 1522; x_wconf 88' lang='lat' dir='ltr'>Non</span> <span class='ocrx_word' id='word_1_428' title='bbox 2063 1485 2176 1530; x_wconf 87' lang='lat' dir='ltr'>duas,</span> <span class='ocrx_word' id='word_1_429' title='bbox 2211 1485 2272 1523; x_wconf 87' lang='lat' dir='ltr'>sed</span> <span class='ocrx_word' id='word_1_430' title='bbox 2293 1484 2435 1525; x_wconf 59' lang='lat' dir='ltr'>ssmiles)</span> 
     </span>
     <span class='ocr_line' id='line_1_68' title="bbox 1383 1530 2430 1579; baseline 0.007 -11"><span class='ocrx_word' id='word_1_431' title='bbox 1383 1530 1480 1569; x_wconf 88' lang='lat' dir='ltr'>Tres</span> <span class='ocrx_word' id='word_1_432' title='bbox 1498 1532 1598 1570; x_wconf 89' lang='lat' dir='ltr'>enim</span> <span class='ocrx_word' id='word_1_433' title='bbox 1622 1533 1794 1579; x_wconf 88' lang='lat' dir='ltr'>fuerunt,</span> <span class='ocrx_word' id='word_1_434' title='bbox 1821 1543 1862 1572; x_wconf 91' lang='lat' dir='ltr'>ut</span> <span class='ocrx_word' id='word_1_435' title='bbox 1883 1535 2053 1573; x_wconf 88' lang='lat' dir='ltr'>diximus.</span> <span class='ocrx_word' id='word_1_436' title='bbox 2083 1538 2249 1574; x_wconf 66' lang='lat' dir='ltr'>Remus.</span> <span class='ocrx_word' id='word_1_437' title='bbox 2288 1536 2430 1576; x_wconf 76' lang='lat' dir='ltr'>Fallitur</span> 
     </span>
     <span class='ocr_line' id='line_1_69' title="bbox 1383 1581 2430 1636; baseline 0.005 -17"><span class='ocrx_word' id='word_1_438' title='bbox 1383 1581 1458 1620; x_wconf 88' lang='lat' dir='ltr'>hoc</span> <span class='ocrx_word' id='word_1_439' title='bbox 1479 1582 1749 1633; x_wconf 69' lang='lat' dir='ltr'>loco&#39;Regius‚</span> <span class='ocrx_word' id='word_1_440' title='bbox 1777 1586 1841 1635; x_wconf 91' lang='lat' dir='ltr'>qui</span> <span class='ocrx_word' id='word_1_441' title='bbox 1874 1585 1919 1623; x_wconf 91' lang='lat' dir='ltr'>de</span> <span class='ocrx_word' id='word_1_442' title='bbox 1949 1586 2189 1636; x_wconf 84' lang='lat' dir='ltr'>Gorgonibus</span> <span class='ocrx_word' id='word_1_443' title='bbox 2206 1587 2343 1636; x_wconf 84' lang='lat' dir='ltr'>accipit</span> <span class='ocrx_word' id='word_1_444' title='bbox 2364 1598 2430 1633; x_wconf 86' lang='lat' dir='ltr'>ea,</span> 
     </span>
     <span class='ocr_line' id='line_1_70' title="bbox 1383 1634 2430 1683; baseline 0.006 -13"><span class='ocrx_word' id='word_1_445' title='bbox 1383 1645 1480 1683; x_wconf 85' lang='lat' dir='ltr'>quae</span> <span class='ocrx_word' id='word_1_446' title='bbox 1501 1634 1547 1672; x_wconf 88' lang='lat' dir='ltr'>de</span> <span class='ocrx_word' id='word_1_447' title='bbox 1566 1635 1696 1673; x_wconf 85' lang='lat' dir='ltr'>Graeis</span> <span class='ocrx_word' id='word_1_448' title='bbox 1717 1636 1762 1674; x_wconf 88' lang='lat' dir='ltr'>ab</span> <span class='ocrx_word' id='word_1_449' title='bbox 1784 1637 1859 1674; x_wconf 89' lang='lat' dir='ltr'>aliis</span> <span class='ocrx_word' id='word_1_450' title='bbox 1881 1637 2062 1676; x_wconf 85' lang='lat' dir='ltr'>dicuntur.</span> <span class='ocrx_word' id='word_1_451' title='bbox 2098 1638 2159 1676; x_wconf 83' lang='lat' dir='ltr'>Est</span> <span class='ocrx_word' id='word_1_452' title='bbox 2182 1639 2282 1676; x_wconf 89' lang='lat' dir='ltr'>enim</span> <span class='ocrx_word' id='word_1_453' title='bbox 2303 1637 2430 1676; x_wconf 53' lang='lat' dir='ltr'>sensum</span> 
     </span>
     <span class='ocr_line' id='line_1_71' title="bbox 1384 1684 2430 1736; baseline 0.004 -15"><span class='ocrx_word' id='word_1_454' title='bbox 1384 1684 1429 1721; x_wconf 89' lang='lat' dir='ltr'>Se</span> <span class='ocrx_word' id='word_1_455' title='bbox 1452 1685 1678 1723; x_wconf 84' lang='lat' dir='ltr'>avicularum</span> <span class='ocrx_word' id='word_1_456' title='bbox 1693 1715 1704 1732; x_wconf 91' lang='lat'>,</span> <span class='ocrx_word' id='word_1_457' title='bbox 1732 1699 1820 1736; x_wconf 83' lang='lat' dir='ltr'>quas</span> <span class='ocrx_word' id='word_1_458' title='bbox 1851 1692 1983 1725; x_wconf 84' lang='lat' dir='ltr'>Graeas</span> <span class='ocrx_word' id='word_1_459' title='bbox 2005 1689 2139 1726; x_wconf 89' lang='lat' dir='ltr'>Graeci</span> <span class='ocrx_word' id='word_1_460' title='bbox 2163 1689 2314 1733; x_wconf 90' lang='lat' dir='ltr'>dicunt,</span> <span class='ocrx_word' id='word_1_461' title='bbox 2341 1699 2430 1726; x_wconf 90' lang='lat' dir='ltr'>ocu-</span> 
     </span>
     <span class='ocr_line' id='line_1_72' title="bbox 1383 1735 2430 1788; baseline 0.006 -17"><span class='ocrx_word' id='word_1_462' title='bbox 1383 1735 1460 1772; x_wconf 89' lang='lat' dir='ltr'>lum</span> <span class='ocrx_word' id='word_1_463' title='bbox 1476 1764 1487 1780; x_wconf 92' lang='lat'>,</span> <span class='ocrx_word' id='word_1_464' title='bbox 1516 1749 1592 1786; x_wconf 91' lang='lat' dir='ltr'>quo</span> <span class='ocrx_word' id='word_1_465' title='bbox 1615 1749 1693 1775; x_wconf 93' lang='lat' dir='ltr'>uno</span> <span class='ocrx_word' id='word_1_466' title='bbox 1717 1738 1847 1776; x_wconf 83' lang='lat' dir='ltr'>ambae</span> <span class='ocrx_word' id='word_1_467' title='bbox 1876 1738 1989 1788; x_wconf 81' lang='lat' dir='ltr'>(nam</span> <span class='ocrx_word' id='word_1_468' title='bbox 2014 1739 2100 1777; x_wconf 85' lang='lat' dir='ltr'>duas</span> <span class='ocrx_word' id='word_1_469' title='bbox 2123 1748 2267 1777; x_wconf 87' lang='lat' dir='ltr'>tantum</span> <span class='ocrx_word' id='word_1_470' title='bbox 2295 1737 2430 1777; x_wconf 85' lang='lat' dir='ltr'>Hefio-</span> 
     </span>
     <span class='ocr_line' id='line_1_73' title="bbox 1382 1785 2426 1840; baseline 0.004 -17"><span class='ocrx_word' id='word_1_471' title='bbox 1382 1785 1447 1823; x_wconf 88' lang='lat' dir='ltr'>dus</span> <span class='ocrx_word' id='word_1_472' title='bbox 1469 1788 1581 1836; x_wconf 88' lang='lat' dir='ltr'>facit)</span> <span class='ocrx_word' id='word_1_473' title='bbox 1609 1789 1803 1826; x_wconf 86' lang='lat' dir='ltr'>utebantur</span> <span class='ocrx_word' id='word_1_474' title='bbox 1819 1818 1830 1835; x_wconf 94' lang='lat'>‚</span> <span class='ocrx_word' id='word_1_475' title='bbox 1866 1789 2094 1839; x_wconf 75' lang='lat' dir='ltr'>intercepisse</span> <span class='ocrx_word' id='word_1_476' title='bbox 2109 1819 2119 1835; x_wconf 93' lang='lat'>,</span> <span class='ocrx_word' id='word_1_477' title='bbox 2158 1800 2268 1840; x_wconf 88' lang='lat' dir='ltr'>atque</span> <span class='ocrx_word' id='word_1_478' title='bbox 2289 1790 2339 1828; x_wconf 85' lang='lat' dir='ltr'>ita</span> <span class='ocrx_word' id='word_1_479' title='bbox 2359 1789 2426 1827; x_wconf 91' lang='lat' dir='ltr'>du-</span> 
     </span>
     <span class='ocr_line' id='line_1_74' title="bbox 1381 1837 2435 1890; baseline 0.005 -16"><span class='ocrx_word' id='word_1_480' title='bbox 1381 1837 1480 1878; x_wconf 87' lang='lat' dir='ltr'>cibus</span> <span class='ocrx_word' id='word_1_481' title='bbox 1500 1838 1567 1876; x_wconf 89' lang='lat' dir='ltr'>illis</span> <span class='ocrx_word' id='word_1_482' title='bbox 1588 1839 1634 1876; x_wconf 89' lang='lat' dir='ltr'>ad</span> <span class='ocrx_word' id='word_1_483' title='bbox 1655 1840 1801 1886; x_wconf 88' lang='lat' dir='ltr'>locum,</span> <span class='ocrx_word' id='word_1_484' title='bbox 1821 1841 1883 1878; x_wconf 90' lang='lat' dir='ltr'>ubi</span> <span class='ocrx_word' id='word_1_485' title='bbox 1904 1841 2101 1890; x_wconf 87' lang='lat' dir='ltr'>Gorgones</span> <span class='ocrx_word' id='word_1_486' title='bbox 2118 1841 2341 1886; x_wconf 83' lang='lat' dir='ltr'>habitabant,</span> <span class='ocrx_word' id='word_1_487' title='bbox 2352 1851 2435 1890; x_wconf 74' lang='lat' dir='ltr'>per-¹</span> 
     </span>
     <span class='ocr_line' id='line_1_75' title="bbox 1382 1887 2435 1938; baseline 0.002 -12"><span class='ocrx_word' id='word_1_488' title='bbox 1382 1887 1530 1931; x_wconf 72' lang='lat' dir='ltr'>venisse.</span> <span class='ocrx_word' id='word_1_489' title='bbox 1562 1890 1675 1928; x_wconf 78' lang='lat' dir='ltr'>Erant</span> <span class='ocrx_word' id='word_1_490' title='bbox 1688 1892 2022 1935; x_wconf 11' lang='lat' dir='ltr'>autema&amp;Graeae</span> <span class='ocrx_word' id='word_1_491' title='bbox 2035 1892 2169 1931; x_wconf 84' lang='lat' dir='ltr'>Phorci</span> <span class='ocrx_word' id='word_1_492' title='bbox 2178 1890 2286 1936; x_wconf 83' lang='lat' dir='ltr'>filiae,</span> <span class='ocrx_word' id='word_1_493' title='bbox 2298 1901 2338 1930; x_wconf 92' lang='lat' dir='ltr'>ut</span> <span class='ocrx_word' id='word_1_494' title='bbox 2351 1892 2435 1938; x_wconf 64' lang='lat' dir='ltr'>Heag</span> 
     </span>
     <span class='ocr_line' id='line_1_76' title="bbox 1381 1939 2410 1991; baseline 0.003 -14"><span class='ocrx_word' id='word_1_495' title='bbox 1381 1939 1470 1978; x_wconf 89' lang='lat' dir='ltr'>fiod.</span> <span class='ocrx_word' id='word_1_496' title='bbox 1492 1940 1530 1978; x_wconf 88' lang='lat' dir='ltr'>in</span> <span class='ocrx_word' id='word_1_497' title='bbox 1554 1940 1759 1991; x_wconf 85' lang='lat' dir='ltr'>Theogon.</span> <span class='ocrx_word' id='word_1_498' title='bbox 1780 1954 1866 1990; x_wconf 84' lang='lat'>270.</span> <span class='ocrx_word' id='word_1_499' title='bbox 1884 1942 2150 1991; x_wconf 76' lang='lat' dir='ltr'>scribit‚.cujus</span> <span class='ocrx_word' id='word_1_500' title='bbox 2164 1942 2281 1981; x_wconf 71' lang='lat' dir='ltr'>versus</span> <span class='ocrx_word' id='word_1_501' title='bbox 2299 1941 2410 1989; x_wconf 50' lang='lat' dir='ltr'>sunta</span> 
     </span>
    </p>
   </div>
   <div class='ocr_carea' id='block_1_10' title="bbox 1424 2016 2479 2222">
    <p class='ocr_par' dir='ltr' id='par_1_29' title="bbox 1432 2016 2321 2067">
     <span class='ocr_line' id='line_1_77' title="bbox 1432 2016 2321 2067; baseline 0 -11"><span class='ocrx_word' id='word_1_502' title='bbox 1432 2023 1555 2066; x_wconf 71' lang='grc' dir='ltr'><em>Φερκύῖ</em></span> <span class='ocrx_word' id='word_1_503' title='bbox 1570 2016 1665 2058; x_wconf 69' lang='grc' dir='ltr'>δἀῗ]</span> <span class='ocrx_word' id='word_1_504' title='bbox 1685 2024 1791 2061; x_wconf 67' lang='grc' dir='ltr'>Κητὼ</span> <span class='ocrx_word' id='word_1_505' title='bbox 1810 2022 1936 2067; x_wconf 70' lang='grc' dir='ltr'><em>Γραῖκς</em></span> <span class='ocrx_word' id='word_1_506' title='bbox 1958 2023 2046 2058; x_wconf 77' lang='grc' dir='ltr'>τέκε</span> <span class='ocrx_word' id='word_1_507' title='bbox 2066 2021 2321 2066; x_wconf 61' lang='grc' dir='ltr'>καλλιπάρῃος</span> 
     </span>
    </p>

    <p class='ocr_par' dir='ltr' id='par_1_30' title="bbox 1424 2072 2479 2222">
     <span class='ocr_line' id='line_1_78' title="bbox 1432 2072 2361 2118; baseline 0 -11"><span class='ocrx_word' id='word_1_508' title='bbox 1432 2073 1495 2107; x_wconf 69' lang='lat' dir='ltr'>E’sc</span> <span class='ocrx_word' id='word_1_509' title='bbox 1513 2076 1662 2116; x_wconf 72' lang='grc' dir='ltr'><em>γενετῆς</em></span> <span class='ocrx_word' id='word_1_510' title='bbox 1684 2074 1814 2115; x_wconf 68' lang='grc' dir='ltr'><em>πολιὰς</em></span> <span class='ocrx_word' id='word_1_511' title='bbox 1830 2100 1839 2115; x_wconf 82' lang='grc'><em>,</em></span> <span class='ocrx_word' id='word_1_512' title='bbox 1869 2075 1938 2115; x_wconf 77' lang='grc' dir='ltr'>τΞις</span> <span class='ocrx_word' id='word_1_513' title='bbox 1954 2072 1996 2113; x_wconf 68' lang='grc' dir='ltr'>δὴ</span> <span class='ocrx_word' id='word_1_514' title='bbox 2021 2073 2149 2118; x_wconf 68' lang='grc' dir='ltr'>Γραίας</span> <span class='ocrx_word' id='word_1_515' title='bbox 2172 2074 2361 2108; x_wconf 67' lang='grc' dir='ltr'><em>καλέουσιν</em></span> 
     </span>
     <span class='ocr_line' id='line_1_79' title="bbox 1433 2119 2479 2178; baseline 0.002 -20"><span class='ocrx_word' id='word_1_516' title='bbox 1433 2123 1614 2160; x_wconf 65' lang='grc' dir='ltr'>Αθαὶνσιτσί</span> <span class='ocrx_word' id='word_1_517' title='bbox 1625 2136 1673 2159; x_wconf 66' lang='grc' dir='ltr'>τε</span> <span class='ocrx_word' id='word_1_518' title='bbox 1693 2123 1781 2178; x_wconf 57' lang='grc' dir='ltr'>θῇοἳ,</span> <span class='ocrx_word' id='word_1_519' title='bbox 1801 2127 1926 2168; x_wconf 69' lang='grc' dir='ltr'><em>χαμαὶ</em></span> <span class='ocrx_word' id='word_1_520' title='bbox 1948 2124 1985 2159; x_wconf 68' lang='grc' dir='ltr'>τ’</span> <span class='ocrx_word' id='word_1_521' title='bbox 2008 2119 2433 2175; x_wconf 56' lang='grc' dir='ltr'>ἐρχόμευοὶτ’ὶὶνόρωπ’σι3</span> <span class='ocrx_word' id='word_1_522' title='bbox 2478 2129 2479 2134; x_wconf 77' lang='grc'>’</span> 
     </span>
     <span class='ocr_line' id='line_1_80' title="bbox 1424 2169 2356 2222; baseline -0.002 -7"><span class='ocrx_word' id='word_1_523' title='bbox 1424 2171 1651 2222; x_wconf 69' lang='grc' dir='ltr'>.Πεφρηὸώτ’</span> <span class='ocrx_word' id='word_1_524' title='bbox 1674 2173 1883 2221; x_wconf 49' lang='lat' dir='ltr'>genennae,</span> <span class='ocrx_word' id='word_1_525' title='bbox 1916 2169 2073 2216; x_wconf 64' lang='grc' dir='ltr'><em>Ε’νυιῦτε</em></span> <span class='ocrx_word' id='word_1_526' title='bbox 2093 2174 2356 2220; x_wconf 55' lang='lat' dir='ltr'>mononem-&gt;tov-</span> 
     </span>
    </p>
   </div>
   <div class='ocr_carea' id='block_1_11' title="bbox 1369 2248 2476 3317">
    <p class='ocr_par' dir='ltr' id='par_1_31' title="bbox 1369 2248 2476 3317">
     <span class='ocr_line' id='line_1_81' title="bbox 1380 2248 2476 2303; baseline 0 -14"><span class='ocrx_word' id='word_1_527' title='bbox 1380 2248 1600 2292; x_wconf 82' lang='lat' dir='ltr'>Zenodotus</span> <span class='ocrx_word' id='word_1_528' title='bbox 1621 2260 1745 2292; x_wconf 82' lang='lat' dir='ltr'>autem</span> <span class='ocrx_word' id='word_1_529' title='bbox 1767 2261 1838 2292; x_wconf 85' lang='lat' dir='ltr'>tres</span> <span class='ocrx_word' id='word_1_530' title='bbox 1859 2261 2045 2298; x_wconf 82' lang='lat' dir='ltr'>numerat,</span> <span class='ocrx_word' id='word_1_531' title='bbox 2059 2252 2300 2303; x_wconf 84' lang='lat' dir='ltr'>Mempheden,</span> <span class='ocrx_word' id='word_1_532' title='bbox 2314 2251 2426 2302; x_wconf 65' lang='lat' dir='ltr'>Enyo]</span> <span class='ocrx_word' id='word_1_533' title='bbox 2474 2285 2476 2303; x_wconf 27' lang='grc' dir='ltr'>ἱ</span> 
     </span>
     <span class='ocr_line' id='line_1_82' title="bbox 1382 2302 2422 2354; baseline 0 -12"><span class='ocrx_word' id='word_1_534' title='bbox 1382 2315 1425 2342; x_wconf 68' lang='lat'>(9²</span> <span class='ocrx_word' id='word_1_535' title='bbox 1441 2305 1546 2342; x_wconf 82' lang='lat' dir='ltr'>Dino.</span> <span class='ocrx_word' id='word_1_536' title='bbox 1575 2306 1729 2343; x_wconf 84' lang='lat' dir='ltr'>Easdem</span> <span class='ocrx_word' id='word_1_537' title='bbox 1754 2307 1792 2343; x_wconf 74' lang='grc' dir='ltr'>δε</span> <span class='ocrx_word' id='word_1_538' title='bbox 1821 2304 2055 2353; x_wconf 66' lang='lat' dir='ltr'>‘Pherecydes</span> <span class='ocrx_word' id='word_1_539' title='bbox 2079 2304 2209 2353; x_wconf 89' lang='lat' dir='ltr'>ponit,</span> <span class='ocrx_word' id='word_1_540' title='bbox 2235 2302 2302 2341; x_wconf 89' lang='lat' dir='ltr'>nifi</span> <span class='ocrx_word' id='word_1_541' title='bbox 2323 2302 2422 2354; x_wconf 79' lang='lat' dir='ltr'>quod</span> 
     </span>
     <span class='ocr_line' id='line_1_83' title="bbox 1379 2355 2423 2402; baseline 0 -11"><span class='ocrx_word' id='word_1_542' title='bbox 1379 2366 1447 2402; x_wconf 87' lang='lat' dir='ltr'>pro</span> <span class='ocrx_word' id='word_1_543' title='bbox 1470 2356 1599 2396; x_wconf 88' lang='lat' dir='ltr'>ultima</span> <span class='ocrx_word' id='word_1_544' title='bbox 1613 2385 1623 2401; x_wconf 90' lang='lat'>,</span> <span class='ocrx_word' id='word_1_545' title='bbox 1645 2356 1778 2394; x_wconf 88' lang='lat' dir='ltr'>scilicet</span> <span class='ocrx_word' id='word_1_546' title='bbox 1804 2357 1912 2400; x_wconf 84' lang='lat' dir='ltr'>Dino,</span> <span class='ocrx_word' id='word_1_547' title='bbox 1934 2355 2044 2393; x_wconf 89' lang='lat' dir='ltr'>nostri</span> <span class='ocrx_word' id='word_1_548' title='bbox 2066 2355 2213 2392; x_wconf 86' lang='lat' dir='ltr'>codices</span> <span class='ocrx_word' id='word_1_549' title='bbox 2235 2361 2334 2391; x_wconf 85' lang='lat' dir='ltr'>Iaeno</span> <span class='ocrx_word' id='word_1_550' title='bbox 2350 2355 2423 2392; x_wconf 85' lang='lat' dir='ltr'>&#39;ha-</span> 
     </span>
     <span class='ocr_line' id='line_1_84' title="bbox 1380 2405 2420 2456; baseline 0 -14"><span class='ocrx_word' id='word_1_551' title='bbox 1380 2405 1478 2443; x_wconf 88' lang='lat' dir='ltr'>bent.</span> <span class='ocrx_word' id='word_1_552' title='bbox 1505 2407 1611 2444; x_wconf 84' lang='lat' dir='ltr'>Plura</span> <span class='ocrx_word' id='word_1_553' title='bbox 1630 2407 1676 2444; x_wconf 90' lang='lat' dir='ltr'>de</span> <span class='ocrx_word' id='word_1_554' title='bbox 1699 2408 1753 2444; x_wconf 90' lang='lat' dir='ltr'>his</span> <span class='ocrx_word' id='word_1_555' title='bbox 1782 2407 1847 2456; x_wconf 84' lang='lat' dir='ltr'>qui</span> <span class='ocrx_word' id='word_1_556' title='bbox 1876 2406 1980 2444; x_wconf 89' lang='lat' dir='ltr'>volet</span> <span class='ocrx_word' id='word_1_557' title='bbox 1994 2435 2004 2451; x_wconf 92' lang='lat'>‚</span> <span class='ocrx_word' id='word_1_558' title='bbox 2026 2406 2220 2443; x_wconf 87' lang='lat' dir='ltr'>Erasmum</span> <span class='ocrx_word' id='word_1_559' title='bbox 2240 2405 2364 2443; x_wconf 87' lang='lat' dir='ltr'>videat</span> <span class='ocrx_word' id='word_1_560' title='bbox 2382 2405 2420 2443; x_wconf 83' lang='lat' dir='ltr'>in</span> 
     </span>
     <span class='ocr_line' id='line_1_85' title="bbox 1379 2455 2420 2507; baseline -0.001 -14"><span class='ocrx_word' id='word_1_561' title='bbox 1379 2458 1578 2504; x_wconf 86' lang='lat' dir='ltr'>proverbio</span> <span class='ocrx_word' id='word_1_562' title='bbox 1600 2459 1680 2494; x_wconf 84' lang='lat' dir='ltr'>Orci</span> <span class='ocrx_word' id='word_1_563' title='bbox 1708 2458 1829 2507; x_wconf 84' lang='lat' dir='ltr'>galea:</span> <span class='ocrx_word' id='word_1_564' title='bbox 1845 2458 1883 2495; x_wconf 64' lang='grc' dir='ltr'>ὅ(</span> <span class='ocrx_word' id='word_1_565' title='bbox 1907 2457 2157 2505; x_wconf 71' lang='lat' dir='ltr'>Pherecydem</span> <span class='ocrx_word' id='word_1_566' title='bbox 2173 2484 2183 2501; x_wconf 95' lang='lat'>,</span> <span class='ocrx_word' id='word_1_567' title='bbox 2211 2464 2252 2493; x_wconf 92' lang='lat' dir='ltr'>ut</span> <span class='ocrx_word' id='word_1_568' title='bbox 2273 2455 2420 2505; x_wconf 90' lang='lat' dir='ltr'>quidem</span> 
     </span>
     <span class='ocr_line' id='line_1_86' title="bbox 1379 2507 2420 2558; baseline 0 -15"><span class='ocrx_word' id='word_1_569' title='bbox 1379 2507 1509 2545; x_wconf 85' lang='lat' dir='ltr'>citatur</span> <span class='ocrx_word' id='word_1_570' title='bbox 1529 2509 1567 2546; x_wconf 90' lang='lat' dir='ltr'>in</span> <span class='ocrx_word' id='word_1_571' title='bbox 1580 2517 1793 2546; x_wconf 82' lang='lat' dir='ltr'>comment.</span> <span class='ocrx_word' id='word_1_572' title='bbox 1816 2508 2010 2558; x_wconf 78' lang='lat' dir='ltr'>Apollonii</span> <span class='ocrx_word' id='word_1_573' title='bbox 2028 2508 2088 2545; x_wconf 81' lang='lat' dir='ltr'>lib.</span> <span class='ocrx_word' id='word_1_574' title='bbox 2109 2519 2143 2553; x_wconf 82' lang='lat'>4.</span> <span class='ocrx_word' id='word_1_575' title='bbox 2184 2508 2359 2544; x_wconf 89' lang='lat' dir='ltr'>Ceterum</span> <span class='ocrx_word' id='word_1_576' title='bbox 2379 2511 2420 2543; x_wconf 79' lang='lat' dir='ltr'>ut</span> 
     </span>
     <span class='ocr_line' id='line_1_87' title="bbox 1377 2555 2418 2608; baseline 0 -14"><span class='ocrx_word' id='word_1_577' title='bbox 1377 2557 1452 2595; x_wconf 90' lang='lat' dir='ltr'>hoc</span> <span class='ocrx_word' id='word_1_578' title='bbox 1481 2571 1635 2608; x_wconf 87' lang='lat' dir='ltr'>quoque</span> <span class='ocrx_word' id='word_1_579' title='bbox 1665 2559 1842 2597; x_wconf 88' lang='lat' dir='ltr'>addamus</span> <span class='ocrx_word' id='word_1_580' title='bbox 1864 2587 1874 2604; x_wconf 92' lang='lat'>,</span> <span class='ocrx_word' id='word_1_581' title='bbox 1910 2567 2030 2596; x_wconf 84' lang='lat' dir='ltr'>totam</span> <span class='ocrx_word' id='word_1_582' title='bbox 2061 2558 2156 2595; x_wconf 87' lang='lat' dir='ltr'>hanc</span> <span class='ocrx_word' id='word_1_583' title='bbox 2183 2557 2342 2595; x_wconf 86' lang='lat' dir='ltr'>fabulam</span> <span class='ocrx_word' id='word_1_584' title='bbox 2374 2555 2418 2594; x_wconf 82' lang='lat' dir='ltr'>de</span> 
     </span>
     <span class='ocr_line' id='line_1_88' title="bbox 1380 2607 2413 2657; baseline -0.001 -12"><span class='ocrx_word' id='word_1_585' title='bbox 1380 2609 1616 2657; x_wconf 80' lang='lat' dir='ltr'>Gorgonibus</span> <span class='ocrx_word' id='word_1_586' title='bbox 1638 2610 1830 2648; x_wconf 88' lang='lat' dir='ltr'>Diodorus</span> <span class='ocrx_word' id='word_1_587' title='bbox 1861 2609 1907 2647; x_wconf 86' lang='lat' dir='ltr'>ad</span> <span class='ocrx_word' id='word_1_588' title='bbox 1929 2608 2113 2646; x_wconf 71' lang='lat' dir='ltr'>historiam</span> <span class='ocrx_word' id='word_1_589' title='bbox 2138 2609 2271 2652; x_wconf 81' lang='lat' dir='ltr'>refert,</span> <span class='ocrx_word' id='word_1_590' title='bbox 2293 2607 2413 2645; x_wconf 84' lang='lat' dir='ltr'>dicens</span> 
     </span>
     <span class='ocr_line' id='line_1_89' title="bbox 1380 2657 2439 2708; baseline -0.001 -13"><span class='ocrx_word' id='word_1_591' title='bbox 1380 2659 1785 2708; x_wconf 81' lang='lat' dir='ltr'>Gorgoniam-gentem</span> <span class='ocrx_word' id='word_1_592' title='bbox 1806 2659 1998 2708; x_wconf 83' lang='lat' dir='ltr'>quondam</span> <span class='ocrx_word' id='word_1_593' title='bbox 2023 2657 2127 2695; x_wconf 86' lang='lat' dir='ltr'>fuisse</span> <span class='ocrx_word' id='word_1_594' title='bbox 2148 2659 2185 2695; x_wconf 89' lang='lat' dir='ltr'>in</span> <span class='ocrx_word' id='word_1_595' title='bbox 2200 2658 2439 2708; x_wconf 43' lang='lat' dir='ltr'>Libyan-pers</span> 
     </span>
     <span class='ocr_line' id='line_1_90' title="bbox 1378 2707 2416 2758; baseline 0 -13"><span class='ocrx_word' id='word_1_596' title='bbox 1378 2709 1464 2745; x_wconf 84' lang='lat' dir='ltr'>inde</span> <span class='ocrx_word' id='word_1_597' title='bbox 1486 2718 1526 2746; x_wconf 91' lang='lat' dir='ltr'>ut</span> <span class='ocrx_word' id='word_1_598' title='bbox 1546 2711 1788 2747; x_wconf 85' lang='lat' dir='ltr'>Amazonum</span> <span class='ocrx_word' id='word_1_599' title='bbox 1812 2711 1849 2746; x_wconf 93' lang='lat' dir='ltr'>in</span> <span class='ocrx_word' id='word_1_600' title='bbox 1871 2710 2019 2758; x_wconf 79' lang='lat' dir='ltr'>Scythia</span> <span class='ocrx_word' id='word_1_601' title='bbox 2033 2737 2043 2753; x_wconf 90' lang='lat'>,</span> <span class='ocrx_word' id='word_1_602' title='bbox 2066 2721 2225 2758; x_wconf 87' lang='lat' dir='ltr'>eamque</span> <span class='ocrx_word' id='word_1_603' title='bbox 2247 2708 2267 2746; x_wconf 71' lang='lat' dir='ltr'>a</span> <span class='ocrx_word' id='word_1_604' title='bbox 2291 2707 2416 2746; x_wconf 80' lang='lat' dir='ltr'>Perseo</span> 
     </span>
     <span class='ocr_line' id='line_1_91' title="bbox 1376 2758 2417 2809; baseline 0 -14"><span class='ocrx_word' id='word_1_605' title='bbox 1376 2759 1605 2797; x_wconf 85' lang='lat' dir='ltr'>debellatam.</span> <span class='ocrx_word' id='word_1_606' title='bbox 1641 2759 1739 2796; x_wconf 87' lang='lat' dir='ltr'>Vide</span> <span class='ocrx_word' id='word_1_607' title='bbox 1767 2759 1828 2796; x_wconf 89' lang='lat' dir='ltr'>lib.</span> <span class='ocrx_word' id='word_1_608' title='bbox 1849 2769 1993 2809; x_wconf 76' lang='lat' dir='ltr'>quarto.</span> <span class='ocrx_word' id='word_1_609' title='bbox 2032 2761 2253 2797; x_wconf 66' lang='lat' dir='ltr'>Mrcnrus.</span> <span class='ocrx_word' id='word_1_610' title='bbox 2305 2758 2417 2797; x_wconf 60' lang='lat' dir='ltr'>Rette</span> 
     </span>
     <span class='ocr_line' id='line_1_92' title="bbox 1375 2809 2416 2859; baseline 0.001 -14"><span class='ocrx_word' id='word_1_611' title='bbox 1375 2809 1560 2858; x_wconf 85' lang='lat' dir='ltr'>Micyllus.</span> <span class='ocrx_word' id='word_1_612' title='bbox 1588 2809 1841 2859; x_wconf 85' lang='lat' dir='ltr'>Apollodorus</span> <span class='ocrx_word' id='word_1_613' title='bbox 1857 2813 1893 2848; x_wconf 89' lang='lat' dir='ltr'>in</span> <span class='ocrx_word' id='word_1_614' title='bbox 1914 2811 2141 2848; x_wconf 83' lang='lat' dir='ltr'>Bibliotheca</span> <span class='ocrx_word' id='word_1_615' title='bbox 2165 2811 2223 2848; x_wconf 89' lang='lat' dir='ltr'>lib.</span> <span class='ocrx_word' id='word_1_616' title='bbox 2251 2822 2305 2847; x_wconf 85' lang='lat'>11.</span> <span class='ocrx_word' id='word_1_617' title='bbox 2329 2811 2361 2852; x_wconf 84' lang='lat'>§.</span> <span class='ocrx_word' id='word_1_618' title='bbox 2381 2820 2416 2846; x_wconf 86' lang='lat'>2.</span> 
     </span>
     <span class='ocr_line' id='line_1_93' title="bbox 1378 2859 2414 2910; baseline -0.001 -13"><span class='ocrx_word' id='word_1_619' title='bbox 1378 2870 1490 2898; x_wconf 87' lang='lat' dir='ltr'>vocat</span> <span class='ocrx_word' id='word_1_620' title='bbox 1510 2865 1600 2897; x_wconf 84' lang='lat' dir='ltr'>Ento</span> <span class='ocrx_word' id='word_1_621' title='bbox 1614 2890 1625 2906; x_wconf 91' lang='lat'>,</span> <span class='ocrx_word' id='word_1_622' title='bbox 1654 2861 1862 2910; x_wconf 78' lang='lat' dir='ltr'>Pemphredo</span> <span class='ocrx_word' id='word_1_623' title='bbox 1875 2890 1886 2906; x_wconf 91' lang='lat'>‚</span> <span class='ocrx_word' id='word_1_624' title='bbox 1915 2862 2010 2897; x_wconf 80' lang='lat' dir='ltr'>Dino</span> <span class='ocrx_word' id='word_1_625' title='bbox 2025 2890 2034 2906; x_wconf 94' lang='lat'>‚</span> <span class='ocrx_word' id='word_1_626' title='bbox 2055 2862 2116 2899; x_wconf 85' lang='lat' dir='ltr'>ubi</span> <span class='ocrx_word' id='word_1_627' title='bbox 2140 2866 2234 2910; x_wconf 68' lang='lat' dir='ltr'>Enyo</span> <span class='ocrx_word' id='word_1_628' title='bbox 2255 2861 2349 2898; x_wconf 91' lang='lat' dir='ltr'>forte</span> <span class='ocrx_word' id='word_1_629' title='bbox 2365 2859 2414 2896; x_wconf 63' lang='lat' dir='ltr'>le»</span> 
     </span>
     <span class='ocr_line' id='line_1_94' title="bbox 1375 2911 2415 2960; baseline -0.002 -11"><span class='ocrx_word' id='word_1_630' title='bbox 1375 2911 1608 2960; x_wconf 86' lang='lat' dir='ltr'>gendum‚ut</span> <span class='ocrx_word' id='word_1_631' title='bbox 1626 2911 1879 2960; x_wconf 83' lang='lat' dir='ltr'>Apollodorus</span> <span class='ocrx_word' id='word_1_632' title='bbox 1910 2914 1947 2950; x_wconf 70' lang='grc' dir='ltr'>ὃ(</span> <span class='ocrx_word' id='word_1_633' title='bbox 1972 2912 2158 2953; x_wconf 78' lang='lat' dir='ltr'>Hesiodus</span> <span class='ocrx_word' id='word_1_634' title='bbox 2176 2914 2214 2949; x_wconf 88' lang='lat' dir='ltr'>in</span> <span class='ocrx_word' id='word_1_635' title='bbox 2237 2911 2415 2959; x_wconf 81' lang='lat' dir='ltr'>Theogo-</span> 
     </span>
     <span class='ocr_line' id='line_1_95' title="bbox 1374 2962 2421 3012; baseline -0.004 -14"><span class='ocrx_word' id='word_1_636' title='bbox 1374 2963 1434 2999; x_wconf 86' lang='lat' dir='ltr'>nia</span> <span class='ocrx_word' id='word_1_637' title='bbox 1457 2971 1578 3000; x_wconf 83' lang='lat' dir='ltr'>vocat.</span> <span class='ocrx_word' id='word_1_638' title='bbox 1602 2964 1640 3000; x_wconf 85' lang='lat'>&amp;</span> <span class='ocrx_word' id='word_1_639' title='bbox 1665 2963 1835 3012; x_wconf 78' lang='lat' dir='ltr'>Hyginus</span> <span class='ocrx_word' id='word_1_640' title='bbox 1868 2964 2018 3011; x_wconf 75' lang='lat' dir='ltr'>praefat.</span> <span class='ocrx_word' id='word_1_641' title='bbox 2050 2969 2102 2999; x_wconf 68' lang='lat' dir='ltr'>Ee</span> <span class='ocrx_word' id='word_1_642' title='bbox 2125 2962 2251 2999; x_wconf 83' lang='lat' dir='ltr'>Phorco</span> <span class='ocrx_word' id='word_1_643' title='bbox 2271 2974 2314 3001; x_wconf 60' lang='grc' dir='ltr'>υ·</span> <span class='ocrx_word' id='word_1_644' title='bbox 2337 2967 2421 2998; x_wconf 73' lang='lat' dir='ltr'>Cete&#39;</span> 
     </span>
     <span class='ocr_line' id='line_1_96' title="bbox 1373 3009 2414 3063; baseline -0.002 -15"><span class='ocrx_word' id='word_1_645' title='bbox 1373 3012 1576 3057; x_wconf 58' lang='lat' dir='ltr'>pharurim,</span> <span class='ocrx_word' id='word_1_646' title='bbox 1606 3014 1802 3063; x_wconf 80' lang='lat' dir='ltr'>Pamphede</span> <span class='ocrx_word' id='word_1_647' title='bbox 1817 3043 1827 3059; x_wconf 92' lang='lat'>,</span> <span class='ocrx_word' id='word_1_648' title='bbox 1857 3019 1970 3063; x_wconf 60' lang='lat' dir='ltr'>Enyo,</span> <span class='ocrx_word' id='word_1_649' title='bbox 1990 3012 2134 3062; x_wconf 76' lang='lat' dir='ltr'>Cherfis.</span> <span class='ocrx_word' id='word_1_650' title='bbox 2169 3023 2229 3063; x_wconf 81' lang='lat' dir='ltr'>pro</span> <span class='ocrx_word' id='word_1_651' title='bbox 2251 3012 2315 3049; x_wconf 76' lang='lat' dir='ltr'>hac</span> <span class='ocrx_word' id='word_1_652' title='bbox 2334 3009 2414 3048; x_wconf 85' lang='lat' dir='ltr'>ulti-</span> 
     </span>
     <span class='ocr_line' id='line_1_97' title="bbox 1371 3061 2455 3113; baseline 0 -15"><span class='ocrx_word' id='word_1_653' title='bbox 1371 3076 1430 3099; x_wconf 79' lang='lat' dir='ltr'>ma</span> <span class='ocrx_word' id='word_1_654' title='bbox 1454 3065 1546 3099; x_wconf 80' lang='lat' dir='ltr'>Dino</span> <span class='ocrx_word' id='word_1_655' title='bbox 1568 3064 1632 3100; x_wconf 86' lang='lat' dir='ltr'>alii</span> <span class='ocrx_word' id='word_1_656' title='bbox 1647 3074 1781 3112; x_wconf 81' lang='lat' dir='ltr'>ponunt</span> <span class='ocrx_word' id='word_1_657' title='bbox 1795 3093 1804 3109; x_wconf 90' lang='lat'>‚</span> <span class='ocrx_word' id='word_1_658' title='bbox 1818 3073 1858 3101; x_wconf 85' lang='lat' dir='ltr'>ut</span> <span class='ocrx_word' id='word_1_659' title='bbox 1880 3065 1978 3102; x_wconf 63' lang='lat' dir='ltr'>recte</span> <span class='ocrx_word' id='word_1_660' title='bbox 2000 3065 2171 3113; x_wconf 72' lang='lat' dir='ltr'>Micyllus</span> <span class='ocrx_word' id='word_1_661' title='bbox 2194 3066 2231 3101; x_wconf 70' lang='grc' dir='ltr'>δε</span> <span class='ocrx_word' id='word_1_662' title='bbox 2258 3061 2415 3100; x_wconf 74' lang='lat' dir='ltr'>Munko-</span> <span class='ocrx_word' id='word_1_663' title='bbox 2454 3100 2455 3105; x_wconf 52' lang='grc'>,</span> 
     </span>
     <span class='ocr_line' id='line_1_98' title="bbox 1369 3113 2414 3162; baseline -0.002 -13"><span class='ocrx_word' id='word_1_664' title='bbox 1369 3124 1427 3150; x_wconf 84' lang='lat' dir='ltr'>rus</span> <span class='ocrx_word' id='word_1_665' title='bbox 1448 3114 1696 3162; x_wconf 84' lang='lat' dir='ltr'>reposuerunt.</span> <span class='ocrx_word' id='word_1_666' title='bbox 1742 3115 1949 3152; x_wconf 81' lang='lat' dir='ltr'>Heraclitus</span> <span class='ocrx_word' id='word_1_667' title='bbox 1979 3115 2024 3152; x_wconf 91' lang='lat' dir='ltr'>de</span> <span class='ocrx_word' id='word_1_668' title='bbox 2052 3113 2321 3152; x_wconf 86' lang='lat' dir='ltr'>Incredibilibus</span> <span class='ocrx_word' id='word_1_669' title='bbox 2342 3122 2414 3159; x_wconf 83' lang='lat' dir='ltr'>cap.</span> 
     </span>
     <span class='ocr_line' id='line_1_99' title="bbox 1375 3165 2412 3214; baseline -0.002 -14"><span class='ocrx_word' id='word_1_670' title='bbox 1375 3176 1430 3212; x_wconf 86' lang='lat'>13.</span> <span class='ocrx_word' id='word_1_671' title='bbox 1454 3173 1565 3202; x_wconf 81' lang='lat' dir='ltr'>vocat</span> <span class='ocrx_word' id='word_1_672' title='bbox 1589 3165 1758 3214; x_wconf 79' lang='lat' dir='ltr'>Pephredo</span> <span class='ocrx_word' id='word_1_673' title='bbox 1783 3194 1793 3210; x_wconf 95' lang='lat'>,</span> <span class='ocrx_word' id='word_1_674' title='bbox 1824 3166 2095 3214; x_wconf 57' lang='lat' dir='ltr'>Ennyofflerfh,</span> <span class='ocrx_word' id='word_1_675' title='bbox 2123 3175 2161 3202; x_wconf 89' lang='lat' dir='ltr'>ut</span> <span class='ocrx_word' id='word_1_676' title='bbox 2182 3165 2350 3214; x_wconf 84' lang='lat' dir='ltr'>Hyginus</span> <span class='ocrx_word' id='word_1_677' title='bbox 2369 3171 2412 3198; x_wconf 83' lang='lat' dir='ltr'>ex</span> 
     </span>
     <span class='ocr_line' id='line_1_100' title="bbox 1371 3213 2412 3267; baseline -0.003 -15"><span class='ocrx_word' id='word_1_678' title='bbox 1371 3215 1578 3259; x_wconf 87' lang='lat' dir='ltr'>Heraclito,</span> <span class='ocrx_word' id='word_1_679' title='bbox 1593 3217 1651 3254; x_wconf 85' lang='lat' dir='ltr'>vel</span> <span class='ocrx_word' id='word_1_680' title='bbox 1672 3217 1733 3254; x_wconf 89' lang='lat' dir='ltr'>hic</span> <span class='ocrx_word' id='word_1_681' title='bbox 1755 3228 1800 3254; x_wconf 81' lang='lat' dir='ltr'>ex</span> <span class='ocrx_word' id='word_1_682' title='bbox 1824 3217 1886 3254; x_wconf 91' lang='lat' dir='ltr'>illo</span> <span class='ocrx_word' id='word_1_683' title='bbox 1909 3216 1950 3253; x_wconf 78' lang='lat' dir='ltr'>sit</span> <span class='ocrx_word' id='word_1_684' title='bbox 1973 3216 2238 3254; x_wconf 82' lang='lat' dir='ltr'>emendandus.</span> <span class='ocrx_word' id='word_1_685' title='bbox 2257 3213 2412 3267; x_wconf 71' lang='lat' dir='ltr'>Aeschy-</span> 
     </span>
     <span class='ocr_line' id='line_1_101' title="bbox 1370 3266 2412 3317; baseline -0.005 -14"><span class='ocrx_word' id='word_1_686' title='bbox 1370 3266 1423 3304; x_wconf 82' lang='lat' dir='ltr'>lus</span> <span class='ocrx_word' id='word_1_687' title='bbox 1445 3267 1699 3315; x_wconf 78' lang='lat' dir='ltr'>Tragoediam</span> <span class='ocrx_word' id='word_1_688' title='bbox 1723 3267 1902 3317; x_wconf 83' lang='lat' dir='ltr'>scripserat</span> <span class='ocrx_word' id='word_1_689' title='bbox 1923 3266 2135 3312; x_wconf 76' lang='lat' dir='ltr'>Phorcidas,</span> <span class='ocrx_word' id='word_1_690' title='bbox 2164 3267 2264 3316; x_wconf 83' lang='lat' dir='ltr'>cujus</span> <span class='ocrx_word' id='word_1_691' title='bbox 2286 3272 2412 3302; x_wconf 74' lang='lat' dir='ltr'>memi-</span> 
     </span>
    </p>
   </div>
   <div class='ocr_carea' id='block_1_12' title="bbox 1371 3312 2414 3413">
    <p class='ocr_par' dir='ltr' id='par_1_32' title="bbox 1371 3312 2414 3413">
     <span class='ocr_line' id='line_1_102' title="bbox 1371 3312 2414 3413; baseline -0.004 -57"><span class='ocrx_word' id='word_1_692' title='bbox 1371 3318 1425 3356; x_wconf 88' lang='lat' dir='ltr'>nit</span> <span class='ocrx_word' id='word_1_693' title='bbox 1453 3317 1592 3357; x_wconf 85' lang='lat' dir='ltr'>Athen.</span> <span class='ocrx_word' id='word_1_694' title='bbox 1623 3319 1684 3360; x_wconf 86' lang='lat' dir='ltr'>lib.</span> <span class='ocrx_word' id='word_1_695' title='bbox 1705 3331 1762 3358; x_wconf 75' lang='lat' dir='ltr'>xx.</span> <span class='ocrx_word' id='word_1_696' title='bbox 1794 3318 1993 3368; x_wconf 48' lang='lat' dir='ltr'>,Araxum</span> <span class='ocrx_word' id='word_1_697' title='bbox 2026 3317 2065 3357; x_wconf 81' lang='grc' dir='ltr'>ἐν</span> <span class='ocrx_word' id='word_1_698' title='bbox 2088 3321 2241 3362; x_wconf 54' lang='lat' dir='ltr'>wacca,</span> <span class='ocrx_word' id='word_1_699' title='bbox 2277 3312 2414 3413; x_wconf 41' lang='lat' dir='ltr'>&amp;gli-1132(s</span> 
     </span>
    </p>
   </div>
  </div>
 </body>
</html>
