2483 3616
636 137 699 195 P.
775 129 1188 196 OVIDII
1261 130 1793 193 NASONIS

831 275 1129 325 XLVIII.
1198 240 1968 330 ARGuMEN'rUM..

835 356 1053 419 Jaculum
1087 355 1288 404 Romuli
1323 356 1371 403 in
1404 355 1632 406 arborem.

236 479 473 538 R0mulu5‚
513 476 682 524 Martis
717 475 772 528 ὃ
807 475 915 524 Iliae
938 477 1064 536 filius
1088 510 1103 535 ,
1148 480 1163 499 ²
1196 491 1289 521 cum
1322 485 1581 535 venaretur,
1617 492 1666 521 ex
1688 485 1824 523 monte
1849 481 2066 528 Aventino
2081 478 2327 543 persequens

175 561 326 609 aprum
348 547 612 609 fugientem,
644 541 844 601 jaculum
879 540 896 566 ¹³
917 541 1055 603 jecit3
1093 547 1108 566 ⁰
1129 542 1239 602 quod
1259 557 1351 587 eum
1367 545 1566 601 protinus
1589 543 1634 587 in
1656 543 1754 590 colle
1780 542 1984 591 Palatino
2003 546 2210 608 haeserit,
2246 550 2328 595 loco

176 613 264 673 ejus
288 616 439 659 montis
461 606 612 670 dscala
624 608 784 669 faHa3
822 609 936 670 cujus
958 611 1046 654 ima
1068 611 1084 631 ⁶
1104 620 1208 667 pars
1229 607 1331 653 adeo
1356 607 1539 669 deprff
1561 616 1703 653 terrae
1723 607 1779 668 est
1793 641 1809 666 ‚
1844 618 1892 655 ut
1891 613 1956 671 stt
1967 613 2196 676 comprensa
2209 614 2329 660 radi-

149 146 292 202 1060

572 278 764 328 ΕΑΒ.

175 679 287 726 cibus
299 699 316 735 3
352 677 543 739 effeetum
567 672 622 735 est
645 675 885 736 noviffime,
920 683 968 719 ut
992 674 1037 719 in
1059 672 1250 718 arborem
1270 668 1480 719 fCornum
1505 673 1746 736 conversum
1757 677 1838 734 stt.

320 801 425 874 560

616 794 740 848 Tve
764 793 1011 849 Palatinis
1034 793 1353 848 haerentem
1377 791 1599 847 collibus
1628 793 1783 859 olim,

627 867 771 922 Cum
792 866 966 922 subito
992 867 1127 922 vidit
1151 865 1494 922 frondescere
1521 866 1789 923 Romulus
1817 868 2013 925 hastam
2028 896 2047 935 3

470 946 626 1016 Quae
656 941 836 996 radice
858 943 1029 1006 nova,
1066 957 1177 995 non
1201 940 1347 995 ferro
1374 939 1539 994 stabat
1566 940 1784 997 adaflo:

468 1016 542 1072 Et
562 1015 670 1084 jam
695 1032 806 1070 non
830 1016 1028 1080 telum,
1064 1014 1156 1070 sed
1180 1015 1309 1069 lenti
1335 1013 1546 1068 viminis
1572 1016 1759 1080 arbor,

466 1090 596 1146 Non
626 1088 947 1161 exspeesatas
976 1088 1135 1144 dabat
1160 1087 1543 1144 admirantibus
1569 1090 1797 1145 umbras,

697 1229 864 1278 ΕΑΒ.
921 1229 1144 1279 XLIX.
1211 1229 1818 1277 ARGUMENTUM.

920 1354 936 1376 ³
969 1349 1152 1414 Cippus
1186 1345 1330 1396 fabius
1365 1358 1603 1396 cornutus,

241 1487 372 1548 Cipus
401 1481 420 1510 b
448 1483 655 1530 Genutius
676 1480 730 1529 ab
753 1481 862 1545 hoste
885 1484 1025 1530 vietor
1047 1487 1062 1507 ⁰
1082 1491 1298 1529 revertens
1322 1514 1337 1542 ,
1374 1481 1627 1543 priusquam
1648 1478 1918 1542 triumphans
1929 1488 2103 1543 portam
2127 1482 2342 1544 intrare&

178 1680 323 1719 Edocuit
341 1690 478 1730 gentem
499 1679 597 1729 casus
614 1678 744 1728 aperire
755 1679 938 1730 futuros.]
969 1678 1094 1728 HujUs
1117 1677 1233 1729 Tagis

176 1733 270 1771 haec
299 1733 442 1770 mentio
471 1732 521 1769 est
549 1731 647 1780 apud
669 1731 918 1770 Ammianum
937 1731 999 1769 lib.
1018 1743 1096 1769 xxx.
1123 1730 1235 1768 Divi-

179 1783 335 1821 nationis
357 1789 459 1832 Tages
477 1781 625 1832 quidam
643 1783 849 1830 monstrator
868 1787 926 1829 (ut
937 1781 1172 1830 fabulantur)
1194 1782 1233 1819 in

177 1833 505 1883 Etruriaepartibus
518 1832 673 1883 emerfiffe
681 1833 794 1882 subito
806 1833 904 1882 visus
915 1835 932 1871 ἒ
942 1846 1048 1872 terra.
1061 1834 1232 1872 CIOFAN.

232 1894 247 1912 ²
272 1891 364 1922 Cum
386 1886 615 1934 venareum]
642 1891 735 1922 Cum
757 1885 795 1922 in
814 1896 930 1923 monte
953 1885 1140 1923 Aventino
1159 1898 1233 1922 mo-

180 1946 319 1974 raretur
333 1964 342 1979 ‚
366 1936 565 1984 persequens
582 1945 705 1984 aprum
719 1965 730 1981 ‚
758 1936 797 1973 in
819 1950 899 1973 eum
911 1936 1107 1986 fugientem
1118 1937 1234 1985 ejacu-

180 1986 276 2023 latus
309 1985 352 2033 est
375 1985 511 2032 hastam
534 2012 544 2028 ,
582 1998 669 2035 quae
699 1986 778 2022 colle
810 1987 976 2025 Palatino
1008 1987 1130 2035 adfixa
1153 1988 1235 2025 adeo

178 2035 287 2087 haesit
302 2065 311 2080 ‚
340 2047 381 2072 ut
405 2035 580 2072 radicibus
595 2036 726 2084 sumtis
739 2037 912 2083 noviffime
924 2039 961 2075 in
977 2038 1135 2075 arborem
1149 2044 1235 2075 Cor-

181 2101 268 2126 num
288 2086 478 2135 frondium
509 2086 709 2124 multarum
729 2098 914 2135 augmento
933 2098 1132 2126 verteretur
1159 2089 1238 2135 Co-¹

178 2138 257 2179 lon.

231 2190 249 2217 b
276 2188 413 2239 Jecit.]
446 2187 537 2226 Fecit
557 2188 678 2226 Parm.

233 2250 249 2269 c
278 2240 383 2291 Qed
424 2252 502 2278 cum
538 2238 739 2290 protinus.]
789 2240 894 2290 Qod
926 2240 1088 2290 protinus
1117 2240 1240 2280 Parm.

183 2293 244 2333 Lu
274 2294 310 2331 d.

233 2305 379 2382 dgscala
403 2341 547 2392 faeta]
577 2342 741 2380 Scaletete
761 2342 881 2380 Parm.
896 2342 996 2391 scala
1018 2346 1104 2381 reete
1118 2343 1242 2394 Lugd.

236 2403 254 2424 e
279 2402 368 2433 Pars
387 2394 511 2444 adeo.]
539 2400 628 2432 Pars
647 2397 748 2443 specu
769 2394 851 2431 adeo
875 2394 910 2433 d.
928 2405 955 2434 t.
974 2409 1003 2434 e.
1027 2406 1071 2436 ω’
1095 2405 1241 2446 compre-

186 2446 290 2495 hensa
312 2461 340 2485 r.
371 2447 492 2484 Parm.
511 2446 633 2495 Lugd.
653 2445 799 2494 Micyll.

237 2499 250 2526 f
278 2497 476 2547 Cornum]
531 2502 689 2534 Cornum
733 2498 942 2535 incremento
989 2499 1153 2549 conversa
1189 2497 1240 2548 sit

184 2548 307 2587 Parm.
329 2548 450 2598 Lugd.
469 2548 573 2585 cornu
595 2548 635 2586 in
657 2550 866 2586 incremento
887 2549 1033 2599 MicyH.

245 2601 328 2647 560.
356 2599 548 2649 Collibus.]
581 2598 751 2637 Cornibus
772 2601 880 2648 prim.
900 2601 1053 2639 Palatio.

244 2651 328 2698 561.
356 2650 612 2701 Frondescere.]
644 2651 826 2700 Florescere
858 2652 929 2690 MS.
962 2651 1099 2691 Bersm.
1134 2653 1244 2692 male.

192 2701 340 2739 Servius
370 2701 415 2737 ad
444 2702 545 2750 Virg.
567 2715 629 2741 111.
660 2703 758 2740 Aen.
781 2703 840 2749 46.
868 2704 1037 2741 Romulus
1063 2713 1159 2754 capto
1179 2718 1245 2741 au-

188 2752 286 2802 gurio
310 2751 445 2798 hastam
464 2751 502 2786 de
515 2754 695 2790 Aventino
708 2754 746 2790 in
758 2764 911 2793 montem
923 2755 1132 2794 Palatinum
1138 2756 1223 2806 jecit
1237 2783 1248 2802 ,

194 2817 285 2854 quae
296 2801 376 2849 fixa
388 2801 568 2848 fronduit.
593 2803 728 2842 Euam.

250 2856 332 2902 562.
362 2859 442 2889 Non
466 2852 562 2898 ferro
585 2853 702 2899 stabat
733 2855 894 2904 adath]
943 2857 1115 2896 Vatican.
1153 2857 1249 2896 Cum

190 2910 296 2953 ferro.
348 2903 460 2940 Liber
499 2914 635 2947 meus,
680 2904 774 2940 Cum
807 2909 904 2951 ferro
927 2907 1046 2953 stabat
1077 2908 1247 2958 adempto.

196 2958 367 2994 Ciofm.
393 2954 532 2990 Adabto
563 2954 697 3002 Regius
718 2955 756 2991 &
779 2956 936 3004 Neapol.
957 2968 1057 2994 acuto
1078 2959 1248 2996 Leidens.

250 3012 331 3056 564.
362 3012 441 3042 Non
470 3004 717 3054 exspetimus]
756 3005 876 3049 Puto,
906 3007 1014 3044 Haud
1032 3011 1250 3057 exspectatas.

196 3071 283 3098 nam
306 3071 374 3094 non
393 3057 444 3094 bis
468 3055 713 3104 praecesserat.
741 3057 889 3094 Hiems.

252 3119 267 3138 ²
294 3107 458 3158 Cippus]
490 3107 595 3155 Cypri
608 3107 709 3153 frons
731 3107 769 3144 in
790 3121 917 3145 cornua
936 3109 1056 3149 Parm.

251 3162 270 3188 b
298 3157 498 3208 Genutius.]
522 3158 679 3194 Genitius
693 3159 810 3196 Parm.
824 3160 943 3209 Lugd.
956 3161 1100 3212 Micyll.
1113 3161 1250 3202 Colon.

252 3221 267 3238 Ε
297 3208 519 3258 Revertens.]
551 3209 694 3246 Rediens
716 3211 854 3248 Colon.

251 3261 269 3289 d
297 3260 479 3310 Cornua.]
513 3265 553 3297 In
575 3260 736 3300 Tiberina
758 3262 856 3300 unda
878 3274 1005 3317 cornua
1017 3263 1087 3316 fibi
1105 3264 1143 3306 in
1159 3275 1248 3318 tem:

182 3313 322 3367 poribus
345 3313 401 3361 effe
431 3321 520 3349 nata
550 3311 687 3351 Colon0

2244 1553 2342 1598 ani-

1339 1686 1362 1768 ἦ
1385 1674 1644 1730 Temporibus.]
1676 1681 1719 1715 In
1747 1675 1953 1729 temporibus
1973 1677 2096 1717 Parm.
2126 1677 2247 1729 Lugd.
2269 1679 2350 1730 Mij

1287 1742 1310 1769 C
1370 1759 1379 1769 .

1313 1742 1356 1809 yf
1377 1779 1613 1831 Exterritus]
1646 1779 1799 1819 Territus
1819 1779 1960 1821 Colon-

1341 1841 1359 1870 g
1388 1833 1522 1883 Eum]
1552 1839 1590 1870 Se
1614 1832 1754 1871 Colon.

1338 1884 1359 1913 h
1387 1885 1492 1935 {Quod
1513 1882 1608 1933 ille]
1640 1883 1744 1933 Qod
1763 1883 1857 1922 enim
1877 1884 2000 1923 Parm.

1344 1935 1354 1963 i
1382 1934 1621 1985 Aversatus.]
1653 1935 1880 1986 Adversatus
1912 1936 2031 1972 Parm.
2061 1933 2181 1982 Lugd.
2206 1934 2353 1986 MicyH.

1293 1988 1354 2026 hoc
1385 2001 1484 2025 omen
1514 1987 1698 2034 aversatus
1736 1999 1763 2024 c.
1789 1995 1826 2035 p.
1860 1997 1932 2021 rem
1959 1984 2149 2022 indicavit.
2197 1989 2244 2022 Et
2272 2000 2354 2026 cum·

1294 2039 1463 2077 tenaciter
1486 2038 1730 2085 confirmaret,
1750 2037 1787 2084 se
1808 2035 1945 2083 patriae
1972 2044 2042 2083 tyr.
2064 2048 2260 2085 numquam
2274 2039 2354 2085 fut.

1295 2091 1470 2127 decretum
1489 2089 1532 2134 est
1552 2087 1709 2124 omnium
1732 2085 1865 2135 consilio
1879 2112 1890 2129 ,
1917 2085 1998 2122 dari
2018 2086 2047 2122 ei
2065 2095 2211 2124 tantum
2232 2088 2355 2138 optimi

1295 2141 1390 2190 agri,
1422 2154 1454 2190 q.
1475 2152 1510 2176 u.
1531 2138 1565 2175 d.
1588 2138 1690 2174 bobus
1709 2147 1828 2174 aratro
1849 2136 1928 2173 circ.
1952 2137 2052 2186 posset
2080 2137 2219 2176 Colon.

1345 2191 1363 2218 k
1393 2188 1609 2239 Partaque.]
1638 2193 1779 2224 Cornua
1801 2201 1909 2232 vero,
1936 2198 1976 2224 ut
1993 2188 2088 2236 longo
2110 2191 2354 2238 temporefafix‘

1293 2240 1492 2290 praeberent
1523 2249 1812 2283 monumentum,
1841 2239 1955 2275 decoro
1976 2248 2088 2288 opere,
2110 2249 2253 2290 portae,
2282 2254 2354 2294 qua

1288 2294 1413 2341 fuerat
1432 2292 1592 2341 egreſjus,
1621 2289 1869 2340 insculpserunt
1893 2289 2030 2328 Colon.

1347 2357 1355 2384 ¹
1388 2363 1430 2394 In
1444 2355 1574 2406 figni.]
1606 2353 1750 2407 Insignis
1766 2355 1886 2406 gratia
1907 2364 1947 2393 ut
1967 2355 2081 2394 aeneis
2099 2355 2354 2409 ParmLugd,

1296 2408 1444 2459 Micyll.

1348 2474 1432 2523 565.
1459 2473 1629 2524 Cippus.]
1660 2473 1807 2512 Vetusti
1836 2471 1983 2511 codices
2004 2484 2138 2522 magna
2159 2485 2205 2512 ex
2228 2481 2357 2523 parte3

1297 2531 1435 2576 Cypus,
1465 2526 1525 2563 vel
1546 2525 1662 2575 Cipus.
1690 2525 1862 2562 Genucius
1882 2524 1987 2574 Cipus
2001 2524 2050 2562 est
2063 2525 2215 2563 Valerio
2230 2527 2353 2564 Maxi-

1297 2588 1364 2615 mo
1396 2577 1458 2615 lib.
1481 2588 1517 2614 v,
1550 2588 1629 2626 cap.
1657 2576 1692 2614 6.
1730 2576 1780 2615 ita
1809 2576 1910 2613 enim
1941 2575 2180 2614 membranae
2211 2586 2354 2614 nomen

1299 2627 1390 2666 illud
1418 2627 1605 2667 exhibent.
1650 2635 1690 2665 ut
1718 2628 1756 2665 δε
1789 2626 1886 2676 apud
1914 2626 2006 2664 Piin.
2035 2627 2058 2665 1.
2092 2639 2145 2665 ιιι.
2183 2638 2260 2674 cap.
2295 2636 2358 2675 37.

1299 2679 1362 2718 ubi
1402 2679 1573 2717 nonnulli
1616 2678 1763 2717 codices
1800 2677 1915 2715 cibum
1949 2685 2174 2725 nuncupant.
2213 2675 2355 2716 exstant

1304 2730 1401 2781 apud
1433 2743 1494 2769 me
1527 2730 1666 2768 denarii
1686 2730 1874 2779 argentei,
1904 2741 1989 2767 cum
2010 2731 2078 2764 hac
2097 2726 2358 2775 inscriptione,

1305 2796 1347 2820 M.
1375 2793 1474 2820 cim.
1500 2794 1540 2819 M.
1563 2793 1597 2819 F.
1627 2780 1726 2819 unde
1747 2781 1895 2828 Cipiam
1915 2785 2066 2826 gentem
2086 2776 2235 2815 Fulvius
2255 2779 2358 2818 Urfi-

1303 2845 1395 2878 nu3,
1425 2834 1480 2871 v'ir
1511 2832 1556 2870 de
1588 2831 1700 2870 literis
1730 2832 1824 2868 inter
1852 2829 1991 2877 primos
2013 2828 2157 2883 optime
2177 2829 2356 2876 meritus,

1306 2884 1506 2928 conflavit,
1533 2893 1739 2931 perperam,
1761 2887 1930 2928 utputo,
1960 2889 2043 2915 cum
2058 2879 2242 2927 ejusnulla
2255 2882 2356 2927 apud

1304 2936 1475 2983 antiquos
1503 2933 1615 2970 exstet
1645 2931 1801 2969 mentio,
1836 2941 2050 2979 quanquam
2082 2941 2102 2967 a
2135 2930 2232 2978 Cipo
2253 2931 2354 2980 Cipii

1305 2985 1439 3024 deduci
1464 2982 1611 3032 possunt
1632 3010 1643 3027 ,
1680 2990 1856 3029 tanquam
1887 2992 1906 3018 a
1928 2981 2053 3018 Metto
2076 2980 2216 3018 Mettii.
2242 2984 2355 3022 exstat

1307 3037 1346 3073 ὃς
1378 3045 1554 3073 nummus
1581 3044 1705 3071 aereus
1732 3033 1796 3082 qui
1825 3045 1867 3070 M.
1897 3043 1994 3070 cipi.
2025 3044 2063 3070 M.
2089 3044 2122 3070 ε.
2153 3044 2296 3072 nomen
2315 3034 2352 3075 id

1305 3085 1423 3135 ipsum
1446 3083 1604 3123 exhibet.
1633 3084 1779 3122 HmNs.

1359 3149 1444 3198 566.
1472 3146 1715 3198 Falfizmque.J
1746 3147 1914 3198 Falsaque
1945 3154 2016 3185 tres
2034 3146 2126 3185 libri.
2145 3147 2220 3185 vid.
2243 3148 2356 3197 Epist„

1305 3213 1419 3239 XVIII.
1458 3212 1518 3248 45.
1557 3199 1693 3236 credens
1734 3198 1872 3248 effigiem
1910 3198 2064 3237 Cantab.
2102 3198 2141 3235 &
2179 3198 2355 3241 Ambros.

1303 3252 1437 3293 deinde
1452 3253 1553 3302 saepe
1573 3250 1701 3300 rejectis
1720 3250 1919 3300 Langerm.

1357 3318 1442 3369 569.
1470 3316 1580 3370 ViHor
1609 3315 1739 3369 domito
1765 3315 1928 3370 veniebat
1945 3314 1993 3354 ad
2009 3312 2135 3367 lustu]
2164 3314 2353 3372 Remeabat

2244 3377 2351 3416 Pflmae
