2483 3616
237 221 269 258 ’τ
280 226 305 273 4,
321 226 349 271 Δ1

703 160 1874 255 *P..oV1·D11N.As,oN·Is

636 292 843 349 Emifer
868 295 1069 348 interea
1095 293 1306 347 divinae
1330 291 1499 362 stirpis
1523 292 1740 346 alumno

641 367 840 421 Laetus
864 379 1005 427 erat;
1046 366 1327 436 mixtoque
1354 363 1506 417 oneri
1533 363 1798 434 gaudebat
1820 365 2043 422 honore.

395 441 428 491 6
434 456 456 502 3
470 455 496 506 5
515 440 683 496 'Ecce
708 439 853 492 venit
877 438 1046 492 rutilis
1070 437 1323 492 humeros
1346 435 1588 508 proteRa
1610 437 1807 508 capillis

537 513 670 568 Filia
693 511 978 564 Centauri:
1020 527 1181 582 quam
1209 509 1486 581 quondam
1510 508 1761 581 Nympha
1785 508 2067 573 Chariclo,

540 583 797 639 Fluminis
822 583 878 637 in
902 583 1071 655 rapidi
1095 582 1221 654 ripis
1241 582 1429 643 enixa,
1467 581 1682 635 vocavit

538 657 811 729 Ocyroen.
850 673 961 709 non
986 655 1116 709 haec
1140 667 1277 708 artes
1304 665 1560 706 contenta
1581 665 1822 725 paternas

540 727 884 787 Addidiciffe
912 728 1040 783 fuit:
1083 728 1318 780 fatorum
1343 743 1531 778 arcana
1556 727 1790 782 canebat.

399 801 502 869 640
541 801 691 872 Ergo
715 799 807 853 ubi
838 799 1087 852 fatidicos
1111 798 1362 869 concepit
1389 810 1570 852 mente
1595 797 1830 865 furoreS,

541 873 871 943 Incaluitque
898 870 1054 935 De0‚
1092 888 1257 943 quem
1287 869 1519 924 clausum
1543 870 1759 939 pectore
1786 874 2037 938 habebat,

535 944 783 1016 Adspicit
806 942 1096 1004 infantem3
1137 943 1382 1015 Totique
1409 942 1641 997 salutifer
1666 944 1784 998 orbi

540 1018 739 1072 Cresce
765 1034 927 1089 puer,
967 1017 1130 1070 dixit:
1172 1015 1266 1069 tibi
1292 1016 1343 1069 se
1370 1016 1612 1071 mortalia
1636 1016 1788 1089 saepe

538 1091 789 1163 Corpora
811 1089 1112 1144 debebunt:
1153 1089 1349 1142 animas
1378 1089 1474 1142 tibi
1498 1088 1728 1144 reddere
1754 1090 1991 1146 ademtas

400 1162 502 1233 645
541 1163 641 1218 Fas
666 1163 783 1217 erit.
822 1162 989 1235 idque
1013 1162 1175 1215 semel
1200 1161 1300 1215 Dis
1326 1160 1722 1233 indignantibus
1750 1163 1926 1228 ausus,

538 1235 699 1295 Posse
723 1236 851 1294 dare
875 1236 980 1293 hoc
1003 1236 1201 1292 iterum
1224 1233 1439 1289 flamma
1465 1235 1764 1307 prohiberis
1792 1238 1958 1294 avita:

307 1440 393 1490 636.
423 1440 589 1492 Nympha
613 1437 817 1488 Chariclo.]
846 1437 890 1476 In
912 1440 1093 1478 veteribus
1105 1439 1295 1479 Chariclo.

260 1491 299 1528 &
320 1492 490 1540 profecto
507 1520 517 1536 ‚
554 1492 726 1529 Chariclo
752 1490 923 1529 Chironis
954 1502 1050 1529 uxor
1092 1492 1161 1528 fuit
1185 1519 1195 1536 ,
1233 1503 1298 1527 au·

256 1544 359 1578 crore
392 1542 550 1580 Pindaro
579 1551 688 1591 atque
709 1542 802 1578 aliis:
829 1541 917 1579 ideo
936 1554 1027 1587 nos,
1055 1542 1217 1578 Chariclo
1239 1553 1299 1578 ca-

252 1592 474 1639 stigavimus.
501 1594 690 1630 NAuGER.
727 1591 888 1629 Chariclo
906 1593 978 1641 legi
1000 1594 1118 1641 placet
1152 1592 1300 1630 eruditis

253 1642 350 1679 viris.
387 1644 429 1680 In
452 1655 612 1692 quorum
633 1643 848 1681 sententiam
869 1643 1024 1680 libenter
1047 1656 1105 1681 eo.
1153 1644 1195 1681 In
1219 1655 1297 1680 uno

253 1692 387 1730 Maffci
419 1706 492 1731 una
513 1694 639 1741 ‘littera
681 1692 876 1742 depravate
918 1694 1049 1744 legitur
1080 1694 1229 1731 Caricio.
1257 1693 1296 1731 T

253 1755 323 1792 pro
347 1744 381 1780 L
403 1753 543 1782 temere
560 1744 585 1782 a
605 1745 750 1782 librario
768 1744 950 1792 scriptum.
971 1745 1021 1783 *ln
1040 1744 1115 1782 aliis
1137 1756 1227 1781 vero
1250 1744 1298 1782 est

256 1794 367 1831 Caici.
404 1797 618 1833 Cmrmus.
655 1796 710 1832 Ita
728 1795 926 1833 Politianus
958 1797 996 1834 &
1019 1795 1223 1844 Naugerius
1253 1807 1298 1833 ex

253 1843 414 1882 Pindaro
434 1846 473 1882 &
493 1845 689 1883 Scholiaste
710 1845 914 1893 Apollonii.
959 1847 1083 1884 Antea
1112 1846 1299 1895 legebatur

257 1895 388 1943 Cayci,
417 1896 519 1944 quod
547 1897 585 1934 in
606 1896 782 1946 plerisque
811 1895 944 1945 scriptis
964 1897 1207 1947 extat‚idque
1227 1897 1299 1934 1111-

256 1956 319 1982 ror
346 1946 512 1983 Viwiano
545 1944 702 1984 arrisisse.
744 1945 916 1983 Chariclo
947 1948 1078 1985 decem
1114 1947 1225 1985 nostri
1252 1960 1298 1986 ex

256 1995 480 2034 melioribus.
507 1997 610 2046 quod
632 1999 670 2035 &
696 1997 755 2035 alii
774 2005 858 2034 ante
879 2009 947 2035 nos
967 1999 1004 2035 in
1024 1998 1091 2035 suis
1113 2000 1301 2047 exempla-

252 2046 350 2083 ribus
369 2047 610 2091 invenerant,
637 2048 735 2085 unde
766 2048 896 2096 exigua
926 2050 1133 2087 mutatione
1153 2078 1163 2094 ,
1197 2049 1302 2086 Cha-

256 2096 338 2134 riclo
359 2106 455 2135 nata.
481 2098 658 2136 secundus
678 2098 777 2136 Palat
813 2097 991 2149 Charipto.
1018 2100 1182 2149 quinque
1196 2129 1206 2145 ,
1229 2106 1301 2137 Ca-

255 2147 344 2194 risto.
372 2148 510 2196 Carista
541 2150 750 2197 Cantabrig.
778 2149 860 2185 Alia
882 2149 1055 2187 Chariclo
1083 2151 1301 2189 Callimachi

257 2199 297 2235 &
320 2198 545 2247 Apollodori
567 2228 578 2245 ,
603 2212 697 2249 quae
719 2198 900 2237 Tiresiam
932 2212 976 2238 ex
1008 2202 1128 2238 Evere
1150 2202 1300 2250 peperit.

256 2249 459 2288 HEINSIUS.
486 2250 647 2288 Chariclo
678 2251 788 2288 etiam
823 2259 934 2288 vocat
969 2252 1091 2290 Schol.
1122 2252 1302 2301 Apollon.

255 2300 316 2337 lib.
335 2312 368 2337 -1.
397 2313 478 2350 554

311 2362 397 2399 937.
426 2352 598 2389 flaminis
626 2352 665 2389 in
706 2352 818 2402 rapidi
849 2354 939 2403 ripas
967 2353 1111 2403 enixa]
1160 2353 1304 2391 Censeo

259 2399 487 2440 scribendum
504 2431 515 2448 ‚
542 2403 712 2440 Flaminis
735 2404 773 2440 in
797 2405 908 2452 patrii
930 2405 1010 2454 ripis
1034 2434 1044 2450 ‚
1084 2412 1125 2441 ut
1147 2404 1306 2442 fluminis

259 2449 373 2489 filiam
406 2452 509 2490 fuisse
530 2453 704 2503 defignet.
731 2453 777 2490 fic
799 2454 857 2491 lib.
881 2468 931 2492 1x.
953 2467 1037 2502 449.

313 2503 378 2538 Hic
400 2504 463 2539 tibi
478 2533 488 2548 ,
503 2505 587 2541 dum
601 2505 761 2555 fiquitur
775 2506 917 2555 patriae
938 2505 1151 2549 curvamina
1173 2506 1280 2556 ripae,

316 2554 463 2601 Cognita
491 2561 638 2604 Cyanee.

262 2600 421 2649 Epistola
445 2606 755 2654 Hypermnestrae
778 2605 823 2643 de
847 2607 941 2644 Ione
981 2619 1061 2644 X1v.
1092 2606 1156 2655 89.

317 2654 475 2699 Constitit
501 2657 537 2691 in
560 2657 633 2705 ripa
665 2657 790 2706 liquidi
813 2672 905 2694 nova
937 2671 1045 2694 vacca
1061 2658 1242 2707 parentis,

368 2709 577 2754 Cornuaque
597 2707 634 2742 in
649 2707 776 2755 patriis
794 2720 862 2744 non
875 2708 944 2756 sua
965 2709 1062 2744 vidit
1081 2709 1182 2759 aquis

238 2764 241 2766 “
264 2754 305 2792 δε
327 2752 372 2790 de
392 2753 522 2791 eadem
544 2756 668 2792 Valer:
691 2757 809 2793 Flacc.
833 2758 910 2793 libr.
937 2770 989 2794 iv.
1014 2769 1098 2806 373.

314 2804 448 2840 Ultima
470 2816 546 2841 tum
562 2807 698 2855 patriae
719 2807 834 2843 cedens
856 2807 951 2843 dedit
969 2807 1078 2856 oscula
1101 2808 1202 2858 ripae.

262 2854 471 2903 Propertius
491 2855 550 2892 lib.
575 2869 602 2892 1.
626 2856 727 2904 Eleg.
754 2869 808 2894 11.

315 2906 430 2942 Eveni
442 2906 568 2954 patriis
581 2906 661 2953 filia
680 2906 866 2944 littoribus.

265 2956 444 2993 Horatius
468 2956 543 2993 Od.
567 2969 625 2993 xx.
646 2956 704 2993 lib.
729 2970 758 2994 1.
774 2960 912 3006 paterni
926 2957 1088 3007 fluminis
1110 2958 1202 3008 ripas
1222 2958 1307 3009 Ty-

266 3007 346 3044 brin
376 3014 498 3043 vocat.
530 3007 662 3044 Noster
684 3007 777 3043 Mer.
806 3020 833 3044 1.
857 3009 941 3056 639.

317 3064 461 3094 Venerat
481 3070 524 3096 (7
541 3059 698 3107 patrias,
725 3057 783 3094 ubi
804 3057 918 3095 ludere
930 3059 1028 3108 saepe
1039 3059 1187 3108 fidebat,

315 3107 454 3145 Inachis
473 3108 520 3143 ad
541 3108 630 3157 ripas
643 3123 654 3143 .·

263 3158 339 3195 Adi
361 3167 466 3195 notas
486 3157 546 3194 hb.
577 3172 604 3195 1.
635 3158 691 3202 >la
723 3169 805 3205 702.
844 3160 1054 3197 HmNsxus.
1102 3160 1185 3208 Ego
1215 3161 1305 3199 nihil

263 3218 392 3245 muto:
423 3208 580 3246 fluminis
611 3210 712 3246 enim
741 3210 906 3257 sapiditas
935 3211 1090 3248 nomine
1122 3210 1198 3257 ipso
1232 3213 1289 3248 O-

2236 1307 2395 1383 Eque

1353 1438 1422 1477 fuit
1443 1437 1593 1476 Imbrasi
1621 1439 1660 1476 &
1683 1438 1868 1478 Chefiadis
1890 1440 2093 1489 Nymphae
2128 1437 2199 1475 filia
2214 1466 2223 1481 ‚
2253 1438 2299 1476 de
2321 1450 2395 1488 qua

1355 1502 1400 1526 61(
1441 1490 1638 1528 Athenaeo
1671 1490 1722 1528 Ill.
1756 1491 1890 1539 Spanh.
1920 1490 1968 1528 ad
2011 1491 2155 1529 Callim.
2187 1490 2308 1536 Hym.
2353 1490 2393 1527 in

1353 1540 1465 1579 Dian.
1495 1541 1580 1578 228.
1620 1541 1718 1578 Caici
1756 1549 1882 1579 autem
1912 1553 2056 1579 nomen
2079 1570 2089 1585 ‚
2138 1538 2241 1589 quod
2268 1539 2329 1577 hic
2355 1540 2395 1577 111

1354 1592 1476 1629 multis
1499 1591 1684 1630 codicibus
1708 1591 1781 1637 est,
1810 1593 1906 1629 forte
1937 1604 1957 1628 a
1984 1590 2179 1640 gloffatore
2212 1590 2260 1626 est
2285 1619 2295 1634 ‚
2332 1590 2397 1639 qui

1355 1644 1537 1692 Ocyroen
1582 1642 1687 1679 Caici
1727 1650 1883 1680 matrem
1917 1640 1988 1679 effe
2011 1640 2269 1689 adscripscrat:
2308 1652 2397 1678 nam

1353 1693 1533 1731 Plutarch.
1554 1693 1599 1730 de
1622 1693 1756 1730 Fluviis
1788 1693 1826 1731 in
1858 1693 1962 1729 Caico
1993 1693 2080 1730 dicit
2125 1702 2211 1728 eum
2245 1691 2399 1728 Mercu·-

1352 1744 1394 1780 rii
1418 1746 1455 1781 &
1478 1745 1650 1793 Ocyro'e's
1673 1743 1802 1781 filium.
1843 1743 1947 1780 Idem
1970 1755 2059 1780 vero
2081 1743 2119 1779 in
2142 1740 2291 1779 Phafide
2315 1740 2399 1778 scri-

1353 1794 1404 1831 bit
1437 1795 1526 1837 Solis
1558 1796 1597 1832 &
1630 1795 1803 1844 Ocyroes
1825 1794 1971 1831 Oceani
2002 1794 2095 1831 filiae
2123 1791 2273 1830 Phasida
2296 1790 2399 1828 fuisse

1354 1845 1481 1883 filium.
1531 1846 1714 1895 Ocyroen
1744 1845 1837 1882 inter
1868 1844 1956 1882 filias
1990 1843 2136 1882 Oceani
2159 1844 2197 1880 δε
2222 1842 2398 1891 Tethyos

1352 1904 1523 1935 numerat
1546 1895 1697 1933 Hefiod.
1719 1896 1757 1933 in
1779 1895 1983 1944 Theogon.
2005 1906 2095 1933 vers.
2126 1894 2209 1942 360.
2230 1893 2360 1930 Buam.

1405 1959 1491 1997 939.
1534 1946 1750 1996 Edidiciffe.]
1780 1946 2011 1994 -Amplestor
2052 1944 2220 1982 Vossiani
2261 1943 2398 1982 codicis

1353 1997 1565 2047 scripturam
1581 2026 1591 2042 ‚
1621 1996 1845 2047 Adaiaicisse.
1866 1996 1914 2034 fic
1934 1997 1994 2035 lib.
2027 2008 2107 2035 111.
2132 2006 2216 2045 593.

1410 2049 1583 2085 Addidici
1605 2049 1752 2097 regimen

1341 2098 1405 2136 'fic
1428 2101 1467 2137 &
1488 2099 1549 2137 lib.
1570 2111 1656 2137 vxr.
1678 2111 1738 2148 99.
1766 2100 1939 2137 mallem-2

1411 2151 1665 2201 Addidicitque
1686 2151 1795 2199 usum.

1356 2201 1393 2237 in
1424 2201 1535 2239 tribus
1569 2201 1757 2239 codicibus
1789 2200 1883 2238 erasa
1915 2207 1991 2237 erat
2011 2207 2116 2237 vetus
2146 2197 2270 2235 lectio.
2290 2196 2338 2234 fic
2361 2196 2401 2235 ὃς

1357 2251 1417 2289 lib.
1445 2265 1500 2290 11.
1522 2253 1602 2290 Art.
1625 2254 1714 2290 Am.
1737 2264 1822 2300 223.

1411 2309 1509 2340 Cura
1523 2303 1574 2353 fit
1596 2316 1639 2343 (φ’
1659 2303 1793 2351 linguas
1814 2300 2010 2349 addidicisse
2032 2301 2131 2337 [luas.

1360 2352 1409 2388 ita
1432 2353 1578 2402 Aprofii
1596 2354 1706 2395 liber3
1746 2352 1860 2400 vulgo
1889 2351 2063 2400 edidiciffe.
2091 2351 2187 2398 apud
2210 2348 2404 2389 Claudiam

1363 2414 1515 2454 quoque
1543 2417 1571 2441 1.
1590 2404 1633 2440 *in
1655 2403 1778 2440 Rufin.
1802 2403 1862 2450 98.
1885 2403 2032 2439 mallem

1417 2461 1540 2504 Meque
1559 2455 1670 2491 etiam
1691 2455 1852 2490 tradente
1873 2454 1961 2490 dolos
1983 2464 2163 2503 artemque
2184 2451 2327 2488 nocendi

1413 2506 1614 2542 Addidicit.

1360 2555 1422 2593 ubi
1444 2556 1549 2594 multi
1575 2556 1721 2594 codices
1743 2568 1786 2596 (φ
1817 2555 1940 2592 didicit
1959 2583 1968 2599 ‚
1996 2552 2108 2602 vulgo
2125 2580 2134 2593 ‚
2160 2551 2299 2589 edidicit
2323 2579 2332 2594 ‚
2361 2552 2401 2589 &

1359 2607 1408 2650 ita
1432 2607 1523 2644 mihi
1563 2608 1655 2645 ratio
1697 2606 1841 2644 videtur
1862 2606 2019 2653 exigere.
2059 2604 2268 2652 addiscimus
2300 2602 2402 2639 6111111

1360 2658 1506 2705 proprie
1538 2669 1638 2694 nova
1661 2684 1672 2700 ,
1700 2668 1795 2705 quac
1827 2664 1933 2692 antea
1963 2655 2222 2703 ignorabamus
2245 2668 2254 2695 ;
2285 2653 2403 2699 edisci-

1362 2720 1463 2751 mus,
1491 2718 1585 2755 quae
1618 2707 1824 2743 memoriae
1856 2705 2088 2743 mandamus.
2115 2705 2162 2742 fic
2188 2703 2321 2742 Noster
2340 2703 2399 2740 lib.

1365 2767 1423 2793 11.
1444 2757 1580 2794 Amor.
1602 2769 1636 2794 v.
1661 2756 1718 2804 56.

1413 2812 1462 2843 Et
1483 2807 1652 2857 quiddam
1674 2807 1752 2856 visa
1775 2807 1819 2854 est
1835 2806 2032 2856 addidicisse
2054 2806 2150 2844 novi.

1365 2858 1476 2895 &hh
1509 2871 1563 2895 11.
1588 2858 1676 2894 Fast.
1706 2858 1788 2905 546.

1413 2909 1505 2945 Hinc
1520 2909 1634 2958 populi
1656 2909 1746 2945 ritus
1766 2909 1961 2945 addidicere
1973 2922 2089 2944 novos.

1361 2959 1411 2995 ita
1432 2960 1614 2996 Putaneus
1636 2959 1755 2996 codex
1779 2961 1818 2997 ὃς
1838 2959 1907 2996 alii.
1935 2958 2106 2996 Heinfius
2128 2956 2265 3002 edidit,
2292 2957 2401 2995 edidi-

1362 3010 1432 3046 cere
1448 3010 1529 3059 pios.
1557 3010 1594 3047 in
1618 3009 1775 3058 Epistola
1804 3018 1931 3047 tamen
1956 3022 2042 3046 v11.
2068 3008 2148 3045 180.

1414 3061 1562 3096 Fortiter
1584 3061 1688 3109 edisco
1711 3060 1822 3106 tristia
1839 3061 1925 3110 poffe
1940 3060 2030 3109 pati.

1362 3110 1465 3147 Nihil
1487 3111 1627 3148 variant
1649 3110 1794 3148 codices
1818 3139 1828 3155 ,
1853 3110 1918 3147 nisi
1940 3110 2043 3161 quod
2065 3108 2213 3158 ediscam
2244 3109 2284 3146 in
2317 3109 2399 3159 qui-

1359 3160 1507 3198 busdam
1539 3161 1597 3198 est.
1618 3161 1678 3198 lib.
1703 3174 1732 3199 1.
1755 3162 1890 3199 Amor.
1909 3173 1970 3199 xv.

1398 3218 1478 3248 Non
1501 3225 1553 3248 me
1573 3212 1730 3260 verbosas
1751 3212 1832 3260 leges
1853 3212 2001 3260 ediscere.

259 3262 390 3304 cyro'e's
418 3259 626 3297 ostenditur.
652 3268 691 3297 ut
721 3260 819 3302 recte
852 3260 1055 3299 observavit
1095 3261 1288 3309 Schepper.
1323 3259 1403 3299 ‘sed
1428 3262 1488 3298 ubi
1519 3261 1637 3310 potest
1659 3262 1806 3299 defendi
1833 3291 1842 3306 ‚
1885 3275 1952 3311 pro
1987 3262 2207 3299 memoriter
2238 3260 2395 3305 discere,

255 3308 351 3354 apud
390 3309 426 3346 T
431 3320 487 3346 an.
519 3310 621 3348 Fabr.
648 3311 708 3351 lib.
733 3323 788 3351 11.
824 3312 892 3361 Ep.
917 3324 977 3360 71.
1012 3312 1097 3350 Alia
1131 3312 1288 3361 Ocyroe
1347 3320 1387 3351 ut
1407 3311 1505 3362 leges
1527 3325 1611 3353 x11.
1638 3312 1868 3352 Tabularum
1901 3312 2066 3352 solebant
2100 3313 2263 3352 Romani
2284 3312 2398 3361 pueri.

2374 3361 2397 3399 fi
