2483 3616
309 161 1546 224 METAMORPHOSEON
1619 165 1759 223 Lm.

1835 171 1906 227 X.
2056 192 2153 249 709

313 272 561 328 Collocat
584 270 718 324 hanc
743 269 938 334 stratiS,
979 270 1186 325 concha
1213 271 1472 327 Sidonide
1503 269 1705 325 tinciis:

304 346 666 416 Adpellatque
695 343 800 397 tori
824 342 1043 397 sociam:
1084 344 1451 418 adclinataque
1478 345 1612 399 colla

305 416 563 470 Mollibus
586 416 641 469 in
665 415 854 487 plumis
874 455 887 478 ,
925 428 1196 489 tamquam
1218 417 1420 472 sensura
1439 458 1454 481 ‚
1490 417 1718 489 reponit.

165 505 267 556 270
302 487 449 542 Festa
475 487 586 543 dies
614 488 819 544 Veneri
842 529 856 552 ‚
904 490 1018 543 tota
1043 490 1387 545 celeberrima
1410 489 1624 562 Cypr0‚

305 561 569 615 Venerat:
613 562 668 615 &
698 561 884 633 pandis
908 561 1156 616 indubiae
1182 563 1429 617 cornibus
1457 581 1644 629 aurum

308 632 676 689 Conciderant
701 635 835 690 iet-ae
861 635 1015 690 nivea
1049 636 1260 690 cervice
1279 636 1567 706 juvencae;

296 705 556 780 Turaque
578 709 874 763 fumabant:
915 725 1039 762 cum
1068 725 1290 763 munere
1317 707 1525 763 funffitus
1551 708 1618 762 ad
1646 726 1756 763 aras

301 777 585 843 Constitit3
629 781 683 835 &
708 780 928 844 timide,
967 780 1020 834 Si
1046 779 1120 833 Di
1145 780 1270 835 dare
1294 780 1480 836 cundia
1504 780 1754 852 potestis;

164 868 263 919 275
303 851 381 906 Sit
409 853 606 924 conjux
629 867 789 927 opt0‚
830 856 972 924 (non
1001 852 1176 917 ausu3‚
1214 854 1444 909 eburnea
1468 855 1649 924 virgQ

306 924 505 980 Dicere
533 927 880 999 Pygmalion)
918 924 1094 979 similis
1124 942 1270 990 mea,
1309 927 1473 990 dixit,
1512 927 1789 982 eburneae.

308 997 504 1064 Sensit,
542 1013 601 1054 ut
626 1001 731 1070 ipsa
753 999 854 1053 suis
878 997 1059 1052 aderat
1083 996 1269 1053 Venus
1292 1018 1445 1054 aurea
1472 998 1639 1062 festis,

310 1070 458 1125 Vota
481 1073 613 1145 quid
641 1073 726 1126 illa
752 1072 940 1126 velint:
985 1070 1037 1124 ὁὶ
1057 1109 1071 1133 ,

1104 1070 1259 1124 amici
1289 1073 1519 1127 numinis
1547 1089 1707 1126 omen
1722 1111 1736 1135 ,

313 1142 547 1198 Flamma
573 1158 653 1199 ter
676 1145 892 1198 accensa
918 1143 1022 1205 est3
1061 1143 1377 1216 apicemque
1402 1162 1498 1216 per
1521 1148 1639 1198 ae'ra
1668 1144 1835 1199 duxit.

169 1210 273 1266 280
311 1214 388 1269 Ut
414 1217 604 1277 rediit;
645 1217 913 1272 simulacra
937 1217 1056 1271 suae
1077 1216 1214 1288 petit
1241 1216 1326 1271 ille
1352 1217 1584 1288 puellae:

312 1288 735 1363 Incumbensque
760 1303 883 1344 toro
914 1289 1065 1344 dedit
1089 1288 1278 1343 oscula.
1313 1289 1417 1344 visa
1441 1303 1626 1360 tepere
1651 1290 1738 1343 est.

317 1361 597 1416 Admovet
623 1381 681 1417 os
705 1364 926 1418 iterum:
969 1361 1207 1417 manibus
1235 1360 1693 1443 quoque-peftora
1719 1372 1902 1416 tentat.

316 1432 613 1489 Tentatum
641 1436 899 1491 mollescit
924 1435 1080 1490 ebur:

1121 1434 1403 1507 positoque
1429 1452 1606 1506 r1gore

316 1505 547 1562 Subfidit
573 1508 779 1578 digitis,
820 1509 1100 1581 ceditque:
1141 1521 1201 1562 ut
1226 1507 1511 1577 Hymettia
1536 1507 1643 1562 sole

166 1575 269 1648 285
313 1579 826 1646 Cera-remollescit,
866 1581 1190 1653 trabiataque
1214 1580 1408 1652 pollice
1434 1580 1622 1635 multas

312 1650 354 1706 F
358 1652 565 1709 leciitur
590 1654 646 1709 in
675 1654 862 1721 facies,
902 1655 1123 1728 ipsoque
1151 1653 1210 1707 fit
1237 1653 1378 1707 utilis
1404 1653 1514 1708 usu.

29 1868 131 1921 Cypri
144 1898 154 1915 ,
169 1869 399 1920 simulacrum
413 1873 549 1910 Veneris
561 1901 572 1918 ,
584 1874 675 1924 quod
683 1875 889 1923 sanfiitatis
900 1876 992 1925 apud
1002 1880 1072 1924 Cy-

2015 1722 2162 1777 Dum

1129 1884 1160 1910 1.
1189 1873 1304 1922 Cypri
1321 1883 1399 1922 cap.
1418 1870 1471 1910 16.
1498 1871 1562 1921 qui
1582 1871 1657 1909 hoc
1675 1870 1802 1919 Papho
1826 1868 1993 1907 nondum
2016 1867 2163 1907 condita

20 1922 109 1970 prios
130 1932 173 1961 εν
191 1923 361 1972 religionis
380 1923 573 1961 habebatur
593 1926 784 1973 antiquae,
814 1926 1008 1974 adamaffe.
1030 1935 1069 1963 ut
1126 1923 1204 1961 fieri
1232 1923 1379 1962 solitum
1410 1921 1534 1960 credit.
1567 1922 1680 1972 piceae
1709 1922 1815 1959 nivea
1844 1920 1981 1958 Medic.
2010 1921 2098 1970 Reg.
2128 1922 2166 1957 &c

17 1971 192 2017 feminam
218 1984 354 2019 mente,
381 1976 526 2019 anima,
556 1974 688 2012 lumine
717 1977 864 2015 rationis
880 1978 1073 2027 judiciique
1128 1974 1251 2012 Thua.
1279 1974 1366 2012 iffae
1385 1986 1491 2012 rauca
1509 1973 1657 2011 Bonon.
1761 1977 1765 1980 ”

27 2022 194 2065 caecatis,
215 2023 425 2075 solitumque
452 2026 666 2070 dementem,
704 2038 878 2076 tanquam
894 2028 928 2077 fi
945 2040 1067 2064 uxoria

24 2083 77 2107 res
98 2073 197 2127 effet,
230 2073 414 2120 sublevato
439 2076 478 2113 in
497 2076 662 2114 uetulum
682 2080 826 2116 numine
841 2108 850 2123 ,
881 2079 1068 2128 copularier

23 2121 239 2171 amplexibus
276 2135 382 2173 atque
412 2139 489 2171 ore,
525 2141 640 2175 resque
657 2129 747 2167 alias
778 2144 871 2178 agere
912 2129 1068 2167 libidinis

28 2184 162 2210 vacuae
178 2172 425 2221 imaginatione
438 2177 669 2222 frustrabiles.
696 2181 916 2218 ememus.

77 2224 164 2270 267.
190 2224 359 2275 Thalia]
399 2226 504 2263 Piffis
524 2228 663 2269 Medic.
683 2231 786 2271 Basil.
808 2244 899 2270 mox
918 2231 1070 2269 inclina-

31 2281 134 2326 taque
152 2275 298 2322 Junian.
317 2277 353 2313 δε
375 2285 532 2324 quatuor
549 2279 621 2317 alii.

41 2348 44 2353 -
77 2336 164 2372 270.
191 2324 285 2371 Festa
306 2327 375 2364 dies
391 2327 562 2379 Veneris.]
619 2332 736 2369 Veneri
757 2334 865 2382 prim.
887 2333 1071 2372 Strozzae.

29 2373 174 2415 Hnms.

81 2449 165 2487 271.
193 2443 240 2477 Et
258 2438 396 2477 blandis
413 2441 558 2478 indutae
580 2441 734 2479 cornibus
755 2456 882 2481 aurum
905 2445 1070 2482 Concide-

430 2491 487 2530 Sic
506 2492 638 2541 legitur
659 2495 695 2530 in
715 2493 812 2531 libris
832 2494 978 2542 scriptis.
1006 2497 1071 2544 qui

0 2543 1 2547 ’
32 2525 129 2583 {liter
145 2541 297 2589 legunt,
325 2551 454 2580 errant.
491 2542 661 2581 Cxorau.
716 2544 879 2580 inductae
908 2545 1071 2594 plerique

32 2491 112 2526 iant
131 2489 217 2528 ielae
232 2519 242 2536 ‚
270 2491 370 2540 wa]

33 2589 253 2630 vetustiores.
290 2591 365 2629 dixi
395 2592 455 2631 lib.
477 2605 550 2631 vu.
567 2593 624 2637 ᾖς,
651 2595 731 2632 161.
775 2594 923 2632 Deinde
942 2596 1070 2644 pandis

35 2640 182 2680 cornibus
195 2643 275 2691 jam
300 2654 390 2692 puer
407 2644 497 2681 olim
518 2644 717 2693 legendum
742 2645 830 2683 vidi.
865 2657 986 2695 neque
1006 2647 1069 2683 ali-

35 2696 86 2729 ter
102 2692 139 2730 in
157 2693 224 2731 suis
244 2693 289 2731 ad
311 2705 372 2731 me
390 2694 500 2732 literis
522 2696 656 2733 Noster
678 2696 905 2733 Gronovius.
935 2696 970 2732 in
992 2709 1069 2734 uno

37 2750 144 2788 meo,
170 2745 208 2781 &
227 2755 305 2782 uno
326 2744 428 2782 Basil.
451 2746 489 2783 &
514 2747 622 2794 prim.
650 2746 784 2784 Erfurt.
812 2745 947 2783 auratis
968 2760 1071 2783 orna-

39 2799 90 2844 nte
104 2805 229 2831 cornua
252 2794 354 2832 vittis
369 2823 378 2840 ,
396 2796 457 2834 vel
473 2795 590 2845 firtis.
612 2797 674 2835 sed
695 2809 897 2845 perperam.
926 2795 1075 2835 blandus

39 2842 141 2882 etiam
161 2856 228 2893 pro
245 2846 381 2894 pandus
400 2858 590 2896 perperam
610 2848 742 2896 legitur
762 2847 858 2896 apud
878 2847 1075 2886 Va1.Flac-

39 2891 110 2944 lum
132 2895 224 2933 libro
244 2908 287 2934 11.
307 2909 391 2944 451·

52 2954 59 2960 ”
85 2956 224 2996 Alcides
246 2959 475 3009 Telamonque
492 2974 597 2998 comes
618 2962 703 2999 dum
723 2962 843 2999 littora
861 2962 974 3009 pando

51 3005 60 3047 ²,
81 3010 266 3058 ‘Anfraflu
285 3009 417 3058 finuosa
435 3011 550 3059 legunt
563 3040 573 3055 ‚
601 3026 671 3050 vox
692 3013 812 3061 attigit
833 3026 932 3048 aures

55 3057 211 3114 „Flebile
221 3061 400 3108 succedens
416 3088 427 3103 ‚
455 3074 511 3098 ceu
522 3064 643 3107 sraela
661 3073 899 3100 remurmurat
918 3063 1026 3100 unda.

44 3121 137 3161 Nam
164 3123 289 3163 blando
316 3127 481 3172 ansraffu
512 3126 601 3162 nihil
627 3125 687 3163 est.
716 3126 812 3163 male
843 3126 953 3162 etiam
978 3125 1075 3171 illic,

45 3183 117 3210 cum
133 3175 247 3220 sraela
264 3187 502 3214 remurmurat
523 3175 620 3212 unda
646 3177 795 3225 vulgati.
823 3176 971 3212 Herus.

89 3234 171 3278 372.
196 3227 421 3275 Juvencam
463 3227 576 3272 Atqui
609 3234 689 3262 ture
707 3235 850 3263 tantum
866 3253 874 3266 ,
903 3237 978 3262 non
1000 3226 1078 3262 san-

10 3293 11 3299 =
43 3278 149 3320 gume
167 3274 304 3319 Veneri
326 3279 375 3317 ibi
397 3278 492 3317 sacra
513 3275 774 3317 fiebant.-vide
795 3275 999 3313 Meur'fium
1013 3275 1076 3314 lib.

10 3360 19 3427 Ξ
87 3369 92 3374 .

1177 2036 1262 2074 273.
1290 2031 1382 2063 Cum
1404 2023 1579 2074 munem]
1610 2027 1689 2072 {Quo
1708 2036 1848 2060 munere
1867 2023 2037 2059 Gronov.
2061 2021 2098 2058 &
2123 2033 2165 2058 u-

1123 2089 1190 2115 nus
1210 2076 1354 2114 Medic.
1374 2075 1422 2113 ad
1441 2088 1543 2112 aram
1569 2076 1681 2112 etiam
1699 2074 1852 2112 Cantab.
1881 2074 1918 2110 &
1949 2083 2018 2109 tres
2040 2073 2111 2108 alii.

1176 2129 1260 2173 276.
1288 2127 1419 2165 Similis
1451 2139 1551 2171 mea,
1590 2125 1707 2168 dixit,
1733 2124 1890 2160 eburnae.
1915 2122 1931 2171 ]
1987 2121 2165 2158 Eburneae

1128 2180 1257 2216 Oxon.
1282 2179 1388 2227 prim.
1407 2178 1543 2215 Erfurt.
1572 2177 1705 2226 aliique
1720 2174 1836 2212 multi.
1864 2173 2005 2210 refiius.
2032 2173 2165 2209 adean-

1127 2238 1185 2268 tur
1203 2228 1376 2268 adnotata
1398 2229 1458 2267 lib.
1480 2240 1549 2266 vn.
1570 2240 1651 2273 224.
1704 2227 1850 2263 Hfims.
1902 2260 1904 2262 .
2044 2272 2051 2278 ⁶

1177 2291 1261 2327 277.
1289 2282 1412 2317 Aurea
1423 2279 1559 2329 festis.]
1600 2276 1748 2328 Templis
1763 2287 1813 2324 pr.
1829 2275 1945 2311 Gron.
1956 2273 2066 2322 sacris
2089 2272 2165 2310 Ge-

1126 2331 1275 2370 nevenfi

1179 2381 1265 2427 278.
1293 2378 1500 2429 Numina]
1532 2379 1690 2417 Muneris
1699 2376 1862 2415 Vossian.
1880 2376 1917 2413 &
1937 2381 2007 2413 tres
2030 2374 2112 2419 alii,
2125 2373 2165 2411 &

1128 2432 1209 2469 MS.
1230 2431 1364 2468 Bersm.

1175 2481 1260 2518 280.
1287 2479 1469 2530 Puellae.]
1497 2479 1640 2527 Figurae
1661 2478 1826 2529 quinque
1844 2476 1936 2514 libri.

1179 2531 1265 2577 284.
1292 2529 1487 2580 Subsedit.]
1527 2528 1672 2578 Subfidit
1702 2529 1795 2566 bene
1823 2539 1916 2565 unus
1933 2525 2073 2565 Medic.
2101 2530 2166 2562 Ce-

1126 2581 1245 2631 ditque
1264 2581 1376 2618 etiam
1397 2581 1556 2630 proprie.
1585 2579 1700 2618 Catal.
1722 2579 1818 2616 Pith.
1837 2591 1876 2627 p.
1897 2590 1956 2624 40·

1177 2649 1220 2680 Ut
1240 2641 1317 2679 laus
1336 2642 1378 2688 est
1400 2655 1513 2686 cerae,
1541 2640 1655 2679 mollis
1679 2640 1859 2690 cedensque
1868 2640 2039 2690 sequatur

1210 2695 1244 2730 St'
1266 2693 1375 2731 doelos
1398 2693 1520 2742 digitos
1538 2721 1547 2736 ‚
1566 2692 1727 2741 juffaque
1741 2690 1812 2738 fiat
1834 2700 1923 2740 opus.

1128 2757 1204 2795 Ubi
1229 2758 1326 2796 male
1345 2757 1519 2795 Pithoeus
1533 2782 1543 2799 ,
1571 2753 1679 2803 ceffiffe
1691 2754 1881 2803 sequatur,
1904 2756 2076 2804 deceptus
2090 2757 2168 2792 rna-⁷*

1127 2807 1160 2846 la
1190 2808 1434 2846 distinaef'tione.
1469 2807 1624 2844 nauata
1656 2806 1766 2842 etiam
1795 2808 1941 2856 proprie
1964 2818 2054 2844 mox
2077 2833 2086 2849 ,
2125 2813 2166 2841 ut

1131 2859 1280 2897 Lucret.
1314 2871 1367 2897 ιν.
1399 2869 1484 2906 231.
1512 2858 1667 2893 trabtata
1688 2856 1849 2892 manibus
1868 2857 1994 2907 figura.
2022 2857 2167 2892 Hiems.

1130 2909 1277 2947 Vid.ad
1295 2908 1476 2958 Quind'cil.
1501 2907 1546 2945 de
1566 2907 1648 2944 Inst.
1668 2907 1773 2945 Orat.
1794 2920 1848 2943 xx.
1872 2922 1896 2944 i.

1184 2960 1269 3008 285.
1297 2959 1434 2996 Multas
1449 2958 1603 2995 Vertitur
1622 2957 1660 2994 in
1671 2957 1816 3006 facin]
1831 2957 1991 2993 Fleeiitur
2003 2955 2163 3002 plerique

1134 3011 1318 3049 meliores.
1346 3010 1394 3048 fic
1413 3009 1509 3058 apud
1529 3009 1728 3046 Horatium
1760 3007 1839 3043 Art.
1861 3009 1964 3044 Po'e‘t.
1993 3006 2070 3051 163.
2099 3006 2164 3037 Ce-

1132 3075 1208 3099 reus
1229 3061 1268 3098 in
1288 3061 1420 3099 vitium
1432 3059 1539 3110 flesti.
1568 3059 1703 3096 Alcim.
1725 3058 1856 3094 Avitus
1878 3071 1907 3094 ι.
1931 3057 1987 3100 76.

1611 3114 1684 3144 Cur
1703 3107 1790 3143 artis
1813 3107 1849 3142 in
1868 3105 1928 3152 usu
1948 3103 1990 3149 est

1188 3162 1329 3200 Flebiere
1348 3161 1489 3198 laxatas
1505 3169 1565 3208 per
1587 3160 1709 3194 cuneta
1722 3156 1885 3205 sequacia
1913 3167 2013 3190 ceras.

1131 3227 1234 3315 {gale
1253 3225 1400 3273 plurimi
1422 3231 1589 3262 veterum
1605 3249 1616 3269 ,
1645 3220 1774 3259 multas
1794 3231 1880 3267 quae
1904 3217 2022 3268 pollice
2042 3218 2171 3258 traua.

1179 3287 1348 3314 amsius.

2013 3319 2099 3368 287.
2126 3323 2172 3365 Et
