2483 3616
210 195 273 266 78

634 185 696 243 P.
763 178 1190 244 OVIDII
1262 175 1803 237 NASONIS

355 294 458 362 665
495 288 862 364 Ereptamque
885 290 1023 362 patri
1047 284 1252 342 diversa
1275 284 1332 340 in
1356 286 1546 358 pascua
1568 296 1746 340 natam

497 362 785 419 Abstrahit.
824 363 934 435 ipse
957 360 1149 435 procul
1173 358 1376 414 montis
1403 358 1624 414 sublime
1651 373 1912 440 cacumen

492 437 774 509 Occupat:
814 435 962 491 unde
984 434 1169 490 sedens
1191 444 1371 505 partes
1398 431 1701 506 speculetur
1725 448 1782 486 m
1806 447 2007 488 omneS.

883 577 1032 626 ΕΑΒ.
1067 572 1161 621 ΧΙ.
1197 574 1704 623 ARGUMENTUM.

995 694 1262 743 Mercurius
1284 694 1334 741 in
1355 691 1607 741 Pastorem.

278 817 455 881 Jupiter
488 820 627 866 mittit
659 818 931 867 Mercurium
965 824 981 844 ²
1012 821 1060 865 iu
1100 816 1253 864 habitu
1291 815 1474 880 pastoris
1518 814 1580 861 ud
1621 815 1790 879 Argum
1821 812 1840 841 ⁵
1863 813 2161 880 ficprudiclum
2192 815 2359 881 interfig

215 885 416 932 ciendum.

657 1001 737 1058 Ec
765 1003 1033 1077 Superum
1057 1003 1235 1059 re&or
1259 1001 1394 1058 mala
1420 1012 1566 1057 tanta
1586 998 1931 1056 Phoronidos
1955 1001 2093 1057 ultra

506 1003 821 1142 NFerre
843 1078 1044 1150 potest:
1084 1090 1379 1150 natumque
1402 1087 1592 1137 vocat3
1635 1091 1801 1148 quem
1823 1072 2002 1128 lucida
2022 1087 2180 1148 partu

366 1153 467 1217 670
503 1150 676 1206 Pleias
702 1151 858 1207 enixa
883 1151 983 1206 est:
1020 1151 1242 1227 letoque
1267 1151 1389 1215 det,
1424 1149 1683 1222 imperat,
1719 1148 1948 1220 Argum.

222 1366 227 1370 '
274 1364 382 1403 Haud
403 1364 510 1412 igitur
528 1364 588 1405 leti
603 1363 781 1416 praeclusa
801 1365 844 1414 est
857 1366 974 1417 janua
996 1364 1123 1407 menti.»

218 1416 268 1456 Et
294 1416 373 1454 Val.
398 1415 546 1453 Flaccus
566 1416 624 1454 lib.
654 1429 718 1455 111.

274 1475 378 1504 Patet
398 1465 472 1503 ollis
485 1468 602 1516 janua
624 1468 695 1506 leti.

223 1516 332 1557 Idem
349 1517 409 1555 lib.
438 1529 490 1554 iv.

220 1619 256 1657 C
279 1569 442 1606 Praemia
457 1569 522 1618 sed
542 1584 661 1608 manes
675 1599 686 1616 ,
713 1571 907 1623 reclusaque
920 1571 1038 1622 janua
1059 1570 1142 1609 leti?

259 1631 436 1657 xofANus.

278 1671 363 1716 664.
407 1671 508 1707 Talia
540 1671 668 1708 dicenti
692 1671 852 1719 stellatus
872 1673 1076 1723 summovet
1107 1672 1270 1723 Argu5.]

228 1721 412 1759 Dicentem
424 1722 577 1770 quidam
599 1724 787 1761 invertunt
802 1752 811 1767 ,
824 1726 863 1760 &
874 1725 1056 1761 saniorem
1068 1725 1273 1762 leelionem

225 1772 298 1809 effe
321 1773 434 1821 ajunt.
490 1774 571 1811 Nos
594 1772 685 1810 vero
707 1774 756 1811 ita
789 1774 917 1811 dicenti
947 1774 1211 1813 adhaeremus:
1235 1782 1276 1813 ut

224 1823 393 1862 dicentem
414 1824 557 1872 penitus
578 1823 598 1861 ’3
622 1823 782 1861 candido
804 1828 939 1872 poetae
957 1825 1059 1863 sensu
1080 1826 1278 1864 abhorrere

224 1873 422 1911 sentiamus
451 1903 461 1919 ‚
516 1886 601 1911 cum
635 1874 842 1923 praesertim
876 1876 1058 1915 vetustum
1092 1877 1280 1927 exemplar

228 1925 373 1963 nostrae
395 1924 594 1963 sententiae
617 1926 824 1974 astipuletur
838 1955 848 1971 ‚
870 1928 1040 1977 quamvis
1061 1940 1140 1966 non
1163 1929 1279 1966 dicen·

226 1976 283 2020 ti,
304 1975 364 2014 sed
385 1977 564 2026 quaerenti
582 1976 619 2013 in
643 1988 690 2014 eo
712 1977 862 2027 legatur.
894 1980 1059 2017 Remus.
1086 1980 1179 2018 Duo
1201 1980 1280 2018 Va-

228 2027 339 2065 tican.
362 2026 437 2065 duo
462 2027 613 2065 Caelest.
635 2028 723 2066 Ern.
745 2031 784 2066 ὃς
806 2030 861 2066 Io.
886 2030 934 2066 D.
959 2030 1117 2069 Domin.
1145 2030 1216 2069 Ab.
1239 2033 1279 2072 ὃς

229 2089 324 2115 unus
347 2089 451 2115 meus
466 2107 476 2123 ,
507 2078 607 2115 Talia
630 2091 849 2118 maerentem.
878 2080 1039 2119 Rectius.
1065 2083 1156 2120 Hoc
1184 2093 1280 2132 quo-

228 2139 303 2177 que
327 2129 445 2167 modo
467 2137 574 2167 antea
596 2129 783 2179 legebatur
801 2132 839 2168 in
863 2132 976 2170 allero
997 2133 1089 2170 item
1113 2144 1202 2170 meo
1217 2134 1277 2178 ‚in

229 2191 309 2228 quo
342 2179 466 2229 postea
498 2180 616 2217 aliena
640 2193 753 2219 manu
792 2184 831 2220 δε
863 2191 1071 2222 atramento
1101 2184 1279 2222 emenda-

229 2237 313 2267 tum
347 2230 422 2276 est,
461 2232 649 2268 Maerenti.
703 2233 810 2271 Haec
840 2236 952 2272 etiam
976 2235 1129 2273 varietas
1150 2243 1279 2273 notata

232 2280 280 2318 est
303 2280 349 2317 ad
372 2282 577 2331 marginem
596 2283 703 2320 unius
717 2284 868 2321 Caelest.
897 2287 1073 2322 Maerenti
1095 2286 1143 2323 est
1165 2286 1277 2323 etiam

231 2331 272 2368 in
291 2331 383 2370 libro
407 2334 564 2382 Capran.
595 2333 665 2371 Sed
680 2363 690 2380 ,
717 2345 757 2372 ut
780 2335 879 2381 dixi,
907 2337 1037 2375 rectius
1058 2347 1280 2374 maerentem.

232 2380 400 2431 Intellige
422 2392 547 2422 autem
561 2385 605 2422 Io
619 2414 629 2429 ,
657 2398 751 2435 quae
774 2398 816 2424 ea
831 2415 841 2432 ‚
872 2399 967 2437 quae
988 2387 1050 2425 fibi
1071 2388 1115 2425 ab
1140 2387 1280 2425 Inacho

233 2440 335 2480 patre
357 2434 420 2471 suo
443 2435 537 2473 (ἤθη
565 2435 668 2481 sunt,
697 2438 899 2475 moerebat.
951 2439 1077 2488 Atque
1107 2438 1200 2476 haec
1233 2438 1281 2476 est

234 2493 323 2519 vera
342 2484 448 2532 hujus
469 2486 543 2522 loci
560 2486 747 2524 sententia.
777 2489 947 2527 CIOFAN.
977 2490 1148 2526 Moerenti
1168 2489 1281 2538 longe

236 2531 436 2580 elegantius
459 2536 595 2583 primus
616 2538 757 2575 Moreti
775 2540 814 2576 &
837 2539 925 2577 0610
948 2540 1019 2577 alii.
1068 2540 1169 2577 Talia
1194 2554 1283 2577 moe-

238 2584 330 2619 renti
352 2596 475 2621 natam
491 2587 687 2634 submovet.
721 2590 763 2625 In
787 2591 995 2635 nonnullis,
1023 2591 1177 2634 dicenti,
1203 2605 1285 2640 que·

239 2635 355 2678 renti,
393 2637 566 2682 miranti,
603 2639 642 2676 &
672 2638 813 2678 similia.
847 2640 907 2679 sed
939 2653 1145 2690 perperam.
1182 2641 1286 2678 Silius

236 2682 332 2724 libro
356 2698 452 2722 xvn.
477 2688 561 2734 269.

295 2735 397 2772 Talia
421 2737 506 2772 ditm
528 2749 651 2774 moeret
666 2767 675 2783 ,
704 2738 849 2788 diversis
863 2741 1011 2790 flatibus
1031 2744 1111 2778 abia

296 2791 339 2822 In
355 2787 533 2835 geminum
556 2790 630 2824 ruit
652 2791 749 2826 unda
771 2790 876 2828 latus.
933 2792 1136 2830 HEINSIUS.

240 2834 395 2874 'Vocem
419 2851 585 2883 moerere,
614 2851 699 2876 cum
730 2841 856 2878 mirari
889 2841 1070 2879 confundi
1101 2842 1290 2881 docebunt

243 2886 419 2926 adnotata
448 2889 531 2926 viris
565 2889 681 2927 do-stis
712 2891 757 2928 ad
790 2892 906 2929 Cicer.
954 2904 1022 2942 pro
1054 2893 1178 2930 Sextio
1210 2905 1286 2942 cap.

240 2949 374 2976 xxxix.
395 2953 537 2976 moerere
559 2952 643 2978 cum
667 2941 873 2979 accusativo
897 2943 1054 2980 construi
1072 2943 1230 2979 vidimus
1243 2944 1287 2981 ad

246 2989 428 3037 Quinffil.
450 3003 513 3028 111.
539 2991 648 3029 Instit.
669 2994 703 3028 6.
725 2993 799 3030 vid.
821 2993 886 3029 inf.
909 3006 980 3030 vn.
1004 3005 1086 3038 720.
1108 2993 1287 3040 stellatum

245 3050 339 3077 vero
369 3040 472 3078 oculis
504 3042 649 3091 Argum
677 3043 789 3081 etiam
821 3044 913 3082 dixit
944 3043 1155 3082 Nemefian.
1210 3046 1288 3095 Cy—

246 3100 368 3139 neget.
392 3103 450 3141 31.
501 3092 689 3131 BmzmAN.

302 3141 385 3177 666.
415 3142 625 3191 Abstrahit,
655 3143 754 3194 ipſsa]
784 3145 970 3192 Abstrahit
999 3175 1009 3191 ,
1062 3147 1141 3183 inde
1161 3147 1288 3195 procul.

252 3187 392 3242 Medio
427 3194 588 3234 Florent.
628 3197 667 3234 δε
704 3205 774 3234 tres
810 3197 879 3235 alii.
924 3197 1090 3245 abstulit,
1111 3198 1192 3235 inde
1222 3199 1290 3236 Vi-

251 3248 349 3276 wan.

304 3290 388 3336 667„
420 3298 539 3334 Partes
546 3298 745 3347 speculatur
762 3299 800 3338 in
821 3299 972 3350 omne5.]
1001 3300 1192 3351 speculetur
1213 3311 1291 3340 ma-

2203 1221 2374 1280 Parva

1322 1362 1404 1402 lim.
1430 1370 1542 1413 atque
1569 1363 1607 1400 in
1639 1375 1718 1402 uno
1749 1361 1929 1401 Mediceo
1952 1359 1974 1400 ὃ.
1995 1373 2110 1401 manu
2130 1360 2247 1412 primi
2273 1366 2378 1409 exta-1·

1324 1414 1396 1452 bat.
1429 1416 1633 1452 Hmusms.

1378 1474 1395 1492 ³
1424 1472 1465 1503 In
1486 1465 1651 1515 habitu.]
1683 1471 1726 1502 In
1749 1463 1912 1501 habitum
1946 1464 2085 1502 Colon.

1377 1516 1397 1543 b
1420 1515 1704 1566 supradicium]
1732 1514 1845 1553 Deest
1873 1514 2011 1553 Colon.

1378 1567 1463 1611 671.
1491 1567 1668 1617 Potenti.]
1708 1572 1850 1604 Potente
1880 1565 2029 1614 plurimi
2058 1564 2189 1615 scripti.
2233 1565 2282 1604 fic
2306 1561 2376 1616 floi

1329 1629 1425 1656 rente
1446 1619 1511 1656 inf.
1543 1630 1589 1655 11.
1621 1629 1682 1665 27.
1714 1616 1920 1667 praestante.
1957 1628 2023 1654 111.
2054 1616 2122 1666 Ep.
2158 1628 2218 1667 35.
2255 1617 2376 1668 cepisse

1329 1684 1442 1708 manu
1483 1670 1626 1706 Moreti
1652 1679 1758 1706 unus.

1381 1722 1465 1768 677.
1493 1725 1593 1756 Dum
1615 1720 1736 1764 venit,
1764 1717 1978 1769 addanae]
2010 1718 2195 1757 Abducfas
2223 1719 2381 1758 scriben⁴

1332 1772 1423 1810 dum
1447 1771 1506 1808 vel
1524 1771 1645 1808 invitis
1663 1770 1760 1808 libris
1774 1798 1784 1816 ,
1812 1769 1917 1820 quod
1935 1770 2158 1809 furaciffimo
2179 1772 2268 1810 Deo
2291 1782 2385 1818 cons,

1334 1823 1498 1862 veniens.
1522 1822 1582 1859 lib.
1605 1834 1650 1859 11.
1671 1821 1755 1869 684.

1388 1873 1616 1922 Incustoditae
1635 1872 1749 1923 Pylios
1769 1882 2011 1910 memorantur
2031 1872 2069 1910 in
2090 1887 2188 1923 agros

1385 1923 1564 1975 Proceffiffe
1582 1924 1694 1963 boves.
1721 1924 1820 1962 videt
1841 1924 1905 1962 has
1928 1924 2120 1962 Atlantide
2138 1924 2248 1975 Majd

1386 1984 1507 2015 Natus
1520 2005 1530 2022 ‚
1558 1988 1602 2017 ω’
1621 1986 1698 2013 arte
1711 1976 1784 2026 sud
1794 1974 1899 2025 filvis
1918 1975 2068 2012 occultat
2086 1976 2243 2015 abacias.

1333 2029 1406 2068 Pro
1438 2029 1539 2066 venit
1571 2027 1682 2066 etiam
1716 2027 1824 2065 multi
1844 2035 2040 2071 veterum,
2077 2028 2152 2065 veit
2182 2027 2241 2065 vel
2273 2025 2388 2066 vehit)

1333 2081 1455 2125 Puto,
1491 2085 1657 2130 Dumque
1688 2079 1762 2128 agit
1791 2077 1960 2115 abdufft'as
1983 2107 1994 2123 ,
2029 2083 2070 2115 ut
2098 2090 2186 2116 cum
2220 2078 2388 2128 sequenti

1334 2131 1439 2171 versu
1459 2131 1551 2168 haec
1574 2129 1840 2168 construantur.
1894 2129 2078 2178 Scriptum
2109 2131 2232 2178 primo
2266 2130 2385 2182 fuer-ap

1334 2181 1419 2219 eliso
1443 2183 1494 2229 τῷ
1513 2196 1536 2218 a
1551 2209 1561 2224 ,
1589 2188 1755 2232 Dumque
1771 2181 1825 2229 git
1846 2180 2009 2217 abduc‘la.
2057 2180 2149 2218 Inde
2179 2186 2280 2216 Dum
2312 2186 2388 2214 veit

1334 2233 1459 2282 postea
1481 2233 1635 2270 factum.
1661 2231 1710 2270 fic
1729 2232 1822 2269 libro
1845 2243 1898 2268 1v.
1926 2242 2007 2268 100.
2086 2279 2094 2286 .

1515 2283 1707 2332 Obscurum
1727 2281 1852 2318 timido
1867 2281 1950 2330 pede
1961 2280 2059 2329 fugit
2081 2294 2120 2317 tn
2143 2289 2320 2319 antrum?

1388 2339 1554 2384 Dumque
1565 2334 1664 2382 fugit
1677 2361 1687 2377 ‚
1709 2342 1797 2380 tergo
1817 2331 1999 2368 velamina
2021 2330 2114 2379 lapsa
2135 2330 2314 2382 relinquit.

1337 2386 1551 2423 Hfimsms.
1579 2384 1681 2421 Nihil
1701 2389 1807 2419 muto
1822 2411 1832 2427 ‚
1864 2380 1929 2419 nisi
1959 2381 2133 2418 adducias
2153 2382 2191 2419 in
2210 2381 2394 2420 abduffasl

1338 2448 1415 2473 non
1449 2436 1550 2473 enim
1574 2446 1618 2472 ex
1642 2433 1750 2471 coelo
1773 2431 1974 2469 adduxerat
1997 2431 2148 2480 capellas
2172 2460 2182 2476 ,
2209 2432 2269 2469 sed
2298 2431 2391 2470 dum

1336 2487 1439 2525 venit
1455 2515 1463 2531 ‚
1490 2486 1525 2523 id
1539 2485 1588 2523 est
1603 2513 1612 2529 ‚
1645 2485 1672 2522 it
1693 2483 1739 2521 ad
1758 2483 1904 2532 Argum
1918 2510 1929 2527 ‚
1952 2482 2103 2531 capellas
2126 2481 2296 2520 abductas
2317 2483 2393 2532 agit

1340 2551 1384 2575 ex
1407 2537 1534 2574 vicinis
1554 2536 1645 2585 agris
1660 2563 1670 2579 ‚
1697 2533 1828 2584 quibus
1849 2542 1889 2571 ut
1911 2532 2029 2582 pastor
2050 2532 2241 2570 instructus
2255 2561 2266 2578 ,
2290 2545 2392 2571 nune

1340 2587 1535 2637 personam
1565 2586 1713 2636 pastoris
1743 2585 1827 2633 agit.
1871 2584 2107 2621 Celeritatem
2142 2584 2230 2621 furti
2260 2592 2390 2628 notat;

1349 2651 1428 2677 non
1457 2638 1565 2676 anxie
1589 2637 1830 2684 conquirebat
1861 2645 1991 2670 vaccas
2012 2661 2024 2678 ‚
2050 2633 2109 2671 sed
2131 2634 2250 2672 statim
2273 2642 2314 2672 ut
2326 2646 2393 2673 ve-

1345 2690 1421 2732 nit,
1449 2688 1575 2724 obvias
1596 2685 1743 2722 abducit
1763 2684 1801 2721 in
1829 2682 1947 2721 devia.
2004 2684 2083 2722 Bmz
2094 2698 2133 2722 M.

1396 2737 1481 2783 678.
1511 2742 1591 2773 Voce
1614 2749 1725 2772 novae
1746 2734 1878 2783 artisfl
1908 2735 1972 2772 An
1991 2735 2066 2772 hoc
2099 2735 2233 2774 Latine
2253 2735 2394 2774 dicatur

1345 2788 1476 2826 dubito
1491 2816 1513 2844 ’.
1542 2787 1580 2824 &
1611 2786 1774 2836 plerique
1805 2780 1952 2824 codices
1982 2786 2143 2833 habent,
2180 2800 2258 2825 voce
2289 2799 2396 2826 nova.

1349 2851 1442 2877 unus
1466 2847 1602 2876 ctiam:

1398 2910 1477 2941 Voce
1498 2916 1591 2941 nova
1614 2913 1730 2953 captus
1753 2902 1854 2953 custos
1874 2903 2033 2952 Junonis
2056 2914 2100 2945 (φ’
2120 2914 2210 2944 arte.

1343 2971 1399 3008 Ut
1423 2970 1504 3007 infr.
1531 2980 1615 3015 711.

1398 3037 1490 3071 Arte
1510 3046 1604 3069 nova
1626 3032 1781 3084 vocisque
1800 3038 1916 3071 Deum
1937 3032 2114 3070 dulcedine
2135 3029 2292 3081 captume

1347 3096 1418 3133 Sed
1449 3096 1709 3146 elegantissima
1743 3096 1792 3134 est
1821 3098 1926 3135 unius
1949 3097 2125 3136 Thu-anei
2148 3096 2285 3134 codicis
2316 3095 2397 3133 scri-

1345 3156 1449 3198 ptura
1475 3176 1485 3191 ,
1524 3159 1636 3197 quam
1668 3148 1863 3186 venustatis
1895 3148 2138 3197 plenissimam
2170 3147 2392 3197 amplec'tor:

1358 3240 1359 3243 Ἴ
1400 3204 1478 3235 Voce
1499 3212 1593 3234 nova
1617 3208 1732 3248 captus
1754 3199 1856 3247 cicslos
1877 3200 2080 3245 Junoniu53
2122 3203 2177 3235 At
2199 3210 2239 3236 tu
2252 3227 2263 3244 ,

1400 3249 1567 3300 Qcisquis
1586 3263 1618 3285 es
1632 3278 1643 3295 ‚
1672 3249 1731 3289 hoc
1747 3260 1886 3302 poteras
1908 3263 2042 3289 mecum
2065 3248 2338 3300 confi'derefhxo.

1347 3301 1404 3339 Ut
1422 3301 1491 3340 inf.
1514 3302 1600 3348 760.

2345 3347 2404 3384 As
