<?xml version="1.0" encoding="UTF-8"?>
<!DOCTYPE html PUBLIC "-//W3C//DTD XHTML 1.0 Transitional//EN"
    "http://www.w3.org/TR/xhtml1/DTD/xhtml1-transitional.dtd">
<html xmlns="http://www.w3.org/1999/xhtml" xml:lang="en" lang="en">
 <head>
  <title>
</title>
<meta http-equiv="Content-Type" content="text/html;charset=utf-8" />
  <meta name='ocr-system' content='tesseract 3.04.00' />
  <meta name='ocr-capabilities' content='ocr_page ocr_carea ocr_par ocr_line ocrx_word'/>
</head>
<body>
  <div class='ocr_page' id='page_1' title='image "./publiiovidiinaso02ovid_0492.png"; bbox 0 0 2483 3616; ppageno 0'>
   <div class='ocr_carea' id='block_1_1' title="bbox 281 142 1304 229">
    <p class='ocr_par' dir='ltr' id='par_1_1' title="bbox 281 142 1304 229">
     <span class='ocr_line' id='line_1_1' title="bbox 281 142 1304 229; baseline -0.013 -17"><span class='ocrx_word' id='word_1_1' title='bbox 281 158 379 229; x_wconf 77' lang='lat'><em>482</em></span> <span class='ocrx_word' id='word_1_2' title='bbox 758 150 819 206; x_wconf 90' lang='lat' dir='ltr'><em>P.</em></span> <span class='ocrx_word' id='word_1_3' title='bbox 892 142 1304 206; x_wconf 86' lang='lat' dir='ltr'>ov1D11</span> 
     </span>
    </p>
   </div>
   <div class='ocr_carea' id='block_1_2' title="bbox 1377 142 1910 202">
    <p class='ocr_par' dir='ltr' id='par_1_2' title="bbox 1377 142 1910 202">
     <span class='ocr_line' id='line_1_2' title="bbox 1377 142 1910 202; baseline 0.002 -2"><span class='ocrx_word' id='word_1_4' title='bbox 1377 142 1910 202; x_wconf 89' lang='lat' dir='ltr'>NASONIS</span> 
     </span>
    </p>
   </div>
   <div class='ocr_carea' id='block_1_3' title="bbox 561 258 1976 476">
    <p class='ocr_par' dir='ltr' id='par_1_3' title="bbox 561 258 1976 476">
     <span class='ocr_line' id='line_1_3' title="bbox 569 258 1976 334; baseline -0.006 -8"><span class='ocrx_word' id='word_1_5' title='bbox 569 269 793 331; x_wconf 85' lang='lat' dir='ltr'><em>Armat‚</em></span> <span class='ocrx_word' id='word_1_6' title='bbox 827 265 929 320; x_wconf 86' lang='lat' dir='ltr'><em>ait?</em></span> <span class='ocrx_word' id='word_1_7' title='bbox 969 260 1219 318; x_wconf 85' lang='lat' dir='ltr'><strong>cecidere</strong></span> <span class='ocrx_word' id='word_1_8' title='bbox 1243 258 1344 314; x_wconf 87' lang='lat' dir='ltr'><em>illis</em></span> <span class='ocrx_word' id='word_1_9' title='bbox 1366 259 1637 333; x_wconf 82' lang='lat' dir='ltr'>animique</span> <span class='ocrx_word' id='word_1_10' title='bbox 1666 276 1976 334; x_wconf 86' lang='lat' dir='ltr'><em>manusque.</em></span> 
     </span>
     <span class='ocr_line' id='line_1_4' title="bbox 565 330 1841 403; baseline -0.009 -5"><span class='ocrx_word' id='word_1_11' title='bbox 565 342 726 397; x_wconf 86' lang='lat' dir='ltr'><em>Plura</em></span> <span class='ocrx_word' id='word_1_12' title='bbox 750 342 1001 394; x_wconf 90' lang='lat' dir='ltr'><em>locuturo</em></span> <span class='ocrx_word' id='word_1_13' title='bbox 1027 351 1152 389; x_wconf 90' lang='lat' dir='ltr'><em>cum</em></span> <span class='ocrx_word' id='word_1_14' title='bbox 1178 330 1353 387; x_wconf 89' lang='lat' dir='ltr'><em>verbis</em></span> <span class='ocrx_word' id='word_1_15' title='bbox 1379 345 1597 403; x_wconf 86' lang='lat' dir='ltr'><em>guttura</em></span> <span class='ocrx_word' id='word_1_16' title='bbox 1621 333 1841 388; x_wconf 84' lang='lat' dir='ltr'>Colchis</span> 
     </span>
     <span class='ocr_line' id='line_1_5' title="bbox 561 403 1792 476; baseline -0.01 -6"><span class='ocrx_word' id='word_1_17' title='bbox 561 413 824 476; x_wconf 86' lang='lat' dir='ltr'><em>Abstulit,</em></span> <span class='ocrx_word' id='word_1_18' title='bbox 858 410 914 464; x_wconf 84' lang='lat'>&amp;</span> <span class='ocrx_word' id='word_1_19' title='bbox 944 406 1125 464; x_wconf 82' lang='lat' dir='ltr'>calidis</span> <span class='ocrx_word' id='word_1_20' title='bbox 1145 404 1399 461; x_wconf 86' lang='lat' dir='ltr'><em>laniatum</em></span> <span class='ocrx_word' id='word_1_21' title='bbox 1428 403 1607 461; x_wconf 80' lang='lat' dir='ltr'><em>mersit</em></span> <span class='ocrx_word' id='word_1_22' title='bbox 1631 405 1792 460; x_wconf 82' lang='lat' dir='ltr'><em>ae‘niS.</em></span> 
     </span>
    </p>
   </div>
   <div class='ocr_carea' id='block_1_4' title="bbox 536 591 2175 650">
    <p class='ocr_par' dir='ltr' id='par_1_4' title="bbox 536 591 2175 650">
     <span class='ocr_line' id='line_1_6' title="bbox 536 591 2175 650; baseline -0.004 1"><span class='ocrx_word' id='word_1_23' title='bbox 536 603 704 650; x_wconf 75' lang='grc' dir='ltr'><strong>ΕΑΒ.</strong></span> <span class='ocrx_word' id='word_1_24' title='bbox 749 599 814 649; x_wconf 92' lang='lat' dir='ltr'><em>V.</em></span> <span class='ocrx_word' id='word_1_25' title='bbox 859 598 961 648; x_wconf 91' lang='lat' dir='ltr'><em>VI.</em></span> <span class='ocrx_word' id='word_1_26' title='bbox 1006 596 1143 646; x_wconf 88' lang='lat' dir='ltr'>VII.</span> <span class='ocrx_word' id='word_1_27' title='bbox 1189 593 1591 643; x_wconf 84' lang='lat' dir='ltr'><strong>VIII.&amp;]X.</strong></span> <span class='ocrx_word' id='word_1_28' title='bbox 1635 591 2175 644; x_wconf 73' lang='lat' dir='ltr'>ARGUMENTA.</span> 
     </span>
    </p>
   </div>
   <div class='ocr_carea' id='block_1_5' title="bbox 409 730 1452 789">
    <p class='ocr_par' dir='ltr' id='par_1_5' title="bbox 409 730 1452 789">
     <span class='ocr_line' id='line_1_7' title="bbox 409 730 1452 789; baseline -0.01 0"><span class='ocrx_word' id='word_1_29' title='bbox 409 739 657 789; x_wconf 88' lang='lat' dir='ltr'><em>Cerambus</em></span> <span class='ocrx_word' id='word_1_30' title='bbox 692 740 740 786; x_wconf 90' lang='lat' dir='ltr'><em>in</em></span> <span class='ocrx_word' id='word_1_31' title='bbox 773 738 937 787; x_wconf 89' lang='lat' dir='ltr'><em>Avem.</em></span> <span class='ocrx_word' id='word_1_32' title='bbox 1007 737 1165 783; x_wconf 85' lang='lat' dir='ltr'>Draco</span> <span class='ocrx_word' id='word_1_33' title='bbox 1199 733 1248 779; x_wconf 91' lang='lat' dir='ltr'><em>in</em></span> <span class='ocrx_word' id='word_1_34' title='bbox 1279 730 1452 780; x_wconf 85' lang='lat' dir='ltr'><em>saxum.</em></span> 
     </span>
    </p>
   </div>
   <div class='ocr_carea' id='block_1_6' title="bbox 1521 733 2287 799">
    <p class='ocr_par' dir='ltr' id='par_1_6' title="bbox 1521 733 2287 799">
     <span class='ocr_line' id='line_1_8' title="bbox 1521 733 2287 799; baseline 0.007 -20"><span class='ocrx_word' id='word_1_35' title='bbox 1521 739 1536 759; x_wconf 81' lang='lat'><strong>³</strong></span> <span class='ocrx_word' id='word_1_36' title='bbox 1563 733 1798 794; x_wconf 87' lang='lat' dir='ltr'><em>Juvencus</em></span> <span class='ocrx_word' id='word_1_37' title='bbox 1832 733 1881 780; x_wconf 87' lang='lat' dir='ltr'><em>in</em></span> <span class='ocrx_word' id='word_1_38' title='bbox 1915 733 2038 782; x_wconf 85' lang='lat' dir='ltr'><em>cervi</em></span> <span class='ocrx_word' id='word_1_39' title='bbox 2073 733 2287 799; x_wconf 83' lang='lat' dir='ltr'><em>figuram.</em></span> 
     </span>
    </p>
   </div>
   <div class='ocr_carea' id='block_1_7' title="bbox 536 798 2202 869">
    <p class='ocr_par' dir='ltr' id='par_1_7' title="bbox 536 798 2202 869">
     <span class='ocr_line' id='line_1_9' title="bbox 536 798 2202 869; baseline -0.002 -18"><span class='ocrx_word' id='word_1_40' title='bbox 536 805 553 831; x_wconf 80' lang='lat'><em>¹²</em></span> <span class='ocrx_word' id='word_1_41' title='bbox 589 804 825 869; x_wconf 88' lang='lat' dir='ltr'>Corythus</span> <span class='ocrx_word' id='word_1_42' title='bbox 859 804 907 848; x_wconf 86' lang='lat' dir='ltr'><em>in</em></span> <span class='ocrx_word' id='word_1_43' title='bbox 940 801 1138 866; x_wconf 86' lang='lat' dir='ltr'><em>speciem</em></span> <span class='ocrx_word' id='word_1_44' title='bbox 1173 799 1481 845; x_wconf 87' lang='lat' dir='ltr'><em>monumenti.</em></span> <span class='ocrx_word' id='word_1_45' title='bbox 1550 798 1714 845; x_wconf 83' lang='lat' dir='ltr'><em>Maera</em></span> <span class='ocrx_word' id='word_1_46' title='bbox 1746 799 1796 845; x_wconf 86' lang='lat' dir='ltr'><em>in</em></span> <span class='ocrx_word' id='word_1_47' title='bbox 1830 800 1953 846; x_wconf 80' lang='lat' dir='ltr'><em>canis</em></span> <span class='ocrx_word' id='word_1_48' title='bbox 1988 799 2202 863; x_wconf 80' lang='lat' dir='ltr'><em>figuram.</em></span> 
     </span>
    </p>
   </div>
   <div class='ocr_carea' id='block_1_8' title="bbox 273 936 2413 1083">
    <p class='ocr_par' dir='ltr' id='par_1_8' title="bbox 273 936 2413 1083">
     <span class='ocr_line' id='line_1_10' title="bbox 334 936 2412 1005; baseline 0.001 -15"><span class='ocrx_word' id='word_1_49' title='bbox 334 948 350 967; x_wconf 74' lang='lat'><em>⁶</em></span> <span class='ocrx_word' id='word_1_50' title='bbox 381 943 583 991; x_wconf 77' lang='lat' dir='ltr'><em>Medeam</em></span> <span class='ocrx_word' id='word_1_51' title='bbox 606 942 840 1005; x_wconf 75' lang='lat' dir='ltr'><em>fugientem</em></span> <span class='ocrx_word' id='word_1_52' title='bbox 877 937 894 965; x_wconf 79' lang='lat'><em>‘³</em></span> <span class='ocrx_word' id='word_1_53' title='bbox 917 940 1031 988; x_wconf 83' lang='lat' dir='ltr'><em>docet</em></span> <span class='ocrx_word' id='word_1_54' title='bbox 1067 938 1240 998; x_wconf 78' lang='lat' dir='ltr'><em>Othryn</em></span> <span class='ocrx_word' id='word_1_55' title='bbox 1274 950 1454 986; x_wconf 84' lang='lat' dir='ltr'><em>montem</em></span> <span class='ocrx_word' id='word_1_56' title='bbox 1490 936 1723 1000; x_wconf 77' lang='lat' dir='ltr'><em>Thcffzliae</em></span> <span class='ocrx_word' id='word_1_57' title='bbox 1753 939 1917 999; x_wconf 70' lang='lat' dir='ltr'><em>petiiffi’</em></span> <span class='ocrx_word' id='word_1_58' title='bbox 1940 973 1956 998; x_wconf 82' lang='grc'>,</span> <span class='ocrx_word' id='word_1_59' title='bbox 1993 944 2010 965; x_wconf 78' lang='lat'><em>‘-</em></span> <span class='ocrx_word' id='word_1_60' title='bbox 2032 941 2079 985; x_wconf 86' lang='lat' dir='ltr'><em>in</em></span> <span class='ocrx_word' id='word_1_61' title='bbox 2116 955 2236 1001; x_wconf 79' lang='lat' dir='ltr'><em>quem</em></span> <span class='ocrx_word' id='word_1_62' title='bbox 2258 941 2412 994; x_wconf 85' lang='lat' dir='ltr'><em>diluvio</em></span> 
     </span>
     <span class='ocr_line' id='line_1_11' title="bbox 273 1000 2413 1083; baseline -0 -27"><span class='ocrx_word' id='word_1_63' title='bbox 273 1007 544 1056; x_wconf 82' lang='lat' dir='ltr'><em>Deucalionis</em></span> <span class='ocrx_word' id='word_1_64' title='bbox 577 1005 591 1034; x_wconf 79' lang='lat' dir='ltr'>f</span> <span class='ocrx_word' id='word_1_65' title='bbox 611 1007 842 1055; x_wconf 83' lang='lat' dir='ltr'><em>Cerambus</em></span> <span class='ocrx_word' id='word_1_66' title='bbox 868 1004 1172 1067; x_wconf 75' lang='lat' dir='ltr'><em>Nympharum</em></span> <span class='ocrx_word' id='word_1_67' title='bbox 1195 1007 1356 1052; x_wconf 89' lang='lat' dir='ltr'><em>auxilio</em></span> <span class='ocrx_word' id='word_1_68' title='bbox 1373 1007 1522 1066; x_wconf 85' lang='lat' dir='ltr'><em>pennis</em></span> <span class='ocrx_word' id='word_1_69' title='bbox 1556 1009 1573 1038; x_wconf 70' lang='lat'>³</span> <span class='ocrx_word' id='word_1_70' title='bbox 1595 1003 1760 1051; x_wconf 85' lang='lat' dir='ltr'><em>delatus</em></span> <span class='ocrx_word' id='word_1_71' title='bbox 1770 1006 1863 1064; x_wconf 79' lang='lat' dir='ltr'><em>stt,</em></span> <span class='ocrx_word' id='word_1_72' title='bbox 1898 1000 1917 1028; x_wconf 69' lang='lat'><em>*¹</em></span> <span class='ocrx_word' id='word_1_73' title='bbox 1953 1004 2007 1057; x_wconf 68' lang='lat'><em>&amp;³</em></span> <span class='ocrx_word' id='word_1_74' title='bbox 2032 1006 2078 1050; x_wconf 87' lang='lat' dir='ltr'><em>in</em></span> <span class='ocrx_word' id='word_1_75' title='bbox 2103 1016 2280 1083; x_wconf 81' lang='lat' dir='ltr'><em>montem</em></span> <span class='ocrx_word' id='word_1_76' title='bbox 2301 1008 2413 1056; x_wconf 84' lang='lat' dir='ltr'><em>Par-</em></span> 
     </span>
    </p>
   </div>
   <div class='ocr_carea' id='block_1_9' title="bbox 244 1201 1310 3329">
    <p class='ocr_par' dir='ltr' id='par_1_9' title="bbox 319 1201 1286 1255">
     <span class='ocr_line' id='line_1_12' title="bbox 319 1201 1286 1255; baseline -0.003 -13"><span class='ocrx_word' id='word_1_77' title='bbox 319 1205 464 1242; x_wconf 73' lang='lat' dir='ltr'><em>Noc‘lem</em></span> <span class='ocrx_word' id='word_1_78' title='bbox 483 1203 585 1242; x_wconf 84' lang='lat' dir='ltr'><em>illam</em></span> <span class='ocrx_word' id='word_1_79' title='bbox 597 1202 647 1254; x_wconf 85' lang='lat' dir='ltr'><em>sic</em></span> <span class='ocrx_word' id='word_1_80' title='bbox 665 1202 786 1252; x_wconf 89' lang='lat' dir='ltr'><em>moesta</em></span> <span class='ocrx_word' id='word_1_81' title='bbox 797 1204 899 1255; x_wconf 84' lang='lat' dir='ltr'><em>super</em></span> <span class='ocrx_word' id='word_1_82' title='bbox 918 1202 1100 1242; x_wconf 83' lang='lat' dir='ltr'><em>moerentis</em></span> <span class='ocrx_word' id='word_1_83' title='bbox 1119 1201 1286 1240; x_wconf 83' lang='lat' dir='ltr'><em>alumnae</em></span> 
     </span>
    </p>

    <p class='ocr_par' dir='ltr' id='par_1_10' title="bbox 264 1254 1310 1406">
     <span class='ocr_line' id='line_1_13' title="bbox 321 1254 1132 1306; baseline -0.002 -14"><span class='ocrx_word' id='word_1_84' title='bbox 321 1255 511 1305; x_wconf 82' lang='lat' dir='ltr'><em>Frigidulos</em></span> <span class='ocrx_word' id='word_1_85' title='bbox 534 1255 646 1293; x_wconf 90' lang='lat' dir='ltr'><em>cubito</em></span> <span class='ocrx_word' id='word_1_86' title='bbox 658 1256 814 1306; x_wconf 87' lang='lat' dir='ltr'><em>subnixa</em></span> <span class='ocrx_word' id='word_1_87' title='bbox 831 1255 989 1305; x_wconf 83' lang='lat' dir='ltr'><em>pependit</em></span> <span class='ocrx_word' id='word_1_88' title='bbox 1005 1254 1132 1291; x_wconf 84' lang='lat' dir='ltr'><em>ocellos.</em></span> 
     </span>
     <span class='ocr_line' id='line_1_14' title="bbox 264 1304 1310 1357; baseline -0.001 -13"><span class='ocrx_word' id='word_1_89' title='bbox 264 1306 327 1344; x_wconf 77' lang='lat' dir='ltr'><em>ubi</em></span> <span class='ocrx_word' id='word_1_90' title='bbox 349 1306 527 1344; x_wconf 84' lang='lat' dir='ltr'><em>morientis</em></span> <span class='ocrx_word' id='word_1_91' title='bbox 547 1319 738 1357; x_wconf 87' lang='lat' dir='ltr'><em>perperam</em></span> <span class='ocrx_word' id='word_1_92' title='bbox 764 1306 907 1356; x_wconf 84' lang='lat' dir='ltr'><em>legitur.</em></span> <span class='ocrx_word' id='word_1_93' title='bbox 932 1307 1144 1355; x_wconf 85' lang='lat' dir='ltr'><em>Propertius</em></span> <span class='ocrx_word' id='word_1_94' title='bbox 1160 1304 1254 1344; x_wconf 90' lang='lat' dir='ltr'><em>libro</em></span> <span class='ocrx_word' id='word_1_95' title='bbox 1278 1316 1310 1344; x_wconf 90' lang='lat'><em>1.</em></span> 
     </span>
     <span class='ocr_line' id='line_1_15' title="bbox 265 1357 446 1406; baseline -0.006 -10"><span class='ocrx_word' id='word_1_96' title='bbox 265 1357 446 1406; x_wconf 84' lang='lat' dir='ltr'><em>Eleg.111.</em></span> 
     </span>
    </p>

    <p class='ocr_par' dir='ltr' id='par_1_11' title="bbox 264 1407 1135 1509">
     <span class='ocr_line' id='line_1_16' title="bbox 314 1407 987 1458; baseline 0.001 -13"><span class='ocrx_word' id='word_1_97' title='bbox 314 1409 368 1445; x_wconf 84' lang='lat' dir='ltr'><em>Sic</em></span> <span class='ocrx_word' id='word_1_98' title='bbox 385 1408 439 1445; x_wconf 90' lang='lat' dir='ltr'><em>ait</em></span> <span class='ocrx_word' id='word_1_99' title='bbox 457 1407 495 1445; x_wconf 88' lang='lat' dir='ltr'><em>in</em></span> <span class='ocrx_word' id='word_1_100' title='bbox 515 1408 613 1447; x_wconf 88' lang='lat' dir='ltr'><em>molli</em></span> <span class='ocrx_word' id='word_1_101' title='bbox 621 1408 700 1458; x_wconf 86' lang='lat' dir='ltr'><em>fixa</em></span> <span class='ocrx_word' id='word_1_102' title='bbox 719 1419 791 1448; x_wconf 87' lang='lat' dir='ltr'><em>toro</em></span> <span class='ocrx_word' id='word_1_103' title='bbox 809 1408 966 1446; x_wconf 86' lang='lat' dir='ltr'><em>cubitum</em></span> <span class='ocrx_word' id='word_1_104' title='bbox 978 1436 987 1454; x_wconf 89' lang='lat'><em>,</em></span> 
     </span>
     <span class='ocr_line' id='line_1_17' title="bbox 264 1458 1135 1509; baseline 0.001 -12"><span class='ocrx_word' id='word_1_105' title='bbox 264 1458 326 1497; x_wconf 91' lang='lat' dir='ltr'><em>ubi</em></span> <span class='ocrx_word' id='word_1_106' title='bbox 348 1459 475 1497; x_wconf 83' lang='lat' dir='ltr'><em>malim</em></span> <span class='ocrx_word' id='word_1_107' title='bbox 495 1462 650 1509; x_wconf 88' lang='lat' dir='ltr'><em>reponi,</em></span> <span class='ocrx_word' id='word_1_108' title='bbox 663 1461 762 1499; x_wconf 86' lang='lat' dir='ltr'><em>nixa.</em></span> <span class='ocrx_word' id='word_1_109' title='bbox 788 1460 961 1509; x_wconf 85' lang='lat' dir='ltr'><em>Virgilius</em></span> <span class='ocrx_word' id='word_1_110' title='bbox 981 1473 1033 1499; x_wconf 77' lang='lat' dir='ltr'><em>iv.</em></span> <span class='ocrx_word' id='word_1_111' title='bbox 1049 1461 1135 1509; x_wconf 88' lang='lat'>690.</span> 
     </span>
    </p>

    <p class='ocr_par' dir='ltr' id='par_1_12' title="bbox 315 1511 1158 1563">
     <span class='ocr_line' id='line_1_18' title="bbox 315 1511 1158 1563; baseline 0.004 -17"><span class='ocrx_word' id='word_1_112' title='bbox 315 1515 378 1547; x_wconf 87' lang='lat' dir='ltr'><em>Ter</em></span> <span class='ocrx_word' id='word_1_113' title='bbox 387 1511 458 1559; x_wconf 74' lang='lat' dir='ltr'><em>sefi’</em></span> <span class='ocrx_word' id='word_1_114' title='bbox 474 1511 636 1548; x_wconf 87' lang='lat' dir='ltr'><em>attollens</em></span> <span class='ocrx_word' id='word_1_115' title='bbox 659 1511 837 1563; x_wconf 80' lang='lat' dir='ltr'><em>cubitoque</em></span> <span class='ocrx_word' id='word_1_116' title='bbox 859 1511 985 1548; x_wconf 86' lang='lat' dir='ltr'><em>innixa</em></span> <span class='ocrx_word' id='word_1_117' title='bbox 1006 1511 1158 1549; x_wconf 82' lang='lat' dir='ltr'><em>levavit.</em></span> 
     </span>
    </p>

    <p class='ocr_par' dir='ltr' id='par_1_13' title="bbox 263 1559 1172 1611">
     <span class='ocr_line' id='line_1_19' title="bbox 263 1559 1172 1611; baseline 0 -12"><span class='ocrx_word' id='word_1_118' title='bbox 263 1559 369 1600; x_wconf 88' lang='lat' dir='ltr'><em>Idem</em></span> <span class='ocrx_word' id='word_1_119' title='bbox 389 1562 598 1610; x_wconf 88' lang='lat' dir='ltr'><em>Propertius</em></span> <span class='ocrx_word' id='word_1_120' title='bbox 618 1563 729 1611; x_wconf 86' lang='lat' dir='ltr'><em>paulo</em></span> <span class='ocrx_word' id='word_1_121' title='bbox 750 1571 834 1600; x_wconf 89' lang='lat' dir='ltr'><em>ante</em></span> <span class='ocrx_word' id='word_1_122' title='bbox 854 1562 923 1599; x_wconf 90' lang='lat' dir='ltr'><em>hac</em></span> <span class='ocrx_word' id='word_1_123' title='bbox 940 1562 1012 1610; x_wconf 84' lang='lat' dir='ltr'><em>ipsa</em></span> <span class='ocrx_word' id='word_1_124' title='bbox 1033 1562 1148 1611; x_wconf 88' lang='lat' dir='ltr'><em>elegia</em></span> <span class='ocrx_word' id='word_1_125' title='bbox 1161 1589 1172 1606; x_wconf 95' lang='lat'><strong>,</strong></span> 
     </span>
    </p>

    <p class='ocr_par' dir='ltr' id='par_1_14' title="bbox 261 1613 1304 1853">
     <span class='ocr_line' id='line_1_20' title="bbox 492 1613 1104 1662; baseline 0.002 -13"><span class='ocrx_word' id='word_1_126' title='bbox 492 1625 559 1649; x_wconf 90' lang='lat' dir='ltr'><em>non</em></span> <span class='ocrx_word' id='word_1_127' title='bbox 581 1613 681 1650; x_wconf 87' lang='lat' dir='ltr'><em>certis</em></span> <span class='ocrx_word' id='word_1_128' title='bbox 703 1613 788 1650; x_wconf 88' lang='lat' dir='ltr'><em>nixa</em></span> <span class='ocrx_word' id='word_1_129' title='bbox 811 1621 910 1662; x_wconf 89' lang='lat' dir='ltr'><em>caput</em></span> <span class='ocrx_word' id='word_1_130' title='bbox 930 1613 1104 1651; x_wconf 86' lang='lat' dir='ltr'><em>manibus.</em></span> 
     </span>
     <span class='ocr_line' id='line_1_21' title="bbox 261 1661 1303 1713; baseline -0.001 -13"><span class='ocrx_word' id='word_1_131' title='bbox 261 1661 489 1712; x_wconf 84' lang='lat' dir='ltr'><em>Hegefippus</em></span> <span class='ocrx_word' id='word_1_132' title='bbox 507 1663 586 1701; x_wconf 83' lang='lat' dir='ltr'><em>libr.</em></span> <span class='ocrx_word' id='word_1_133' title='bbox 606 1676 634 1701; x_wconf 92' lang='lat'><em>1.</em></span> <span class='ocrx_word' id='word_1_134' title='bbox 657 1663 702 1702; x_wconf 93' lang='lat' dir='ltr'><em>de</em></span> <span class='ocrx_word' id='word_1_135' title='bbox 722 1663 898 1707; x_wconf 87' lang='lat' dir='ltr'><em>Herode,</em></span> <span class='ocrx_word' id='word_1_136' title='bbox 910 1664 1079 1713; x_wconf 82' lang='lat' dir='ltr'><em>paulisper</em></span> <span class='ocrx_word' id='word_1_137' title='bbox 1100 1663 1169 1711; x_wconf 76' lang='lat' dir='ltr'><em>sese</em></span> <span class='ocrx_word' id='word_1_138' title='bbox 1196 1662 1303 1700; x_wconf 88' lang='lat' dir='ltr'><em>attol-</em></span> 
     </span>
     <span class='ocr_line' id='line_1_22' title="bbox 263 1712 1303 1763; baseline 0.003 -15"><span class='ocrx_word' id='word_1_139' title='bbox 263 1712 334 1749; x_wconf 85' lang='lat' dir='ltr'><em>lens</em></span> <span class='ocrx_word' id='word_1_140' title='bbox 355 1741 366 1758; x_wconf 94' lang='lat'>,</span> <span class='ocrx_word' id='word_1_141' title='bbox 405 1713 579 1763; x_wconf 75' lang='lat' dir='ltr'><em>cubitoque</em></span> <span class='ocrx_word' id='word_1_142' title='bbox 608 1715 774 1753; x_wconf 81' lang='lat' dir='ltr'><em>annixus.</em></span> <span class='ocrx_word' id='word_1_143' title='bbox 820 1714 965 1752; x_wconf 62' lang='lat' dir='ltr'><em>Auctor</em></span> <span class='ocrx_word' id='word_1_144' title='bbox 991 1715 1089 1752; x_wconf 86' lang='lat' dir='ltr'><em>vitae</em></span> <span class='ocrx_word' id='word_1_145' title='bbox 1115 1714 1303 1763; x_wconf 86' lang='lat' dir='ltr'><em>Pompon.</em></span> 
     </span>
     <span class='ocr_line' id='line_1_23' title="bbox 262 1764 1304 1809; baseline 0.002 -9"><span class='ocrx_word' id='word_1_146' title='bbox 262 1764 379 1801; x_wconf 82' lang='lat' dir='ltr'><em>Attici</em></span> <span class='ocrx_word' id='word_1_147' title='bbox 399 1765 434 1801; x_wconf 90' lang='lat' dir='ltr'><em>in</em></span> <span class='ocrx_word' id='word_1_148' title='bbox 448 1764 535 1809; x_wconf 90' lang='lat' dir='ltr'><em>fine,</em></span> <span class='ocrx_word' id='word_1_149' title='bbox 557 1765 592 1801; x_wconf 87' lang='lat' dir='ltr'><em>in</em></span> <span class='ocrx_word' id='word_1_150' title='bbox 605 1764 757 1802; x_wconf 87' lang='lat' dir='ltr'><em>cubitum</em></span> <span class='ocrx_word' id='word_1_151' title='bbox 769 1766 886 1803; x_wconf 86' lang='lat' dir='ltr'><em>nixus.</em></span> <span class='ocrx_word' id='word_1_152' title='bbox 914 1765 1122 1803; x_wconf 72' lang='lat' dir='ltr'><em>HEmsrus.</em></span> <span class='ocrx_word' id='word_1_153' title='bbox 1174 1765 1304 1803; x_wconf 80' lang='lat' dir='ltr'><em>Petro-</em></span> 
     </span>
     <span class='ocr_line' id='line_1_24' title="bbox 263 1814 1228 1853; baseline 0.002 -2"><span class='ocrx_word' id='word_1_154' title='bbox 263 1814 344 1852; x_wconf 87' lang='lat' dir='ltr'>nius</span> <span class='ocrx_word' id='word_1_155' title='bbox 365 1827 488 1852; x_wconf 80' lang='lat' dir='ltr'>cxxxx.</span> <span class='ocrx_word' id='word_1_156' title='bbox 508 1818 633 1852; x_wconf 72' lang='lat' dir='ltr'><em>erec&#39;t‘us</em></span> <span class='ocrx_word' id='word_1_157' title='bbox 656 1816 694 1852; x_wconf 85' lang='lat' dir='ltr'><em>in</em></span> <span class='ocrx_word' id='word_1_158' title='bbox 714 1815 880 1853; x_wconf 84' lang='lat' dir='ltr'><em>cubitum.</em></span> <span class='ocrx_word' id='word_1_159' title='bbox 902 1816 964 1853; x_wconf 86' lang='lat' dir='ltr'><em>ubi</em></span> <span class='ocrx_word' id='word_1_160' title='bbox 986 1815 1071 1853; x_wconf 85' lang='lat' dir='ltr'><em>vide</em></span> <span class='ocrx_word' id='word_1_161' title='bbox 1091 1823 1228 1853; x_wconf 79' lang='lat' dir='ltr'><em>notata.</em></span> 
     </span>
    </p>

    <p class='ocr_par' dir='ltr' id='par_1_15' title="bbox 260 1865 1305 1965">
     <span class='ocr_line' id='line_1_25' title="bbox 315 1865 1305 1917; baseline 0.004 -16"><span class='ocrx_word' id='word_1_162' title='bbox 315 1876 396 1914; x_wconf 69' lang='lat'>344.</span> <span class='ocrx_word' id='word_1_163' title='bbox 424 1870 549 1902; x_wconf 82' lang='lat' dir='ltr'><em>Tentat</em></span> <span class='ocrx_word' id='word_1_164' title='bbox 570 1865 806 1916; x_wconf 56' lang='lat' dir='ltr'><em>consurgere]</em></span> <span class='ocrx_word' id='word_1_165' title='bbox 845 1866 1049 1916; x_wconf 73' lang='lat' dir='ltr'><em>Consurgere</em></span> <span class='ocrx_word' id='word_1_166' title='bbox 1078 1875 1194 1904; x_wconf 84' lang='lat' dir='ltr'><em>tentat</em></span> <span class='ocrx_word' id='word_1_167' title='bbox 1214 1877 1305 1917; x_wconf 85' lang='lat' dir='ltr'>qua-</span> 
     </span>
     <span class='ocr_line' id='line_1_26' title="bbox 260 1916 778 1965; baseline 0.004 -12"><span class='ocrx_word' id='word_1_168' title='bbox 260 1922 346 1954; x_wconf 87' lang='lat' dir='ltr'>tuor</span> <span class='ocrx_word' id='word_1_169' title='bbox 367 1916 444 1953; x_wconf 86' lang='lat' dir='ltr'>libri</span> <span class='ocrx_word' id='word_1_170' title='bbox 462 1944 471 1960; x_wconf 88' lang='lat'>,</span> <span class='ocrx_word' id='word_1_171' title='bbox 499 1916 602 1965; x_wconf 88' lang='lat' dir='ltr'><em>quod</em></span> <span class='ocrx_word' id='word_1_172' title='bbox 621 1918 778 1955; x_wconf 85' lang='lat' dir='ltr'><em>mollius.</em></span> 
     </span>
    </p>

    <p class='ocr_par' dir='ltr' id='par_1_16' title="bbox 259 1967 1305 2118">
     <span class='ocr_line' id='line_1_27' title="bbox 314 1967 1304 2019; baseline 0.003 -16"><span class='ocrx_word' id='word_1_173' title='bbox 314 1968 395 2015; x_wconf 83' lang='lat'><strong>346.</strong></span> <span class='ocrx_word' id='word_1_174' title='bbox 424 1967 575 2016; x_wconf 66' lang='lat' dir='ltr'><em>Name]</em></span> <span class='ocrx_word' id='word_1_175' title='bbox 606 1967 854 2012; x_wconf 86' lang='lat' dir='ltr'><em>Vetustiores‚</em></span> <span class='ocrx_word' id='word_1_176' title='bbox 861 1978 1001 2016; x_wconf 80' lang='lat' dir='ltr'><em>gnatae.</em></span> <span class='ocrx_word' id='word_1_177' title='bbox 1028 1968 1191 2019; x_wconf 80' lang='lat' dir='ltr'><em>&amp;‚quid</em></span> <span class='ocrx_word' id='word_1_178' title='bbox 1220 1983 1304 2015; x_wconf 87' lang='lat' dir='ltr'><em>vos,</em></span> 
     </span>
     <span class='ocr_line' id='line_1_28' title="bbox 259 2017 1305 2067; baseline 0.004 -14"><span class='ocrx_word' id='word_1_179' title='bbox 259 2028 327 2065; x_wconf 83' lang='lat' dir='ltr'><em>pro</em></span> <span class='ocrx_word' id='word_1_180' title='bbox 348 2017 435 2067; x_wconf 80' lang='lat' dir='ltr'><em>quis.</em></span> <span class='ocrx_word' id='word_1_181' title='bbox 463 2019 568 2067; x_wconf 84' lang='lat' dir='ltr'>prim.</span> <span class='ocrx_word' id='word_1_182' title='bbox 587 2017 655 2055; x_wconf 86' lang='lat' dir='ltr'><em>sec.</em></span> <span class='ocrx_word' id='word_1_183' title='bbox 674 2019 746 2056; x_wconf 84' lang='lat' dir='ltr'><em>Pal.</em></span> <span class='ocrx_word' id='word_1_184' title='bbox 773 2020 811 2057; x_wconf 90' lang='lat'>&amp;</span> <span class='ocrx_word' id='word_1_185' title='bbox 830 2019 889 2056; x_wconf 89' lang='lat' dir='ltr'><em>sex</em></span> <span class='ocrx_word' id='word_1_186' title='bbox 911 2020 980 2057; x_wconf 79' lang='lat' dir='ltr'><em>alii.</em></span> <span class='ocrx_word' id='word_1_187' title='bbox 1010 2020 1155 2058; x_wconf 62' lang='lat' dir='ltr'><em>Huius.</em></span> <span class='ocrx_word' id='word_1_188' title='bbox 1184 2026 1226 2057; x_wconf 86' lang='lat' dir='ltr'><em>In</em></span> <span class='ocrx_word' id='word_1_189' title='bbox 1239 2021 1305 2067; x_wconf 90' lang='lat' dir='ltr'><em>su-</em></span> 
     </span>
     <span class='ocr_line' id='line_1_29' title="bbox 260 2068 905 2118; baseline 0.005 -14"><span class='ocrx_word' id='word_1_190' title='bbox 260 2080 344 2105; x_wconf 86' lang='lat' dir='ltr'><em>nera</em></span> <span class='ocrx_word' id='word_1_191' title='bbox 360 2068 472 2118; x_wconf 80' lang='lat' dir='ltr'><em>patris</em></span> <span class='ocrx_word' id='word_1_192' title='bbox 490 2069 660 2106; x_wconf 81' lang='lat' dir='ltr'><em>Gronov.</em></span> <span class='ocrx_word' id='word_1_193' title='bbox 683 2070 721 2106; x_wconf 85' lang='lat'>&amp;</span> <span class='ocrx_word' id='word_1_194' title='bbox 741 2070 905 2107; x_wconf 75' lang='lat' dir='ltr'><em>Patavin.</em></span> 
     </span>
    </p>

    <p class='ocr_par' dir='ltr' id='par_1_17' title="bbox 257 2119 1306 2259">
     <span class='ocr_line' id='line_1_30' title="bbox 311 2119 1305 2171; baseline 0.007 -17"><span class='ocrx_word' id='word_1_195' title='bbox 311 2129 392 2168; x_wconf 77' lang='lat'>347.</span> <span class='ocrx_word' id='word_1_196' title='bbox 419 2119 613 2168; x_wconf 87' lang='lat' dir='ltr'><em>Animique</em></span> <span class='ocrx_word' id='word_1_197' title='bbox 625 2120 855 2171; x_wconf 63' lang='lat' dir='ltr'><em>manusque]</em></span> <span class='ocrx_word' id='word_1_198' title='bbox 886 2120 1108 2171; x_wconf 64' lang='lat' dir='ltr'><em>Animufique</em></span> <span class='ocrx_word' id='word_1_199' title='bbox 1126 2129 1305 2171; x_wconf 82' lang='lat' dir='ltr'><em>quatuor-</em></span> 
     </span>
     <span class='ocr_line' id='line_1_31' title="bbox 257 2167 1306 2221; baseline 0.005 -14"><span class='ocrx_word' id='word_1_200' title='bbox 257 2167 379 2208; x_wconf 88' lang='lat' dir='ltr'><em>decim</em></span> <span class='ocrx_word' id='word_1_201' title='bbox 400 2169 532 2219; x_wconf 83' lang='lat' dir='ltr'><em>scripti.</em></span> <span class='ocrx_word' id='word_1_202' title='bbox 579 2170 677 2209; x_wconf 84' lang='lat' dir='ltr'><em>Vide</em></span> <span class='ocrx_word' id='word_1_203' title='bbox 707 2171 797 2220; x_wconf 86' lang='lat' dir='ltr'><em>supr.</em></span> <span class='ocrx_word' id='word_1_204' title='bbox 829 2184 884 2210; x_wconf 93' lang='lat' dir='ltr'><em>1v.</em></span> <span class='ocrx_word' id='word_1_205' title='bbox 913 2184 998 2221; x_wconf 83' lang='lat'><em>229.</em></span> <span class='ocrx_word' id='word_1_206' title='bbox 1030 2174 1068 2210; x_wconf 89' lang='lat'>&amp;</span> <span class='ocrx_word' id='word_1_207' title='bbox 1091 2172 1136 2210; x_wconf 89' lang='lat' dir='ltr'><em>ad</em></span> <span class='ocrx_word' id='word_1_208' title='bbox 1164 2185 1195 2210; x_wconf 89' lang='lat'><em>1.</em></span> <span class='ocrx_word' id='word_1_209' title='bbox 1222 2174 1306 2212; x_wconf 86' lang='lat' dir='ltr'>Art.</span> 
     </span>
     <span class='ocr_line' id='line_1_32' title="bbox 257 2220 465 2259; baseline 0.005 -1"><span class='ocrx_word' id='word_1_210' title='bbox 257 2221 386 2259; x_wconf 79' lang='lat' dir='ltr'><em>Amat.</em></span> <span class='ocrx_word' id='word_1_211' title='bbox 404 2220 465 2259; x_wconf 78' lang='lat'><em>81.</em></span> 
     </span>
    </p>

    <p class='ocr_par' dir='ltr' id='par_1_18' title="bbox 258 2271 1302 2373">
     <span class='ocr_line' id='line_1_33' title="bbox 310 2271 1302 2324; baseline 0.003 -14"><span class='ocrx_word' id='word_1_212' title='bbox 310 2283 392 2320; x_wconf 73' lang='lat'>349.</span> <span class='ocrx_word' id='word_1_213' title='bbox 421 2271 542 2322; x_wconf 78' lang='lat' dir='ltr'><em>Mersit</em></span> <span class='ocrx_word' id='word_1_214' title='bbox 560 2273 599 2310; x_wconf 86' lang='lat' dir='ltr'><em>in</em></span> <span class='ocrx_word' id='word_1_215' title='bbox 621 2273 762 2324; x_wconf 85' lang='lat' dir='ltr'><em>undis.]</em></span> <span class='ocrx_word' id='word_1_216' title='bbox 807 2272 928 2322; x_wconf 80' lang='lat' dir='ltr'><em>Merfit</em></span> <span class='ocrx_word' id='word_1_217' title='bbox 945 2272 1066 2312; x_wconf 83' lang='lat' dir='ltr'><em>ahenis</em></span> <span class='ocrx_word' id='word_1_218' title='bbox 1088 2272 1221 2313; x_wconf 71' lang='lat' dir='ltr'><em>refflus</em></span> <span class='ocrx_word' id='word_1_219' title='bbox 1240 2273 1302 2313; x_wconf 85' lang='lat' dir='ltr'><em>sex</em></span> 
     </span>
     <span class='ocr_line' id='line_1_34' title="bbox 258 2321 999 2373; baseline 0.008 -15"><span class='ocrx_word' id='word_1_220' title='bbox 258 2321 388 2370; x_wconf 81' lang='lat' dir='ltr'><em>scripti.</em></span> <span class='ocrx_word' id='word_1_221' title='bbox 424 2324 632 2371; x_wconf 82' lang='lat' dir='ltr'>Propertius</span> <span class='ocrx_word' id='word_1_222' title='bbox 652 2326 745 2363; x_wconf 84' lang='lat' dir='ltr'><em>libro</em></span> <span class='ocrx_word' id='word_1_223' title='bbox 766 2339 810 2363; x_wconf 84' lang='lat'><em>11.</em></span> <span class='ocrx_word' id='word_1_224' title='bbox 831 2326 933 2373; x_wconf 79' lang='lat' dir='ltr'><em>Eleg.</em></span> <span class='ocrx_word' id='word_1_225' title='bbox 967 2337 999 2364; x_wconf 88' lang='lat'><em>1.</em></span> 
     </span>
    </p>

    <p class='ocr_par' dir='ltr' id='par_1_19' title="bbox 307 2373 961 2423">
     <span class='ocr_line' id='line_1_35' title="bbox 307 2373 961 2423; baseline 0.006 -15"><span class='ocrx_word' id='word_1_226' title='bbox 307 2373 441 2410; x_wconf 77' lang='lat' dir='ltr'><em>Colchis</em></span> <span class='ocrx_word' id='word_1_227' title='bbox 462 2375 610 2412; x_wconf 84' lang='lat' dir='ltr'><em>Iolciacis</em></span> <span class='ocrx_word' id='word_1_228' title='bbox 630 2386 713 2412; x_wconf 86' lang='lat' dir='ltr'><em>urat</em></span> <span class='ocrx_word' id='word_1_229' title='bbox 734 2376 846 2414; x_wconf 80' lang='lat' dir='ltr'><em>ahena</em></span> <span class='ocrx_word' id='word_1_230' title='bbox 861 2375 961 2423; x_wconf 81' lang='lat' dir='ltr'><em>focis.</em></span> 
     </span>
    </p>

    <p class='ocr_par' dir='ltr' id='par_1_20' title="bbox 255 2421 1303 2678">
     <span class='ocr_line' id='line_1_36' title="bbox 255 2421 916 2477; baseline 0.011 -19"><span class='ocrx_word' id='word_1_231' title='bbox 255 2421 393 2461; x_wconf 79' lang='lat' dir='ltr'><em>Seneca</em></span> <span class='ocrx_word' id='word_1_232' title='bbox 412 2424 576 2474; x_wconf 74' lang='lat' dir='ltr'><em>Thyeste</em></span> <span class='ocrx_word' id='word_1_233' title='bbox 599 2427 706 2464; x_wconf 84' lang='lat'>1060.</span> <span class='ocrx_word' id='word_1_234' title='bbox 726 2427 890 2477; x_wconf 79' lang='lat' dir='ltr'><em>apposite</em></span> <span class='ocrx_word' id='word_1_235' title='bbox 906 2454 916 2471; x_wconf 91' lang='lat'>,</span> 
     </span>
     <span class='ocr_line' id='line_1_37' title="bbox 508 2476 890 2525; baseline 0.008 -14"><span class='ocrx_word' id='word_1_236' title='bbox 508 2481 554 2512; x_wconf 86' lang='lat' dir='ltr'><em>Et</em></span> <span class='ocrx_word' id='word_1_237' title='bbox 575 2476 656 2514; x_wconf 82' lang='lat' dir='ltr'><em>haec</em></span> <span class='ocrx_word' id='word_1_238' title='bbox 667 2478 890 2525; x_wconf 82' lang='lat' dir='ltr'><em>serventibus</em></span> 
     </span>
     <span class='ocr_line' id='line_1_38' title="bbox 286 2522 1303 2579; baseline 0.01 -21"><span class='ocrx_word' id='word_1_239' title='bbox 286 2522 459 2579; x_wconf 66' lang='lat' dir='ltr'><em>¹Demerfi</em></span> <span class='ocrx_word' id='word_1_240' title='bbox 475 2525 604 2565; x_wconf 79' lang='lat' dir='ltr'><em>ahenis.</em></span> <span class='ocrx_word' id='word_1_241' title='bbox 632 2530 670 2566; x_wconf 66' lang='grc' dir='ltr'><em>ὃς</em></span> <span class='ocrx_word' id='word_1_242' title='bbox 693 2530 742 2567; x_wconf 84' lang='lat' dir='ltr'><em>ita</em></span> <span class='ocrx_word' id='word_1_243' title='bbox 776 2530 914 2577; x_wconf 80' lang='lat' dir='ltr'><em>saepius</em></span> <span class='ocrx_word' id='word_1_244' title='bbox 943 2530 983 2568; x_wconf 86' lang='lat' dir='ltr'><em>in</em></span> <span class='ocrx_word' id='word_1_245' title='bbox 1004 2529 1136 2568; x_wconf 88' lang='lat' dir='ltr'><em>eadem</em></span> <span class='ocrx_word' id='word_1_246' title='bbox 1157 2537 1303 2578; x_wconf 88' lang='lat' dir='ltr'><em>tragoe-</em></span> 
     </span>
     <span class='ocr_line' id='line_1_39' title="bbox 257 2571 1303 2629; baseline 0.008 -20"><span class='ocrx_word' id='word_1_247' title='bbox 257 2571 709 2626; x_wconf 65' lang='lat' dir='ltr'><em>dia.H1-:1Ns.Jugulatum</em></span> <span class='ocrx_word' id='word_1_248' title='bbox 723 2579 940 2618; x_wconf 78' lang='lat' dir='ltr'><em>Basileenfis.</em></span> <span class='ocrx_word' id='word_1_249' title='bbox 968 2579 1063 2629; x_wconf 80' lang='lat' dir='ltr'><em>mifit</em></span> <span class='ocrx_word' id='word_1_250' title='bbox 1086 2590 1167 2619; x_wconf 85' lang='lat' dir='ltr'><em>tres.</em></span> <span class='ocrx_word' id='word_1_251' title='bbox 1188 2580 1303 2619; x_wconf 81' lang='lat' dir='ltr'><em>mittit</em></span> 
     </span>
     <span class='ocr_line' id='line_1_40' title="bbox 259 2624 1073 2678; baseline 0.012 -19"><span class='ocrx_word' id='word_1_252' title='bbox 259 2624 559 2675; x_wconf 73' lang='lat' dir='ltr'><em>Langerm.supr.</em></span> <span class='ocrx_word' id='word_1_253' title='bbox 582 2640 666 2677; x_wconf 85' lang='lat'>3¹7·</span> <span class='ocrx_word' id='word_1_254' title='bbox 686 2631 807 2678; x_wconf 82' lang='lat' dir='ltr'><em>mergit</em></span> <span class='ocrx_word' id='word_1_255' title='bbox 824 2631 862 2667; x_wconf 86' lang='lat' dir='ltr'><em>in</em></span> <span class='ocrx_word' id='word_1_256' title='bbox 879 2644 955 2668; x_wconf 89' lang='lat' dir='ltr'><em>aere</em></span> <span class='ocrx_word' id='word_1_257' title='bbox 976 2644 1073 2671; x_wconf 82' lang='lat' dir='ltr'><em>cavo.</em></span> 
     </span>
    </p>

    <p class='ocr_par' dir='ltr' id='par_1_21' title="bbox 306 2675 1040 2728">
     <span class='ocr_line' id='line_1_41' title="bbox 306 2675 1040 2728; baseline 0.016 -20"><span class='ocrx_word' id='word_1_258' title='bbox 306 2681 323 2699; x_wconf 75' lang='lat'>²</span> <span class='ocrx_word' id='word_1_259' title='bbox 350 2675 570 2728; x_wconf 79' lang='lat' dir='ltr'><em>Juvencus.]</em></span> <span class='ocrx_word' id='word_1_260' title='bbox 601 2680 788 2724; x_wconf 74' lang='lat' dir='ltr'><em>Juvencus</em></span> <span class='ocrx_word' id='word_1_261' title='bbox 806 2681 902 2718; x_wconf 83' lang='lat' dir='ltr'><em>liberi</em></span> <span class='ocrx_word' id='word_1_262' title='bbox 923 2682 1040 2720; x_wconf 83' lang='lat' dir='ltr'><em>Parm.</em></span> 
     </span>
    </p>

    <p class='ocr_par' dir='ltr' id='par_1_22' title="bbox 305 2724 878 2778">
     <span class='ocr_line' id='line_1_42' title="bbox 305 2724 878 2778; baseline 0.016 -19"><span class='ocrx_word' id='word_1_263' title='bbox 305 2724 325 2750; x_wconf 85' lang='lat' dir='ltr'>b</span> <span class='ocrx_word' id='word_1_264' title='bbox 352 2725 562 2778; x_wconf 53' lang='lat' dir='ltr'><em>Corythus]</em></span> <span class='ocrx_word' id='word_1_265' title='bbox 593 2729 743 2765; x_wconf 78' lang='lat' dir='ltr'><em>Cobidus</em></span> <span class='ocrx_word' id='word_1_266' title='bbox 763 2731 878 2768; x_wconf 78' lang='lat' dir='ltr'><em>Parm.</em></span> 
     </span>
    </p>

    <p class='ocr_par' dir='ltr' id='par_1_23' title="bbox 254 2775 1291 2875">
     <span class='ocr_line' id='line_1_43' title="bbox 303 2775 1291 2826; baseline 0.013 -16"><span class='ocrx_word' id='word_1_267' title='bbox 303 2783 320 2802; x_wconf 89' lang='lat' dir='ltr'>c</span> <span class='ocrx_word' id='word_1_268' title='bbox 348 2775 521 2813; x_wconf 86' lang='lat' dir='ltr'><em>Medeam.</em></span> <span class='ocrx_word' id='word_1_269' title='bbox 547 2779 563 2826; x_wconf 88' lang='lat'>]</span> <span class='ocrx_word' id='word_1_270' title='bbox 616 2779 706 2815; x_wconf 86' lang='lat' dir='ltr'><em>Hinc</em></span> <span class='ocrx_word' id='word_1_271' title='bbox 737 2780 897 2817; x_wconf 83' lang='lat' dir='ltr'><em>Medeam</em></span> <span class='ocrx_word' id='word_1_272' title='bbox 941 2782 1062 2820; x_wconf 86' lang='lat' dir='ltr'><em>dicunt</em></span> <span class='ocrx_word' id='word_1_273' title='bbox 1106 2783 1226 2822; x_wconf 83' lang='lat' dir='ltr'><em>Pelion</em></span> <span class='ocrx_word' id='word_1_274' title='bbox 1248 2792 1291 2824; x_wconf 68' lang='lat'><em>&amp;⁶</em></span> 
     </span>
     <span class='ocr_line' id='line_1_44' title="bbox 254 2825 704 2875; baseline 0.007 -12"><span class='ocrx_word' id='word_1_275' title='bbox 254 2825 395 2875; x_wconf 72' lang='lat' dir='ltr'><em>Othryn</em></span> <span class='ocrx_word' id='word_1_276' title='bbox 419 2837 550 2863; x_wconf 85' lang='lat' dir='ltr'><em>montes</em></span> <span class='ocrx_word' id='word_1_277' title='bbox 569 2828 704 2866; x_wconf 77' lang='lat' dir='ltr'>Colon.</span> 
     </span>
    </p>

    <p class='ocr_par' dir='ltr' id='par_1_24' title="bbox 253 2875 1295 3016">
     <span class='ocr_line' id='line_1_45' title="bbox 304 2875 1294 2932; baseline 0.008 -19"><span class='ocrx_word' id='word_1_278' title='bbox 304 2875 322 2903; x_wconf 78' lang='lat' dir='ltr'><em>d</em></span> <span class='ocrx_word' id='word_1_279' title='bbox 349 2876 493 2926; x_wconf 70' lang='lat' dir='ltr'><em>Docet]</em></span> <span class='ocrx_word' id='word_1_280' title='bbox 524 2883 628 2914; x_wconf 87' lang='lat' dir='ltr'><em>Docet</em></span> <span class='ocrx_word' id='word_1_281' title='bbox 658 2878 816 2922; x_wconf 71' lang='lat' dir='ltr'><em>Hefiodus</em></span> <span class='ocrx_word' id='word_1_282' title='bbox 845 2882 965 2920; x_wconf 77' lang='lat' dir='ltr'><em>Parm.</em></span> <span class='ocrx_word' id='word_1_283' title='bbox 996 2883 1116 2931; x_wconf 80' lang='lat' dir='ltr'><em>Lugd.</em></span> <span class='ocrx_word' id='word_1_284' title='bbox 1143 2884 1294 2932; x_wconf 74' lang='lat' dir='ltr'><em>Micyil.</em></span> 
     </span>
     <span class='ocr_line' id='line_1_46' title="bbox 254 2927 1295 2981; baseline 0.007 -18"><span class='ocrx_word' id='word_1_285' title='bbox 254 2928 380 2964; x_wconf 86' lang='lat' dir='ltr'><em>Medea</em></span> <span class='ocrx_word' id='word_1_286' title='bbox 391 2927 529 2976; x_wconf 78' lang='lat' dir='ltr'><em>fugiens</em></span> <span class='ocrx_word' id='word_1_287' title='bbox 541 2956 553 2974; x_wconf 88' lang='lat'>‚</span> <span class='ocrx_word' id='word_1_288' title='bbox 568 2939 607 2965; x_wconf 84' lang='lat' dir='ltr'><em>ut</em></span> <span class='ocrx_word' id='word_1_289' title='bbox 629 2929 721 2966; x_wconf 88' lang='lat' dir='ltr'><em>docet</em></span> <span class='ocrx_word' id='word_1_290' title='bbox 741 2929 899 2979; x_wconf 77' lang='lat' dir='ltr'><em>Hesiodus</em></span> <span class='ocrx_word' id='word_1_291' title='bbox 919 2938 959 2968; x_wconf 92' lang='grc' dir='ltr'><em>Ο.</em></span> <span class='ocrx_word' id='word_1_292' title='bbox 972 2945 1020 2970; x_wconf 88' lang='lat' dir='ltr'><em>m.</em></span> <span class='ocrx_word' id='word_1_293' title='bbox 1033 2939 1071 2969; x_wconf 89' lang='lat' dir='ltr'><em>T.</em></span> <span class='ocrx_word' id='word_1_294' title='bbox 1088 2934 1187 2981; x_wconf 84' lang='lat' dir='ltr'><em>petiit</em></span> <span class='ocrx_word' id='word_1_295' title='bbox 1200 2935 1295 2970; x_wconf 83' lang='lat' dir='ltr'><em>Rae·</em></span> 
     </span>
     <span class='ocr_line' id='line_1_47' title="bbox 253 2978 470 3016; baseline 0 -1"><span class='ocrx_word' id='word_1_296' title='bbox 253 2978 470 3016; x_wconf 84' lang='lat' dir='ltr'><em>ner.Heins.</em></span> 
     </span>
    </p>

    <p class='ocr_par' dir='ltr' id='par_1_25' title="bbox 252 3029 1295 3117">
     <span class='ocr_line' id='line_1_48' title="bbox 304 3029 1295 3081; baseline 0.004 -15"><span class='ocrx_word' id='word_1_297' title='bbox 304 3036 321 3056; x_wconf 89' lang='lat' dir='ltr'><em>e</em></span> <span class='ocrx_word' id='word_1_298' title='bbox 350 3035 391 3066; x_wconf 83' lang='lat' dir='ltr'><em>In</em></span> <span class='ocrx_word' id='word_1_299' title='bbox 413 3029 558 3081; x_wconf 68' lang='lat' dir='ltr'><em>quem]</em></span> <span class='ocrx_word' id='word_1_300' title='bbox 596 3037 638 3068; x_wconf 87' lang='lat' dir='ltr'><em>In</em></span> <span class='ocrx_word' id='word_1_301' title='bbox 671 3044 734 3081; x_wconf 79' lang='lat' dir='ltr'><em>quo</em></span> <span class='ocrx_word' id='word_1_302' title='bbox 757 3030 976 3069; x_wconf 78' lang='lat' dir='ltr'><em>Deucalionis</em></span> <span class='ocrx_word' id='word_1_303' title='bbox 999 3031 1123 3068; x_wconf 81' lang='lat' dir='ltr'><em>imbres</em></span> <span class='ocrx_word' id='word_1_304' title='bbox 1144 3032 1295 3081; x_wconf 75' lang='lat' dir='ltr'><em>fugiens.</em></span> 
     </span>
     <span class='ocr_line' id='line_1_49' title="bbox 252 3080 393 3117; baseline 0.014 -2"><span class='ocrx_word' id='word_1_305' title='bbox 252 3080 393 3117; x_wconf 75' lang='lat' dir='ltr'><em>Coion.</em></span> 
     </span>
    </p>

    <p class='ocr_par' dir='ltr' id='par_1_26' title="bbox 244 3129 1297 3329">
     <span class='ocr_line' id='line_1_50' title="bbox 302 3129 1295 3180; baseline 0.002 -13"><span class='ocrx_word' id='word_1_306' title='bbox 302 3130 318 3157; x_wconf 76' lang='lat' dir='ltr'>f</span> <span class='ocrx_word' id='word_1_307' title='bbox 342 3129 573 3180; x_wconf 56' lang='lat' dir='ltr'><em>cerambus]</em></span> <span class='ocrx_word' id='word_1_308' title='bbox 603 3131 783 3169; x_wconf 84' lang='lat' dir='ltr'><em>Existimo</em></span> <span class='ocrx_word' id='word_1_309' title='bbox 804 3133 903 3169; x_wconf 82' lang='lat' dir='ltr'>hunc</span> <span class='ocrx_word' id='word_1_310' title='bbox 923 3130 993 3169; x_wconf 80' lang='lat' dir='ltr'><em>effe</em></span> <span class='ocrx_word' id='word_1_311' title='bbox 1017 3132 1295 3169; x_wconf 79' lang='lat' dir='ltr'><em>Cerambumil-</em></span> 
     </span>
     <span class='ocr_line' id='line_1_51' title="bbox 252 3178 1297 3231; baseline 0.004 -15"><span class='ocrx_word' id='word_1_312' title='bbox 252 3178 354 3224; x_wconf 78' lang='lat' dir='ltr'><em>ium,</em></span> <span class='ocrx_word' id='word_1_313' title='bbox 384 3181 429 3219; x_wconf 87' lang='lat' dir='ltr'><em>de</em></span> <span class='ocrx_word' id='word_1_314' title='bbox 450 3194 527 3231; x_wconf 87' lang='lat' dir='ltr'><em>quo</em></span> <span class='ocrx_word' id='word_1_315' title='bbox 551 3183 693 3220; x_wconf 84' lang='lat' dir='ltr'><em>Anton.</em></span> <span class='ocrx_word' id='word_1_316' title='bbox 715 3183 873 3220; x_wconf 72' lang='lat' dir='ltr'><em>Libeml.</em></span> <span class='ocrx_word' id='word_1_317' title='bbox 894 3194 970 3230; x_wconf 69' lang='lat' dir='ltr'><em>cap.</em></span> <span class='ocrx_word' id='word_1_318' title='bbox 991 3195 1049 3220; x_wconf 82' lang='lat'><em>22.</em></span> <span class='ocrx_word' id='word_1_319' title='bbox 1089 3183 1186 3219; x_wconf 61' lang='lat' dir='ltr'><em>Nam</em></span> <span class='ocrx_word' id='word_1_320' title='bbox 1208 3194 1297 3220; x_wconf 87' lang='lat' dir='ltr'>con-</span> 
     </span>
     <span class='ocr_line' id='line_1_52' title="bbox 244 3229 1297 3283; baseline 0.004 -18"><span class='ocrx_word' id='word_1_321' title='bbox 244 3229 410 3276; x_wconf 64' lang='lat' dir='ltr'><em>jefturae</em></span> <span class='ocrx_word' id='word_1_322' title='bbox 433 3234 510 3281; x_wconf 87' lang='lat' dir='ltr'><em>ejus</em></span> <span class='ocrx_word' id='word_1_323' title='bbox 532 3261 541 3277; x_wconf 89' lang='lat'>‚</span> <span class='ocrx_word' id='word_1_324' title='bbox 579 3233 642 3283; x_wconf 89' lang='lat' dir='ltr'><em>qui</em></span> <span class='ocrx_word' id='word_1_325' title='bbox 674 3232 880 3269; x_wconf 78' lang='lat' dir='ltr'><em>Terambum</em></span> <span class='ocrx_word' id='word_1_326' title='bbox 909 3235 1145 3270; x_wconf 69' lang='lat' dir='ltr'><em>transformat</em></span> <span class='ocrx_word' id='word_1_327' title='bbox 1174 3234 1209 3270; x_wconf 81' lang='lat' dir='ltr'><em>iu</em></span> <span class='ocrx_word' id='word_1_328' title='bbox 1233 3239 1297 3269; x_wconf 88' lang='lat' dir='ltr'><em>Ce-</em></span> 
     </span>
     <span class='ocr_line' id='line_1_53' title="bbox 248 3280 1297 3329; baseline 0.009 -16"><span class='ocrx_word' id='word_1_329' title='bbox 248 3280 414 3317; x_wconf 68' lang='lat' dir='ltr'><em>ramb.cm</em></span> <span class='ocrx_word' id='word_1_330' title='bbox 427 3310 437 3329; x_wconf 86' lang='lat'><em>,</em></span> <span class='ocrx_word' id='word_1_331' title='bbox 465 3284 588 3322; x_wconf 70' lang='lat' dir='ltr'><em>favere</em></span> <span class='ocrx_word' id='word_1_332' title='bbox 611 3282 767 3322; x_wconf 61' lang='lat' dir='ltr'><em>mirifice</em></span> <span class='ocrx_word' id='word_1_333' title='bbox 786 3284 884 3322; x_wconf 74' lang='lat' dir='ltr'>hunc</span> <span class='ocrx_word' id='word_1_334' title='bbox 909 3284 1040 3323; x_wconf 69' lang='lat' dir='ltr'><em>Ovidii</em></span> <span class='ocrx_word' id='word_1_335' title='bbox 1061 3285 1191 3323; x_wconf 73' lang='lat' dir='ltr'><em>locum</em></span> <span class='ocrx_word' id='word_1_336' title='bbox 1215 3285 1297 3323; x_wconf 75' lang='lat' dir='ltr'><em>alias</em></span> 
     </span>
    </p>
   </div>
   <div class='ocr_carea' id='block_1_10' title="bbox 365 1639 465 1649">
    <p class='ocr_par' dir='ltr' id='par_1_27' title="bbox 365 1639 465 1649">
     <span class='ocr_line' id='line_1_54' title="bbox 365 1639 465 1649; baseline 0 0"><span class='ocrx_word' id='word_1_337' title='bbox 365 1639 465 1649; x_wconf 95' lang='lat' dir='ltr'><em> </em></span> 
     </span>
    </p>
   </div>
   <div class='ocr_carea' id='block_1_11' title="bbox 2247 1072 2413 1137">
    <p class='ocr_par' dir='ltr' id='par_1_28' title="bbox 2247 1072 2413 1137">
     <span class='ocr_line' id='line_1_55' title="bbox 2247 1072 2413 1137; baseline 0.03 -21"><span class='ocrx_word' id='word_1_338' title='bbox 2247 1072 2388 1134; x_wconf 85' lang='lat' dir='ltr'><em>nasum</em></span> <span class='ocrx_word' id='word_1_339' title='bbox 2398 1108 2413 1137; x_wconf 77' lang='lat'>‚</span> 
     </span>
    </p>
   </div>
   <div class='ocr_carea' id='block_1_12' title="bbox 1356 1197 2415 2527">
    <p class='ocr_par' dir='ltr' id='par_1_29' title="bbox 1356 1197 2415 2527">
     <span class='ocr_line' id='line_1_56' title="bbox 1366 1197 2415 1253; baseline -0.001 -12"><span class='ocrx_word' id='word_1_340' title='bbox 1366 1201 1452 1241; x_wconf 84' lang='lat' dir='ltr'><em>dixi.</em></span> <span class='ocrx_word' id='word_1_341' title='bbox 1464 1197 1642 1249; x_wconf 71' lang='grc' dir='ltr'><em>Ἐγένετο,</em></span> <span class='ocrx_word' id='word_1_342' title='bbox 1656 1202 1777 1252; x_wconf 87' lang='lat' dir='ltr'><em>inquit</em></span> <span class='ocrx_word' id='word_1_343' title='bbox 1787 1200 1976 1241; x_wconf 84' lang='lat' dir='ltr'><em>Antonius</em></span> <span class='ocrx_word' id='word_1_344' title='bbox 1988 1230 1999 1248; x_wconf 88' lang='lat'>‚</span> <span class='ocrx_word' id='word_1_345' title='bbox 2011 1201 2205 1250; x_wconf 72' lang='grc' dir='ltr'><em>ὑλοφάγος</em></span> <span class='ocrx_word' id='word_1_346' title='bbox 2218 1202 2415 1253; x_wconf 69' lang='grc' dir='ltr'><em>κεράμβνξ,’</em></span> 
     </span>
     <span class='ocr_line' id='line_1_57' title="bbox 1365 1253 2406 1301; baseline 0.001 -11"><span class='ocrx_word' id='word_1_347' title='bbox 1365 1254 1539 1301; x_wconf 71' lang='grc' dir='ltr'><em>φαίνεται</em></span> <span class='ocrx_word' id='word_1_348' title='bbox 1569 1255 1610 1290; x_wconf 73' lang='grc' dir='ltr'><em>δὲ</em></span> <span class='ocrx_word' id='word_1_349' title='bbox 1638 1254 1704 1290; x_wconf 76' lang='grc' dir='ltr'><em>ἐπὶ</em></span> <span class='ocrx_word' id='word_1_350' title='bbox 1736 1255 1804 1291; x_wconf 75' lang='grc' dir='ltr'><em>τῶν</em></span> <span class='ocrx_word' id='word_1_351' title='bbox 1825 1253 1964 1300; x_wconf 81' lang='grc' dir='ltr'><em>ξύλων,</em></span> <span class='ocrx_word' id='word_1_352' title='bbox 1993 1255 2056 1290; x_wconf 72' lang='grc' dir='ltr'><em>καὶ</em></span> <span class='ocrx_word' id='word_1_353' title='bbox 2088 1253 2164 1295; x_wconf 77' lang='grc' dir='ltr'><em>ἕςιν</em></span> <span class='ocrx_word' id='word_1_354' title='bbox 2184 1253 2346 1300; x_wconf 72' lang='grc' dir='ltr'>ἀγκύλας</span> <span class='ocrx_word' id='word_1_355' title='bbox 2367 1254 2406 1293; x_wconf 80' lang='grc' dir='ltr'><em>ἐκ</em></span> 
     </span>
     <span class='ocr_line' id='line_1_58' title="bbox 1369 1304 2409 1354; baseline 0.002 -12"><span class='ocrx_word' id='word_1_356' title='bbox 1369 1307 1437 1343; x_wconf 74' lang='grc' dir='ltr'><em>τῶν</em></span> <span class='ocrx_word' id='word_1_357' title='bbox 1455 1304 1602 1342; x_wconf 77' lang='grc' dir='ltr'><em>ὀδὸντων</em></span> <span class='ocrx_word' id='word_1_358' title='bbox 1614 1333 1625 1350; x_wconf 92' lang='grc'><strong><em>,</em></strong></span> <span class='ocrx_word' id='word_1_359' title='bbox 1655 1305 1715 1340; x_wconf 71' lang='grc' dir='ltr'><em>καὶ</em></span> <span class='ocrx_word' id='word_1_360' title='bbox 1734 1305 1894 1351; x_wconf 81' lang='grc' dir='ltr'><em>συνεχῶς</em></span> <span class='ocrx_word' id='word_1_361' title='bbox 1915 1306 1964 1341; x_wconf 65' lang='lat' dir='ltr'><em>vu</em></span> <span class='ocrx_word' id='word_1_362' title='bbox 1984 1306 2105 1350; x_wconf 66' lang='grc' dir='ltr'><em>γένεια</em></span> <span class='ocrx_word' id='word_1_363' title='bbox 2123 1306 2291 1343; x_wconf 73' lang='grc' dir='ltr'><strong><em>κινεῖὃζς.</em></strong></span> <span class='ocrx_word' id='word_1_364' title='bbox 2305 1307 2409 1354; x_wconf 84' lang='lat' dir='ltr'>Quae</span> 
     </span>
     <span class='ocr_line' id='line_1_59' title="bbox 1366 1355 2411 1406; baseline -0.002 -12"><span class='ocrx_word' id='word_1_365' title='bbox 1366 1356 1476 1394; x_wconf 81' lang='lat' dir='ltr'><em>verba</em></span> <span class='ocrx_word' id='word_1_366' title='bbox 1498 1357 1547 1393; x_wconf 87' lang='lat' dir='ltr'><em>ita</em></span> <span class='ocrx_word' id='word_1_367' title='bbox 1569 1356 1766 1393; x_wconf 84' lang='lat' dir='ltr'><em>verterim:</em></span> <span class='ocrx_word' id='word_1_368' title='bbox 1795 1357 1922 1393; x_wconf 65' lang='lat' dir='ltr'><em>Fabius</em></span> <span class='ocrx_word' id='word_1_369' title='bbox 1949 1355 1992 1402; x_wconf 87' lang='lat' dir='ltr'><em>est</em></span> <span class='ocrx_word' id='word_1_370' title='bbox 2025 1355 2209 1404; x_wconf 70' lang='lat' dir='ltr'><em>cerambyx</em></span> <span class='ocrx_word' id='word_1_371' title='bbox 2224 1384 2235 1401; x_wconf 92' lang='lat'><strong>,</strong></span> <span class='ocrx_word' id='word_1_372' title='bbox 2262 1356 2353 1406; x_wconf 77' lang='lat' dir='ltr'><em>quod</em></span> <span class='ocrx_word' id='word_1_373' title='bbox 2371 1355 2411 1405; x_wconf 76' lang='lat' dir='ltr'><em>est</em></span> 
     </span>
     <span class='ocr_line' id='line_1_60' title="bbox 1366 1406 2411 1458; baseline 0.002 -14"><span class='ocrx_word' id='word_1_374' title='bbox 1366 1406 1532 1456; x_wconf 65' lang='lat' dir='ltr'><em>insec‘lum</em></span> <span class='ocrx_word' id='word_1_375' title='bbox 1550 1407 1799 1451; x_wconf 78' lang='lat' dir='ltr'><em>frondivorum</em></span> <span class='ocrx_word' id='word_1_376' title='bbox 1824 1435 1834 1451; x_wconf 88' lang='lat'>‚</span> <span class='ocrx_word' id='word_1_377' title='bbox 1863 1406 2130 1458; x_wconf 76' lang='lat' dir='ltr'><em>conspiciturque</em></span> <span class='ocrx_word' id='word_1_378' title='bbox 2158 1407 2198 1444; x_wconf 86' lang='lat' dir='ltr'><em>in</em></span> <span class='ocrx_word' id='word_1_379' title='bbox 2219 1406 2411 1455; x_wconf 85' lang='lat' dir='ltr'><em>arboribus,</em></span> 
     </span>
     <span class='ocr_line' id='line_1_61' title="bbox 1368 1456 2410 1506; baseline 0.001 -10"><span class='ocrx_word' id='word_1_380' title='bbox 1368 1457 1486 1496; x_wconf 86' lang='lat' dir='ltr'><em>curvis</em></span> <span class='ocrx_word' id='word_1_381' title='bbox 1509 1457 1690 1502; x_wconf 87' lang='lat' dir='ltr'><em>dentibus,</em></span> <span class='ocrx_word' id='word_1_382' title='bbox 1718 1456 1888 1494; x_wconf 86' lang='lat' dir='ltr'><em>maxillas</em></span> <span class='ocrx_word' id='word_1_383' title='bbox 1907 1457 2040 1506; x_wconf 86' lang='lat' dir='ltr'><em>semper</em></span> <span class='ocrx_word' id='word_1_384' title='bbox 2059 1471 2201 1495; x_wconf 84' lang='lat' dir='ltr'><em>movens</em></span> <span class='ocrx_word' id='word_1_385' title='bbox 2222 1459 2293 1496; x_wconf 89' lang='lat' dir='ltr'><em>&amp;c.</em></span> <span class='ocrx_word' id='word_1_386' title='bbox 2320 1460 2410 1497; x_wconf 67' lang='grc' dir='ltr'><em>Ξύλα</em></span> 
     </span>
     <span class='ocr_line' id='line_1_62' title="bbox 1368 1502 2410 1558; baseline 0 -11"><span class='ocrx_word' id='word_1_387' title='bbox 1368 1509 1449 1548; x_wconf 86' lang='lat' dir='ltr'>sunt</span> <span class='ocrx_word' id='word_1_388' title='bbox 1467 1509 1622 1547; x_wconf 87' lang='lat' dir='ltr'><em>arbores.</em></span> <span class='ocrx_word' id='word_1_389' title='bbox 1671 1508 1805 1546; x_wconf 85' lang='lat' dir='ltr'><em>Genes.</em></span> <span class='ocrx_word' id='word_1_390' title='bbox 1838 1520 1917 1556; x_wconf 82' lang='lat' dir='ltr'><em>cap.</em></span> <span class='ocrx_word' id='word_1_391' title='bbox 1939 1521 2005 1546; x_wconf 83' lang='lat'>111.</span> <span class='ocrx_word' id='word_1_392' title='bbox 2044 1502 2127 1547; x_wconf 56' lang='lat'><em>0⁶71</em></span> <span class='ocrx_word' id='word_1_393' title='bbox 2150 1510 2263 1546; x_wconf 68' lang='grc' dir='ltr'><em>καλὸν</em></span> <span class='ocrx_word' id='word_1_394' title='bbox 2284 1510 2326 1547; x_wconf 69' lang='grc' dir='ltr'><em>τῦ</em></span> <span class='ocrx_word' id='word_1_395' title='bbox 2352 1509 2410 1558; x_wconf 81' lang='grc' dir='ltr'><em>ξύ-</em></span> 
     </span>
     <span class='ocr_line' id='line_1_63' title="bbox 1365 1558 2410 1610; baseline 0.002 -13"><span class='ocrx_word' id='word_1_396' title='bbox 1365 1565 1426 1597; x_wconf 81' lang='grc' dir='ltr'><em>λον</em></span> <span class='ocrx_word' id='word_1_397' title='bbox 1457 1558 1507 1603; x_wconf 77' lang='grc' dir='ltr'><em>εἷς</em></span> <span class='ocrx_word' id='word_1_398' title='bbox 1538 1559 1661 1606; x_wconf 78' lang='grc' dir='ltr'><em>βρῶσιν</em></span> <span class='ocrx_word' id='word_1_399' title='bbox 1690 1560 1764 1598; x_wconf 66' lang='grc' dir='ltr'><em>δίε.</em></span> <span class='ocrx_word' id='word_1_400' title='bbox 1814 1559 1944 1598; x_wconf 77' lang='lat' dir='ltr'><em>Psalm.</em></span> <span class='ocrx_word' id='word_1_401' title='bbox 1967 1572 1998 1598; x_wconf 92' lang='lat'><em>1.</em></span> <span class='ocrx_word' id='word_1_402' title='bbox 2028 1558 2085 1603; x_wconf 57' lang='lat' dir='ltr'><em>fis.</em></span> <span class='ocrx_word' id='word_1_403' title='bbox 2111 1571 2145 1610; x_wconf 89' lang='lat'><em>3.</em></span> <span class='ocrx_word' id='word_1_404' title='bbox 2172 1561 2245 1597; x_wconf 73' lang='grc' dir='ltr'><em>Καὶ</em></span> <span class='ocrx_word' id='word_1_405' title='bbox 2268 1561 2350 1604; x_wconf 55' lang='lat' dir='ltr'><em>{sem</em></span> <span class='ocrx_word' id='word_1_406' title='bbox 2368 1562 2410 1607; x_wconf 76' lang='grc' dir='ltr'><em>ὡς</em></span> 
     </span>
     <span class='ocr_line' id='line_1_64' title="bbox 1366 1610 2410 1659; baseline 0.002 -11"><span class='ocrx_word' id='word_1_407' title='bbox 1366 1612 1410 1648; x_wconf 69' lang='grc' dir='ltr'><em>τὸ</em></span> <span class='ocrx_word' id='word_1_408' title='bbox 1431 1610 1538 1658; x_wconf 77' lang='grc' dir='ltr'><em>ξύλον</em></span> <span class='ocrx_word' id='word_1_409' title='bbox 1559 1611 1832 1657; x_wconf 79' lang='grc' dir='ltr'><em>πεφυτευμένον</em></span> <span class='ocrx_word' id='word_1_410' title='bbox 1850 1610 1950 1655; x_wconf 66' lang='grc' dir='ltr'><em>παρὰ</em></span> <span class='ocrx_word' id='word_1_411' title='bbox 1964 1613 2032 1653; x_wconf 66' lang='grc' dir='ltr'><em>τὰς</em></span> <span class='ocrx_word' id='word_1_412' title='bbox 2045 1610 2218 1659; x_wconf 71' lang='grc' dir='ltr'><em>διεξόδους</em></span> <span class='ocrx_word' id='word_1_413' title='bbox 2240 1614 2307 1649; x_wconf 71' lang='grc' dir='ltr'><em>τῶν</em></span> <span class='ocrx_word' id='word_1_414' title='bbox 2325 1611 2410 1651; x_wconf 66' lang='grc' dir='ltr'><em>ὑδά-</em></span> 
     </span>
     <span class='ocr_line' id='line_1_65' title="bbox 1360 1661 2406 1711; baseline 0 -11"><span class='ocrx_word' id='word_1_415' title='bbox 1360 1676 1440 1700; x_wconf 80' lang='grc' dir='ltr'><em>των.</em></span> <span class='ocrx_word' id='word_1_416' title='bbox 1473 1662 1671 1700; x_wconf 74' lang='lat' dir='ltr'><em>Ecclesiast.</em></span> <span class='ocrx_word' id='word_1_417' title='bbox 1694 1673 1772 1711; x_wconf 87' lang='lat' dir='ltr'><em>cap.</em></span> <span class='ocrx_word' id='word_1_418' title='bbox 1796 1674 1843 1699; x_wconf 86' lang='lat'><em>11.</em></span> <span class='ocrx_word' id='word_1_419' title='bbox 1862 1661 1919 1705; x_wconf 51' lang='grc' dir='ltr'><em>ᾖε.</em></span> <span class='ocrx_word' id='word_1_420' title='bbox 1941 1674 1975 1710; x_wconf 81' lang='grc' dir='ltr'><em>ς.</em></span> <span class='ocrx_word' id='word_1_421' title='bbox 2004 1662 2211 1709; x_wconf 74' lang='grc' dir='ltr'><em>Ἐφύτευσσι</em></span> <span class='ocrx_word' id='word_1_422' title='bbox 2233 1663 2269 1700; x_wconf 86' lang='grc' dir='ltr'><em>ἐν</em></span> <span class='ocrx_word' id='word_1_423' title='bbox 2286 1662 2406 1710; x_wconf 72' lang='grc' dir='ltr'><strong><em>αὐτοῖς</em></strong></span> 
     </span>
     <span class='ocr_line' id='line_1_66' title="bbox 1360 1712 2405 1764; baseline 0.004 -14"><span class='ocrx_word' id='word_1_424' title='bbox 1360 1713 1469 1761; x_wconf 81' lang='grc' dir='ltr'><em>ξύλον</em></span> <span class='ocrx_word' id='word_1_425' title='bbox 1488 1714 1561 1750; x_wconf 57' lang='lat' dir='ltr'><em>vav</em></span> <span class='ocrx_word' id='word_1_426' title='bbox 1579 1714 1729 1758; x_wconf 66' lang='grc' dir='ltr'><strong>καρποῦ.</strong></span> <span class='ocrx_word' id='word_1_427' title='bbox 1755 1713 1804 1750; x_wconf 92' lang='lat' dir='ltr'><em>Et</em></span> <span class='ocrx_word' id='word_1_428' title='bbox 1821 1712 1869 1750; x_wconf 87' lang='lat' dir='ltr'><em>fic</em></span> <span class='ocrx_word' id='word_1_429' title='bbox 1885 1712 1990 1761; x_wconf 84' lang='lat' dir='ltr'><em>saepe</em></span> <span class='ocrx_word' id='word_1_430' title='bbox 2008 1712 2093 1751; x_wconf 86' lang='lat' dir='ltr'><em>alibi</em></span> <span class='ocrx_word' id='word_1_431' title='bbox 2113 1714 2163 1751; x_wconf 93' lang='lat' dir='ltr'><em>illi</em></span> <span class='ocrx_word' id='word_1_432' title='bbox 2177 1715 2405 1764; x_wconf 59' lang='lat' dir='ltr'><em>interpretes-¹</em></span> 
     </span>
     <span class='ocr_line' id='line_1_67' title="bbox 1360 1763 2409 1805; baseline 0.001 -2"><span class='ocrx_word' id='word_1_433' title='bbox 1360 1765 1484 1803; x_wconf 82' lang='lat' dir='ltr'><em>Etiam</em></span> <span class='ocrx_word' id='word_1_434' title='bbox 1508 1765 1738 1803; x_wconf 79' lang='lat' dir='ltr'><em>Graecorum</em></span> <span class='ocrx_word' id='word_1_435' title='bbox 1757 1774 1865 1803; x_wconf 88' lang='lat' dir='ltr'><em>more</em></span> <span class='ocrx_word' id='word_1_436' title='bbox 1894 1763 2112 1803; x_wconf 78' lang='lat' dir='ltr'><em>Ambrosius</em></span> <span class='ocrx_word' id='word_1_437' title='bbox 2134 1764 2319 1804; x_wconf 80' lang='lat' dir='ltr'><em>Hexae&#39;m.</em></span> <span class='ocrx_word' id='word_1_438' title='bbox 2345 1765 2409 1805; x_wconf 82' lang='lat' dir='ltr'><em>lib.</em></span> 
     </span>
     <span class='ocr_line' id='line_1_68' title="bbox 1365 1815 2408 1866; baseline 0.003 -13"><span class='ocrx_word' id='word_1_439' title='bbox 1365 1828 1397 1854; x_wconf 95' lang='lat'><em>1.</em></span> <span class='ocrx_word' id='word_1_440' title='bbox 1417 1828 1495 1866; x_wconf 84' lang='lat' dir='ltr'><em>cap.</em></span> <span class='ocrx_word' id='word_1_441' title='bbox 1513 1828 1547 1862; x_wconf 84' lang='lat'><em>4.</em></span> <span class='ocrx_word' id='word_1_442' title='bbox 1574 1815 1669 1864; x_wconf 79' lang='lat' dir='ltr'><em>ligna</em></span> <span class='ocrx_word' id='word_1_443' title='bbox 1691 1815 1881 1863; x_wconf 69' lang='lat' dir='ltr'><em>fructifera</em></span> <span class='ocrx_word' id='word_1_444' title='bbox 1903 1815 2060 1864; x_wconf 81' lang='lat' dir='ltr'><em>appellat</em></span> <span class='ocrx_word' id='word_1_445' title='bbox 2086 1815 2230 1854; x_wconf 87' lang='lat' dir='ltr'><em>arbores</em></span> <span class='ocrx_word' id='word_1_446' title='bbox 2248 1816 2408 1856; x_wconf 65' lang='lat' dir='ltr'><em>fruetum</em></span> 
     </span>
     <span class='ocr_line' id='line_1_69' title="bbox 1362 1866 2409 1917; baseline 0.002 -12"><span class='ocrx_word' id='word_1_447' title='bbox 1362 1867 1524 1905; x_wconf 88' lang='lat' dir='ltr'><em>edentes.</em></span> <span class='ocrx_word' id='word_1_448' title='bbox 1553 1866 1704 1915; x_wconf 86' lang='lat' dir='ltr'><em>Lignum</em></span> <span class='ocrx_word' id='word_1_449' title='bbox 1726 1866 1933 1915; x_wconf 85' lang='lat' dir='ltr'><em>pomiferum</em></span> <span class='ocrx_word' id='word_1_450' title='bbox 1960 1866 2009 1903; x_wconf 90' lang='lat' dir='ltr'><em>est</em></span> <span class='ocrx_word' id='word_1_451' title='bbox 2029 1866 2126 1915; x_wconf 86' lang='lat' dir='ltr'><em>apud</em></span> <span class='ocrx_word' id='word_1_452' title='bbox 2143 1868 2229 1905; x_wconf 87' lang='lat' dir='ltr'><em>vet.</em></span> <span class='ocrx_word' id='word_1_453' title='bbox 2257 1868 2409 1917; x_wconf 82' lang='lat' dir='ltr'><em>Interpr-</em></span> 
     </span>
     <span class='ocr_line' id='line_1_70' title="bbox 1364 1916 2402 1966; baseline 0.002 -10"><span class='ocrx_word' id='word_1_454' title='bbox 1364 1918 1497 1956; x_wconf 89' lang='lat' dir='ltr'><em>Genes.</em></span> <span class='ocrx_word' id='word_1_455' title='bbox 1512 1929 1590 1966; x_wconf 84' lang='lat' dir='ltr'><em>cap.</em></span> <span class='ocrx_word' id='word_1_456' title='bbox 1608 1930 1635 1955; x_wconf 93' lang='lat'><em>1.</em></span> <span class='ocrx_word' id='word_1_457' title='bbox 1655 1916 1711 1959; x_wconf 55' lang='lat' dir='ltr'><em>fis.</em></span> <span class='ocrx_word' id='word_1_458' title='bbox 1731 1929 1776 1954; x_wconf 91' lang='lat'><em>11.</em></span> <span class='ocrx_word' id='word_1_459' title='bbox 1813 1916 1889 1953; x_wconf 91' lang='lat' dir='ltr'><em>Ubi</em></span> <span class='ocrx_word' id='word_1_460' title='bbox 1908 1916 2064 1962; x_wconf 88' lang='lat' dir='ltr'><em>Junilius</em></span> <span class='ocrx_word' id='word_1_461' title='bbox 2093 1917 2263 1966; x_wconf 84' lang='lat' dir='ltr'><em>Episcop.</em></span> <span class='ocrx_word' id='word_1_462' title='bbox 2286 1919 2402 1958; x_wconf 84' lang='lat' dir='ltr'><em>Afric.</em></span> 
     </span>
     <span class='ocr_line' id='line_1_71' title="bbox 1361 1965 2406 2017; baseline 0.001 -11"><span class='ocrx_word' id='word_1_463' title='bbox 1361 1976 1467 2006; x_wconf 86' lang='lat' dir='ltr'><em>Patet</em></span> <span class='ocrx_word' id='word_1_464' title='bbox 1488 1982 1529 2006; x_wconf 81' lang='lat' dir='ltr'><em>ex</em></span> <span class='ocrx_word' id='word_1_465' title='bbox 1550 1968 1605 2005; x_wconf 88' lang='lat' dir='ltr'><em>his</em></span> <span class='ocrx_word' id='word_1_466' title='bbox 1631 1967 1747 2004; x_wconf 80' lang='lat' dir='ltr'><em>verbis</em></span> <span class='ocrx_word' id='word_1_467' title='bbox 1764 1966 1854 2012; x_wconf 86' lang='lat' dir='ltr'><em>Dei,</em></span> <span class='ocrx_word' id='word_1_468' title='bbox 1882 1965 1965 2016; x_wconf 80' lang='lat' dir='ltr'><em>quia</em></span> <span class='ocrx_word' id='word_1_469' title='bbox 1991 1980 2099 2004; x_wconf 89' lang='lat' dir='ltr'><em>verno</em></span> <span class='ocrx_word' id='word_1_470' title='bbox 2115 1977 2261 2017; x_wconf 87' lang='lat' dir='ltr'><em>tempore</em></span> <span class='ocrx_word' id='word_1_471' title='bbox 2281 1968 2406 2008; x_wconf 76' lang='lat' dir='ltr'><em>mundi</em></span> 
     </span>
     <span class='ocr_line' id='line_1_72' title="bbox 1356 2017 2407 2069; baseline 0 -12"><span class='ocrx_word' id='word_1_472' title='bbox 1356 2021 1526 2069; x_wconf 71' lang='lat' dir='ltr'><em>persec&#39;ius</em></span> <span class='ocrx_word' id='word_1_473' title='bbox 1557 2018 1600 2066; x_wconf 88' lang='lat' dir='ltr'><em>est</em></span> <span class='ocrx_word' id='word_1_474' title='bbox 1619 2028 1773 2056; x_wconf 86' lang='lat' dir='ltr'><em>ornatus.</em></span> <span class='ocrx_word' id='word_1_475' title='bbox 1820 2023 1861 2054; x_wconf 91' lang='lat' dir='ltr'><em>In</em></span> <span class='ocrx_word' id='word_1_476' title='bbox 1881 2017 1942 2053; x_wconf 84' lang='lat' dir='ltr'><em>hoc</em></span> <span class='ocrx_word' id='word_1_477' title='bbox 1957 2017 2051 2054; x_wconf 87' lang='lat' dir='ltr'><em>enim</em></span> <span class='ocrx_word' id='word_1_478' title='bbox 2071 2017 2184 2065; x_wconf 87' lang='lat' dir='ltr'><em>solent</em></span> <span class='ocrx_word' id='word_1_479' title='bbox 2204 2018 2327 2057; x_wconf 86' lang='lat' dir='ltr'><em>herbae</em></span> <span class='ocrx_word' id='word_1_480' title='bbox 2350 2019 2407 2058; x_wconf 84' lang='lat' dir='ltr'><em>vi-</em></span> 
     </span>
     <span class='ocr_line' id='line_1_73' title="bbox 1362 2068 2407 2121; baseline 0.001 -13"><span class='ocrx_word' id='word_1_481' title='bbox 1362 2081 1474 2108; x_wconf 83' lang='lat' dir='ltr'><em>rentes</em></span> <span class='ocrx_word' id='word_1_482' title='bbox 1498 2079 1655 2121; x_wconf 86' lang='lat' dir='ltr'><em>apparere</em></span> <span class='ocrx_word' id='word_1_483' title='bbox 1685 2070 1724 2107; x_wconf 84' lang='lat' dir='ltr'><em>in</em></span> <span class='ocrx_word' id='word_1_484' title='bbox 1740 2068 1837 2106; x_wconf 75' lang='lat' dir='ltr'><em>terrai</em></span> <span class='ocrx_word' id='word_1_485' title='bbox 1856 2096 1866 2112; x_wconf 93' lang='lat'>‚</span> <span class='ocrx_word' id='word_1_486' title='bbox 1916 2079 1960 2107; x_wconf 67' lang='lat'><em>&lt;7</em></span> <span class='ocrx_word' id='word_1_487' title='bbox 1983 2068 2079 2117; x_wconf 87' lang='lat' dir='ltr'><em>ligna</em></span> <span class='ocrx_word' id='word_1_488' title='bbox 2102 2069 2214 2118; x_wconf 88' lang='lat' dir='ltr'><em>pomis</em></span> <span class='ocrx_word' id='word_1_489' title='bbox 2248 2070 2407 2118; x_wconf 78' lang='lat' dir='ltr'><em>onustari.</em></span> 
     </span>
     <span class='ocr_line' id='line_1_74' title="bbox 1360 2119 2403 2170; baseline 0.002 -12"><span class='ocrx_word' id='word_1_490' title='bbox 1360 2120 1570 2170; x_wconf 62' lang='lat' dir='ltr'><em>T‘Aocpoiyov</em></span> <span class='ocrx_word' id='word_1_491' title='bbox 1582 2129 1688 2159; x_wconf 90' lang='lat' dir='ltr'><em>verto</em></span> <span class='ocrx_word' id='word_1_492' title='bbox 1698 2119 1971 2167; x_wconf 84' lang='lat' dir='ltr'><em>frondivorum‚</em></span> <span class='ocrx_word' id='word_1_493' title='bbox 1998 2128 2040 2157; x_wconf 85' lang='lat' dir='ltr'><em>ut</em></span> <span class='ocrx_word' id='word_1_494' title='bbox 2069 2120 2166 2167; x_wconf 76' lang='lat' dir='ltr'><em>apud</em></span> <span class='ocrx_word' id='word_1_495' title='bbox 2188 2121 2403 2160; x_wconf 89' lang='lat' dir='ltr'><em>Diodorum</em></span> 
     </span>
     <span class='ocr_line' id='line_1_75' title="bbox 1362 2169 2405 2221; baseline -0.002 -10"><span class='ocrx_word' id='word_1_496' title='bbox 1362 2173 1472 2211; x_wconf 89' lang='lat' dir='ltr'><em>Sicul.</em></span> <span class='ocrx_word' id='word_1_497' title='bbox 1494 2172 1576 2211; x_wconf 89' lang='lat' dir='ltr'><em>Lib.</em></span> <span class='ocrx_word' id='word_1_498' title='bbox 1589 2183 1651 2210; x_wconf 83' lang='lat'>111.</span> <span class='ocrx_word' id='word_1_499' title='bbox 1674 2182 1753 2221; x_wconf 80' lang='lat' dir='ltr'>pag.</span> <span class='ocrx_word' id='word_1_500' title='bbox 1768 2183 1848 2220; x_wconf 82' lang='lat'>159.</span> <span class='ocrx_word' id='word_1_501' title='bbox 1871 2170 1918 2205; x_wconf 81' lang='grc' dir='ltr'><em>Οἱ</em></span> <span class='ocrx_word' id='word_1_502' title='bbox 1938 2169 1978 2205; x_wconf 67' lang='grc' dir='ltr'><em>δὲ</em></span> <span class='ocrx_word' id='word_1_503' title='bbox 1999 2169 2179 2216; x_wconf 72' lang='grc' dir='ltr'><em>ὑλοφάγοι</em></span> <span class='ocrx_word' id='word_1_504' title='bbox 2198 2174 2297 2215; x_wconf 68' lang='grc' dir='ltr'><em>μετὰ</em></span> <span class='ocrx_word' id='word_1_505' title='bbox 2319 2175 2405 2209; x_wconf 80' lang='grc' dir='ltr'>τέκ-</span> 
     </span>
     <span class='ocr_line' id='line_1_76' title="bbox 1361 2221 2405 2270; baseline -0.002 -9"><span class='ocrx_word' id='word_1_506' title='bbox 1361 2237 1422 2261; x_wconf 86' lang='grc' dir='ltr'><em>νων</em></span> <span class='ocrx_word' id='word_1_507' title='bbox 1440 2225 1501 2260; x_wconf 71' lang='grc' dir='ltr'><em>καὶ</em></span> <span class='ocrx_word' id='word_1_508' title='bbox 1521 2226 1695 2270; x_wconf 67' lang='grc' dir='ltr'><em>γυναικῶν</em></span> <span class='ocrx_word' id='word_1_509' title='bbox 1715 2223 1779 2258; x_wconf 72' lang='grc' dir='ltr'><em>ἐπὶ</em></span> <span class='ocrx_word' id='word_1_510' title='bbox 1799 2225 1868 2263; x_wconf 63' lang='grc' dir='ltr'><em>τὰς</em></span> <span class='ocrx_word' id='word_1_511' title='bbox 1885 2222 1992 2264; x_wconf 79' lang='grc' dir='ltr'><em>νομῑις</em></span> <span class='ocrx_word' id='word_1_512' title='bbox 2012 2221 2182 2268; x_wconf 71' lang='grc' dir='ltr'><em>ἐξιέντες,</em></span> <span class='ocrx_word' id='word_1_513' title='bbox 2197 2222 2405 2269; x_wconf 69' lang='grc' dir='ltr'><em>ἀναβαίνον-</em></span> 
     </span>
     <span class='ocr_line' id='line_1_77' title="bbox 1360 2271 2402 2320; baseline -0.001 -7"><span class='ocrx_word' id='word_1_514' title='bbox 1360 2288 1413 2313; x_wconf 82' lang='grc' dir='ltr'><em>σιν</em></span> <span class='ocrx_word' id='word_1_515' title='bbox 1435 2274 1498 2312; x_wconf 72' lang='grc' dir='ltr'><em>ἐπὶ</em></span> <span class='ocrx_word' id='word_1_516' title='bbox 1521 2276 1571 2311; x_wconf 66' lang='grc' dir='ltr'><em>τὰ</em></span> <span class='ocrx_word' id='word_1_517' title='bbox 1592 2273 1740 2319; x_wconf 66' lang='grc' dir='ltr'><em>δένδρα,</em></span> <span class='ocrx_word' id='word_1_518' title='bbox 1768 2274 1833 2310; x_wconf 70' lang='grc' dir='ltr'><em>καὶ</em></span> <span class='ocrx_word' id='word_1_519' title='bbox 1868 2273 1951 2315; x_wconf 74' lang='grc' dir='ltr'><em>τοῦς</em></span> <span class='ocrx_word' id='word_1_520' title='bbox 1973 2271 2140 2316; x_wconf 54' lang='lat' dir='ltr'><em>&amp;nechabe-</em></span> <span class='ocrx_word' id='word_1_521' title='bbox 2163 2274 2231 2310; x_wconf 71' lang='grc' dir='ltr'><em>’τῶν</em></span> <span class='ocrx_word' id='word_1_522' title='bbox 2250 2274 2402 2320; x_wconf 77' lang='grc' dir='ltr'><em>ἀκρεμὸ-</em></span> 
     </span>
     <span class='ocr_line' id='line_1_78' title="bbox 1359 2323 2400 2374; baseline 0.003 -12"><span class='ocrx_word' id='word_1_523' title='bbox 1359 2339 1419 2363; x_wconf 85' lang='grc' dir='ltr'><em>νων</em></span> <span class='ocrx_word' id='word_1_524' title='bbox 1438 2327 1704 2374; x_wconf 67' lang='grc' dir='ltr'><em>προσφέρονται.</em></span> <span class='ocrx_word' id='word_1_525' title='bbox 1731 2325 1802 2362; x_wconf 89' lang='lat' dir='ltr'>Pro</span> <span class='ocrx_word' id='word_1_526' title='bbox 1829 2323 1932 2360; x_wconf 76' lang='grc' dir='ltr'><em>κινεῖν</em></span> <span class='ocrx_word' id='word_1_527' title='bbox 1957 2323 2180 2373; x_wconf 87' lang='lat' dir='ltr'><em>legendum,</em></span> <span class='ocrx_word' id='word_1_528' title='bbox 2199 2325 2296 2361; x_wconf 80' lang='grc' dir='ltr'><em>κινεῖ.</em></span> <span class='ocrx_word' id='word_1_529' title='bbox 2332 2324 2400 2365; x_wconf 91' lang='lat' dir='ltr'><em>Sed</em></span> 
     </span>
     <span class='ocr_line' id='line_1_79' title="bbox 1357 2374 2396 2427; baseline -0.001 -12"><span class='ocrx_word' id='word_1_530' title='bbox 1357 2377 1432 2415; x_wconf 91' lang='lat' dir='ltr'><em>hoc</em></span> <span class='ocrx_word' id='word_1_531' title='bbox 1446 2378 1526 2427; x_wconf 82' lang='lat' dir='ltr'><em>jam</em></span> <span class='ocrx_word' id='word_1_532' title='bbox 1545 2377 1699 2415; x_wconf 79' lang='lat' dir='ltr'><em>antehac</em></span> <span class='ocrx_word' id='word_1_533' title='bbox 1718 2375 1873 2419; x_wconf 84' lang='lat' dir='ltr'><em>monui,</em></span> <span class='ocrx_word' id='word_1_534' title='bbox 1900 2381 1941 2412; x_wconf 90' lang='lat' dir='ltr'><em>ut</em></span> <span class='ocrx_word' id='word_1_535' title='bbox 1963 2375 2001 2412; x_wconf 90' lang='lat'>&amp;</span> <span class='ocrx_word' id='word_1_536' title='bbox 2022 2375 2144 2420; x_wconf 67' lang='grc' dir='ltr'><em>’γένεια</em></span> <span class='ocrx_word' id='word_1_537' title='bbox 2170 2375 2219 2413; x_wconf 90' lang='lat' dir='ltr'><em>ibi</em></span> <span class='ocrx_word' id='word_1_538' title='bbox 2244 2374 2314 2414; x_wconf 83' lang='lat' dir='ltr'><em>effe</em></span> <span class='ocrx_word' id='word_1_539' title='bbox 2333 2378 2396 2422; x_wconf 75' lang='grc' dir='ltr'><em>γε’-</em></span> 
     </span>
     <span class='ocr_line' id='line_1_80' title="bbox 1358 2425 2396 2476; baseline 0.001 -12"><span class='ocrx_word' id='word_1_540' title='bbox 1358 2439 1450 2470; x_wconf 73' lang='grc' dir='ltr'><em>νυκς·</em></span> <span class='ocrx_word' id='word_1_541' title='bbox 1481 2428 1575 2466; x_wconf 88' lang='lat' dir='ltr'><em>adeo</em></span> <span class='ocrx_word' id='word_1_542' title='bbox 1604 2436 1644 2465; x_wconf 88' lang='lat' dir='ltr'><em>ut</em></span> <span class='ocrx_word' id='word_1_543' title='bbox 1671 2427 1796 2465; x_wconf 82' lang='lat' dir='ltr'><em>frustra</em></span> <span class='ocrx_word' id='word_1_544' title='bbox 1815 2425 1911 2474; x_wconf 84' lang='lat' dir='ltr'><em>apud</em></span> <span class='ocrx_word' id='word_1_545' title='bbox 1937 2425 2114 2473; x_wconf 86' lang='lat' dir='ltr'><em>Apollod.</em></span> <span class='ocrx_word' id='word_1_546' title='bbox 2134 2438 2214 2476; x_wconf 87' lang='lat' dir='ltr'>pag.</span> <span class='ocrx_word' id='word_1_547' title='bbox 2240 2439 2296 2475; x_wconf 90' lang='lat'><em>19.</em></span> <span class='ocrx_word' id='word_1_548' title='bbox 2323 2431 2396 2466; x_wconf 81' lang='lat' dir='ltr'><em>Kot-</em></span> 
     </span>
     <span class='ocr_line' id='line_1_81' title="bbox 1359 2475 2395 2527; baseline -0.003 -12"><span class='ocrx_word' id='word_1_549' title='bbox 1359 2479 1497 2523; x_wconf 78' lang='grc' dir='ltr'><em>θειμένοι</em></span> <span class='ocrx_word' id='word_1_550' title='bbox 1519 2479 1660 2523; x_wconf 65' lang='grc' dir='ltr'><em>βαθεῖαν</em></span> <span class='ocrx_word' id='word_1_551' title='bbox 1687 2477 1797 2520; x_wconf 57' lang='grc' dir='ltr'><em>κόμην</em></span> <span class='ocrx_word' id='word_1_552' title='bbox 1819 2475 1859 2512; x_wconf 84' lang='grc' dir='ltr'><em>ἐκ</em></span> <span class='ocrx_word' id='word_1_553' title='bbox 1882 2475 2050 2522; x_wconf 59' lang='grc' dir='ltr'><strong><em>κεφαλῆς</em></strong></span> <span class='ocrx_word' id='word_1_554' title='bbox 2067 2478 2130 2512; x_wconf 68' lang='grc' dir='ltr'><em>καὶ</em></span> <span class='ocrx_word' id='word_1_555' title='bbox 2153 2478 2303 2523; x_wconf 75' lang='grc' dir='ltr'><em>γενύων,</em></span> <span class='ocrx_word' id='word_1_556' title='bbox 2332 2489 2395 2527; x_wconf 85' lang='lat' dir='ltr'><em>pro</em></span> 
     </span>
    </p>
   </div>
   <div class='ocr_carea' id='block_1_13' title="bbox 1357 2526 2470 2578">
    <p class='ocr_par' dir='ltr' id='par_1_30' title="bbox 1357 2526 2470 2578">
     <span class='ocr_line' id='line_1_82' title="bbox 1357 2526 2470 2578; baseline 0.003 -13"><span class='ocrx_word' id='word_1_557' title='bbox 1357 2531 1499 2576; x_wconf 65' lang='grc' dir='ltr'><em>γενείων</em></span> <span class='ocrx_word' id='word_1_558' title='bbox 1517 2530 1683 2567; x_wconf 83' lang='lat' dir='ltr'><em>rescribat</em></span> <span class='ocrx_word' id='word_1_559' title='bbox 1702 2526 1838 2566; x_wconf 85' lang='lat' dir='ltr'><em>Clariff.</em></span> <span class='ocrx_word' id='word_1_560' title='bbox 1848 2527 1886 2565; x_wconf 95' lang='lat' dir='ltr'>T</span> <span class='ocrx_word' id='word_1_561' title='bbox 1890 2538 1996 2576; x_wconf 84' lang='lat' dir='ltr'><em>anaq.</em></span> <span class='ocrx_word' id='word_1_562' title='bbox 2006 2527 2306 2567; x_wconf 70' lang='lat' dir='ltr'><em>FabersHefiod.</em></span> <span class='ocrx_word' id='word_1_563' title='bbox 2317 2528 2398 2578; x_wconf 88' lang='lat' dir='ltr'>Asp.</span> <span class='ocrx_word' id='word_1_564' title='bbox 2468 2543 2470 2546; x_wconf 90' lang='lat'>·</span> 
     </span>
    </p>
   </div>
   <div class='ocr_carea' id='block_1_14' title="bbox 1348 2577 2397 3385">
    <p class='ocr_par' dir='ltr' id='par_1_31' title="bbox 1357 2577 2397 2778">
     <span class='ocr_line' id='line_1_83' title="bbox 1357 2577 2397 2628; baseline -0.001 -11"><span class='ocrx_word' id='word_1_565' title='bbox 1357 2581 1416 2624; x_wconf 65' lang='lat' dir='ltr'><em>Jl&#39;s.</em></span> <span class='ocrx_word' id='word_1_566' title='bbox 1439 2582 1519 2626; x_wconf 90' lang='lat'><strong>167.</strong></span> <span class='ocrx_word' id='word_1_567' title='bbox 1554 2578 1789 2619; x_wconf 69' lang='grc' dir='ltr'><em>Μελάνθκσαν</em></span> <span class='ocrx_word' id='word_1_568' title='bbox 1816 2578 1857 2615; x_wconf 72' lang='grc' dir='ltr'><em>δὲ</em></span> <span class='ocrx_word' id='word_1_569' title='bbox 1876 2580 2021 2624; x_wconf 71' lang='grc' dir='ltr'><em>γένεια,</em></span> <span class='ocrx_word' id='word_1_570' title='bbox 2049 2577 2315 2628; x_wconf 84' lang='lat' dir='ltr'><em>denigrataeque</em></span> <span class='ocrx_word' id='word_1_571' title='bbox 2330 2578 2397 2617; x_wconf 85' lang='lat' dir='ltr'><em>illis</em></span> 
     </span>
     <span class='ocr_line' id='line_1_84' title="bbox 1361 2627 2395 2675; baseline -0.003 -6"><span class='ocrx_word' id='word_1_572' title='bbox 1361 2642 1462 2669; x_wconf 87' lang='lat' dir='ltr'><em>erant</em></span> <span class='ocrx_word' id='word_1_573' title='bbox 1482 2631 1662 2669; x_wconf 86' lang='lat' dir='ltr'><em>maxillae.</em></span> <span class='ocrx_word' id='word_1_574' title='bbox 1697 2630 1911 2667; x_wconf 82' lang='lat' dir='ltr'><em>Diaconus:</em></span> <span class='ocrx_word' id='word_1_575' title='bbox 1946 2628 2007 2664; x_wconf 71' lang='lat' dir='ltr'><em>Ta</em></span> <span class='ocrx_word' id='word_1_576' title='bbox 2029 2627 2070 2664; x_wconf 72' lang='grc' dir='ltr'><em>δὲ</em></span> <span class='ocrx_word' id='word_1_577' title='bbox 2090 2631 2209 2672; x_wconf 70' lang='grc' dir='ltr'><em>γένεια</em></span> <span class='ocrx_word' id='word_1_578' title='bbox 2231 2632 2300 2667; x_wconf 81' lang='grc' dir='ltr'><em>τῶν</em></span> <span class='ocrx_word' id='word_1_579' title='bbox 2318 2631 2395 2675; x_wconf 74' lang='grc' dir='ltr'><em>δρα-</em></span> 
     </span>
     <span class='ocr_line' id='line_1_85' title="bbox 1359 2678 2395 2727; baseline -0.002 -7"><span class='ocrx_word' id='word_1_580' title='bbox 1359 2684 1507 2726; x_wconf 76' lang='grc' dir='ltr'><em>κόντων,</em></span> <span class='ocrx_word' id='word_1_581' title='bbox 1540 2681 1645 2727; x_wconf 63' lang='grc' dir='ltr'><em>ἤγουν</em></span> <span class='ocrx_word' id='word_1_582' title='bbox 1664 2680 1678 2716; x_wconf 84' lang='grc' dir='ltr'><strong>ὁ</strong></span> <span class='ocrx_word' id='word_1_583' title='bbox 1699 2681 1778 2724; x_wconf 71' lang='grc' dir='ltr'><em>περὶ</em></span> <span class='ocrx_word' id='word_1_584' title='bbox 1799 2681 1841 2716; x_wconf 72' lang='grc' dir='ltr'><em>τὸ</em></span> <span class='ocrx_word' id='word_1_585' title='bbox 1860 2679 1957 2725; x_wconf 65' lang='lat' dir='ltr'><em>eripiet</em></span> <span class='ocrx_word' id='word_1_586' title='bbox 1978 2678 2042 2715; x_wconf 62' lang='lat' dir='ltr'><em>aaz</em></span> <span class='ocrx_word' id='word_1_587' title='bbox 2064 2681 2132 2723; x_wconf 66' lang='grc' dir='ltr'><em>τὰς</em></span> <span class='ocrx_word' id='word_1_588' title='bbox 2150 2681 2317 2727; x_wconf 70' lang='grc' dir='ltr'><em>σιαγόνας</em></span> <span class='ocrx_word' id='word_1_589' title='bbox 2337 2680 2395 2727; x_wconf 49' lang='grc' dir='ltr'><em>τότ</em></span> 
     </span>
     <span class='ocr_line' id='line_1_86' title="bbox 1359 2729 1880 2778; baseline -0.008 -7"><span class='ocrx_word' id='word_1_590' title='bbox 1359 2746 1424 2776; x_wconf 69' lang='lat' dir='ltr'><em>eree</em></span> <span class='ocrx_word' id='word_1_591' title='bbox 1445 2736 1564 2778; x_wconf 74' lang='grc' dir='ltr'><em>μέλας</em></span> <span class='ocrx_word' id='word_1_592' title='bbox 1582 2729 1628 2774; x_wconf 61' lang='grc' dir='ltr'><em>ἦν.</em></span> <span class='ocrx_word' id='word_1_593' title='bbox 1656 2731 1880 2768; x_wconf 51' lang='lat' dir='ltr'><em>Monens.</em></span> 
     </span>
    </p>

    <p class='ocr_par' dir='ltr' id='par_1_32' title="bbox 1357 2780 2394 2883">
     <span class='ocr_line' id='line_1_87' title="bbox 1399 2780 2394 2833; baseline 0.003 -13"><span class='ocrx_word' id='word_1_594' title='bbox 1399 2791 1417 2820; x_wconf 79' lang='lat' dir='ltr'>g</span> <span class='ocrx_word' id='word_1_595' title='bbox 1444 2783 1593 2820; x_wconf 80' lang='lat' dir='ltr'><em>Delatus</em></span> <span class='ocrx_word' id='word_1_596' title='bbox 1607 2780 1687 2831; x_wconf 54' lang='lat' dir='ltr'><em>fin]</em></span> <span class='ocrx_word' id='word_1_597' title='bbox 1704 2788 1751 2819; x_wconf 90' lang='lat' dir='ltr'><em>D.</em></span> <span class='ocrx_word' id='word_1_598' title='bbox 1769 2783 1846 2829; x_wconf 85' lang='lat' dir='ltr'><em>fuit</em></span> <span class='ocrx_word' id='word_1_599' title='bbox 1864 2782 1981 2819; x_wconf 85' lang='lat' dir='ltr'><em>Parm.</em></span> <span class='ocrx_word' id='word_1_600' title='bbox 1996 2780 2394 2833; x_wconf 77' lang='lat' dir='ltr'><em>Lugd.Mic.&amp;mox,&#39;</em></span> 
     </span>
     <span class='ocr_line' id='line_1_88' title="bbox 1357 2833 1882 2883; baseline -0.004 -10"><span class='ocrx_word' id='word_1_601' title='bbox 1357 2834 1553 2883; x_wconf 80' lang='lat' dir='ltr'><em>relinquens</em></span> <span class='ocrx_word' id='word_1_602' title='bbox 1571 2833 1666 2870; x_wconf 86' lang='lat' dir='ltr'><em>vidit</em></span> <span class='ocrx_word' id='word_1_603' title='bbox 1680 2860 1690 2877; x_wconf 92' lang='lat'>,</span> <span class='ocrx_word' id='word_1_604' title='bbox 1720 2833 1757 2870; x_wconf 58' lang='grc' dir='ltr'><em>δέ</em></span> <span class='ocrx_word' id='word_1_605' title='bbox 1780 2833 1882 2871; x_wconf 82' lang='lat' dir='ltr'><em>adiit.</em></span> 
     </span>
    </p>

    <p class='ocr_par' dir='ltr' id='par_1_33' title="bbox 1349 2883 2390 3085">
     <span class='ocr_line' id='line_1_89' title="bbox 1400 2883 2389 2934; baseline 0.001 -13"><span class='ocrx_word' id='word_1_606' title='bbox 1400 2885 1418 2912; x_wconf 84' lang='lat' dir='ltr'>h</span> <span class='ocrx_word' id='word_1_607' title='bbox 1446 2890 1492 2921; x_wconf 68' lang='lat' dir='ltr'><em>Et</em></span> <span class='ocrx_word' id='word_1_608' title='bbox 1519 2885 1557 2921; x_wconf 81' lang='lat' dir='ltr'><em>in</em></span> <span class='ocrx_word' id='word_1_609' title='bbox 1574 2893 1725 2920; x_wconf 85' lang='lat' dir='ltr'><em>montem</em></span> <span class='ocrx_word' id='word_1_610' title='bbox 1749 2896 1819 2923; x_wconf 60' lang='lat' dir='ltr'><em>cac.</em></span> <span class='ocrx_word' id='word_1_611' title='bbox 1840 2883 1856 2934; x_wconf 92' lang='lat'>]</span> <span class='ocrx_word' id='word_1_612' title='bbox 1886 2887 1994 2924; x_wconf 86' lang='lat' dir='ltr'><em>Haec</em></span> <span class='ocrx_word' id='word_1_613' title='bbox 2014 2886 2142 2926; x_wconf 83' lang='lat' dir='ltr'><em>desunt</em></span> <span class='ocrx_word' id='word_1_614' title='bbox 2167 2886 2304 2924; x_wconf 90' lang='lat' dir='ltr'>Colon.</span> <span class='ocrx_word' id='word_1_615' title='bbox 2329 2884 2389 2934; x_wconf 88' lang='lat' dir='ltr'><em>qui</em></span> 
     </span>
     <span class='ocr_line' id='line_1_90' title="bbox 1349 2934 2390 2985; baseline -0.002 -13"><span class='ocrx_word' id='word_1_616' title='bbox 1349 2935 1429 2984; x_wconf 83' lang='lat' dir='ltr'><em>post</em></span> <span class='ocrx_word' id='word_1_617' title='bbox 1441 2934 1487 2983; x_wconf 84' lang='lat' dir='ltr'><em>fit</em></span> <span class='ocrx_word' id='word_1_618' title='bbox 1505 2963 1512 2977; x_wconf 95' lang='lat'>‚</span> <span class='ocrx_word' id='word_1_619' title='bbox 1527 2935 1655 2978; x_wconf 80' lang='lat' dir='ltr'><em>habet,</em></span> <span class='ocrx_word' id='word_1_620' title='bbox 1682 2934 1764 2971; x_wconf 81' lang='lat' dir='ltr'><em>hinc</em></span> <span class='ocrx_word' id='word_1_621' title='bbox 1784 2948 1915 2984; x_wconf 79' lang='lat' dir='ltr'><em>quoque</em></span> <span class='ocrx_word' id='word_1_622' title='bbox 1926 2937 2121 2985; x_wconf 79' lang='lat' dir='ltr'><em>fugientem</em></span> <span class='ocrx_word' id='word_1_623' title='bbox 2151 2934 2390 2980; x_wconf 86' lang='lat' dir='ltr'><em>narrant,Pi-·</em></span> 
     </span>
     <span class='ocr_line' id='line_1_91' title="bbox 1351 2984 2385 3036; baseline 0.002 -16"><span class='ocrx_word' id='word_1_624' title='bbox 1351 2995 1434 3021; x_wconf 87' lang='lat' dir='ltr'><em>tane</em></span> <span class='ocrx_word' id='word_1_625' title='bbox 1463 2985 1580 3021; x_wconf 83' lang='lat' dir='ltr'><em>urbem</em></span> <span class='ocrx_word' id='word_1_626' title='bbox 1619 2996 1662 3023; x_wconf 66' lang='grc' dir='ltr'><em>ω’</em></span> <span class='ocrx_word' id='word_1_627' title='bbox 1690 2984 1923 3032; x_wconf 84' lang='lat' dir='ltr'><em>simulacrum</em></span> <span class='ocrx_word' id='word_1_628' title='bbox 1962 2989 2132 3025; x_wconf 84' lang='lat' dir='ltr'><em>Draconis</em></span> <span class='ocrx_word' id='word_1_629' title='bbox 2174 2988 2213 3024; x_wconf 83' lang='lat' dir='ltr'><em>in</em></span> <span class='ocrx_word' id='word_1_630' title='bbox 2258 2986 2385 3036; x_wconf 83' lang='lat' dir='ltr'><em>saxum</em></span> 
     </span>
     <span class='ocr_line' id='line_1_92' title="bbox 1351 3033 1991 3085; baseline 0.006 -15"><span class='ocrx_word' id='word_1_631' title='bbox 1351 3033 1625 3081; x_wconf 73' lang='lat' dir='ltr'><em>tranfiguratum</em></span> <span class='ocrx_word' id='word_1_632' title='bbox 1644 3034 1669 3070; x_wconf 65' lang='grc' dir='ltr'><em>οὶ</em></span> <span class='ocrx_word' id='word_1_633' title='bbox 1693 3034 1796 3072; x_wconf 84' lang='lat' dir='ltr'><em>laeva</em></span> <span class='ocrx_word' id='word_1_634' title='bbox 1815 3036 1991 3085; x_wconf 66' lang='lat' dir='ltr'><em>reliquisse.</em></span> 
     </span>
    </p>

    <p class='ocr_par' dir='ltr' id='par_1_34' title="bbox 1352 3083 2388 3171">
     <span class='ocr_line' id='line_1_93' title="bbox 1402 3083 2388 3136; baseline 0.004 -17"><span class='ocrx_word' id='word_1_635' title='bbox 1402 3083 1412 3110; x_wconf 73' lang='lat' dir='ltr'><em>i</em></span> <span class='ocrx_word' id='word_1_636' title='bbox 1440 3084 1574 3120; x_wconf 83' lang='lat' dir='ltr'><em>Deinde</em></span> <span class='ocrx_word' id='word_1_637' title='bbox 1594 3084 1746 3122; x_wconf 80' lang='lat' dir='ltr'><em>Idaeum.</em></span> <span class='ocrx_word' id='word_1_638' title='bbox 1769 3085 1785 3136; x_wconf 92' lang='lat'>]</span> <span class='ocrx_word' id='word_1_639' title='bbox 1839 3087 1974 3124; x_wconf 87' lang='lat' dir='ltr'><em>Deinde</em></span> <span class='ocrx_word' id='word_1_640' title='bbox 2003 3088 2118 3126; x_wconf 88' lang='lat' dir='ltr'><em>dicam</em></span> <span class='ocrx_word' id='word_1_641' title='bbox 2146 3099 2223 3124; x_wconf 86' lang='lat' dir='ltr'><em>eam</em></span> <span class='ocrx_word' id='word_1_642' title='bbox 2253 3087 2388 3124; x_wconf 81' lang='lat' dir='ltr'><em>Idaeum</em></span> 
     </span>
     <span class='ocr_line' id='line_1_94' title="bbox 1352 3134 1489 3171; baseline 0.007 -1"><span class='ocrx_word' id='word_1_643' title='bbox 1352 3134 1489 3171; x_wconf 80' lang='lat' dir='ltr'>Colon.</span> 
     </span>
    </p>

    <p class='ocr_par' dir='ltr' id='par_1_35' title="bbox 1348 3184 2394 3343">
     <span class='ocr_line' id='line_1_95' title="bbox 1400 3184 2390 3237; baseline 0.003 -18"><span class='ocrx_word' id='word_1_644' title='bbox 1400 3185 1417 3210; x_wconf 73' lang='lat' dir='ltr'>k</span> <span class='ocrx_word' id='word_1_645' title='bbox 1449 3190 1488 3220; x_wconf 76' lang='lat' dir='ltr'><em>ln</em></span> <span class='ocrx_word' id='word_1_646' title='bbox 1509 3198 1574 3234; x_wconf 82' lang='lat' dir='ltr'><em>quo</em></span> <span class='ocrx_word' id='word_1_647' title='bbox 1603 3184 1701 3221; x_wconf 84' lang='lat' dir='ltr'><em>Liber</em></span> <span class='ocrx_word' id='word_1_648' title='bbox 1714 3195 1813 3234; x_wconf 79' lang='lat' dir='ltr'><em>pater</em></span> <span class='ocrx_word' id='word_1_649' title='bbox 1841 3187 2076 3237; x_wconf 82' lang='lat' dir='ltr'><em>juvencum.]</em></span> <span class='ocrx_word' id='word_1_650' title='bbox 2117 3187 2171 3226; x_wconf 82' lang='lat' dir='ltr'><em>Ita</em></span> <span class='ocrx_word' id='word_1_651' title='bbox 2191 3186 2331 3236; x_wconf 81' lang='lat' dir='ltr'><em>reposui</em></span> <span class='ocrx_word' id='word_1_652' title='bbox 2347 3196 2390 3222; x_wconf 84' lang='lat' dir='ltr'><em>ex</em></span> 
     </span>
     <span class='ocr_line' id='line_1_96' title="bbox 1350 3234 2394 3287; baseline 0.004 -17"><span class='ocrx_word' id='word_1_653' title='bbox 1350 3235 1498 3271; x_wconf 61' lang='lat' dir='ltr'><em>Veneta</em></span> <span class='ocrx_word' id='word_1_654' title='bbox 1514 3263 1522 3276; x_wconf 81' lang='grc'>,</span> <span class='ocrx_word' id='word_1_655' title='bbox 1550 3234 1620 3282; x_wconf 68' lang='lat' dir='ltr'><em>quii</em></span> <span class='ocrx_word' id='word_1_656' title='bbox 1644 3248 1725 3273; x_wconf 76' lang='lat' dir='ltr'><em>cum</em></span> <span class='ocrx_word' id='word_1_657' title='bbox 1750 3240 1787 3274; x_wconf 65' lang='grc' dir='ltr'><em>ὃς</em></span> <span class='ocrx_word' id='word_1_658' title='bbox 1813 3240 1894 3278; x_wconf 70' lang='lat' dir='ltr'><em>MS.</em></span> <span class='ocrx_word' id='word_1_659' title='bbox 1916 3240 2001 3276; x_wconf 68' lang='lat' dir='ltr'><em>facit</em></span> <span class='ocrx_word' id='word_1_660' title='bbox 2017 3266 2026 3282; x_wconf 92' lang='lat'>‚</span> <span class='ocrx_word' id='word_1_661' title='bbox 2055 3237 2120 3275; x_wconf 76' lang='lat' dir='ltr'><em>nist</em></span> <span class='ocrx_word' id='word_1_662' title='bbox 2149 3238 2250 3287; x_wconf 88' lang='lat' dir='ltr'><em>quod</em></span> <span class='ocrx_word' id='word_1_663' title='bbox 2271 3246 2394 3285; x_wconf 80' lang='lat' dir='ltr'><em>perpe·</em></span> 
     </span>
     <span class='ocr_line' id='line_1_97' title="bbox 1348 3284 2392 3343; baseline -0.002 -19"><span class='ocrx_word' id='word_1_664' title='bbox 1348 3297 1428 3324; x_wconf 61' lang='lat' dir='ltr'><em>ram</em></span> <span class='ocrx_word' id='word_1_665' title='bbox 1451 3284 1562 3323; x_wconf 73' lang='lat' dir='ltr'><em>Liberi</em></span> <span class='ocrx_word' id='word_1_666' title='bbox 1575 3287 1687 3335; x_wconf 64' lang='lat' dir='ltr'><em>[atris</em></span> <span class='ocrx_word' id='word_1_667' title='bbox 1710 3289 1869 3327; x_wconf 74' lang='lat' dir='ltr'><em>exhibet.</em></span> <span class='ocrx_word' id='word_1_668' title='bbox 1898 3289 2126 3328; x_wconf 79' lang='lat' dir='ltr'><em>Raenerium</em></span> <span class='ocrx_word' id='word_1_669' title='bbox 2147 3290 2238 3328; x_wconf 77' lang='lat' dir='ltr'><em>haec</em></span> <span class='ocrx_word' id='word_1_670' title='bbox 2262 3287 2392 3343; x_wconf 28' lang='lat' dir='ltr'><em>eque-</em></span> 
     </span>
    </p>

    <p class='ocr_par' dir='ltr' id='par_1_36' title="bbox 2279 3345 2393 3385">
     <span class='ocr_line' id='line_1_98' title="bbox 2279 3345 2393 3385; baseline -0.018 -13"><span class='ocrx_word' id='word_1_671' title='bbox 2279 3345 2393 3385; x_wconf 67' lang='lat' dir='ltr'><em>granis</em></span> 
     </span>
    </p>
   </div>
  </div>
 </body>
</html>
