2483 3616
707 176 768 233 Ρ.
843 176 1264 236 OV‘IDII

1334 171 1875 234 NASONIS

387 281 493 334 205
530 262 754 324 Talibus
778 265 853 322 est
878 266 1032 322 dietis
1060 266 1274 339 geminii
1297 281 1425 320 cum
1445 266 1598 338 prole
1622 266 1830 347 locuta..

536 337 624 395 En
651 360 755 413 ego
783 340 950 395 vestra
978 357 1197 413 parem,
1233 338 1385 392 vobis
1415 338 1646 392 animosa
1670 352 1890 401 creans,

536 412 611 468 Et
636 414 730 470 nisi
752 413 983 484 junoni,
1017 413 1147 466 nulli
1178 410 1378 466 cess'ura
1403 409 1644 464 Densum
1660 450 1675 476 ,
1989 481 2008 492 .-

536 487 629 541 An
654 486 771 541 Dea
797 485 919 549 sim,
958 486 1204 540 dubitor:
1242 501 1447 556 perque
1475 482 1657 536 omnia
1679 481 1852 536 secula
1876 481 2042 536 cultis»

539 563 778 624 Arcem,
821 562 855 613 ὂ
880 560 1020 623 nati,
1057 557 1152 612 nisi
1177 575 1272 610 vos
1295 556 1635 618 succurritiS,
1668 556 1783 610 aris,

390 648 495 686 210
533 634 649 687 Nee
675 633 835 687 dolor
861 632 948 687 hic
973 633 1130 686 solus.
1167 629 1289 684 diro
1313 629 1556 683 convicia
1580 627 1721 683 facio
1827 701 1837 710 .

534 706 776 760 Tantalis
801 706 1021 776 adjecit:
1063 704 1264 777 vosque
1289 701 1362 756 est
1386 702 1708 775 postponere
1732 715 1867 755 natis

538 779 681 832 Ausa
708 779 834 832 suis:
875 781 930 832 &
958 796 1044 832 me
1086 776 1269 849 (quod
1295 777 1351 831 in
1375 775 1538 847 ipsam
1561 776 1802 843 recidat)
1843 774 2036 829 orbam>

540 851 724 910 Dixin
769 850 825 904 ἅτ
854 851 1095 905 exhibuit
1122 851 1356 921 linguam
1381 850 1630 904 scelerata
1662 860 1956 921 paternam.

534 922 829 993 Adjecffira
855 941 1042 996 preces
1072 938 1185 978 erat
1212 924 1290 978 his
1318 923 1533 978 Latona
1557 923 1757 977 relatis:

390 1013 486 1069 215
529 995 755 1063 Derim,
794 996 1044 1051 Phoebus
1068 997 1168 1062 ait,
1209 1000 1230 1067 ζ
1242 1014 1449 1069 poenae
1473 1014 1623 1051 mora
1648 996 1842 1065 longa)
1883 995 2140 1068 querelas⁰

526 1068 679 1124 Dixit
704 1070 852 1125 idem
880 1070 1115 1125 Phoebe.
1155 1071 1428 1144 celerique
1453 1088 1549 1144 per
1580 1074 1700 1125 aera
1723 1068 1868 1142 lapsu

296 1280 384 1307 201.
416 1275 465 1308 Ite
476 1270 626 1322 flurin]
683 1271 869 1312 Discedite
893 1274 914 1311 Ξῖ
943 1272 1051 1312 sacris-
1064 1273 1300 1319 execrandis,

249 1326 289 1358 ‘Jt
308 1320 438 1370 Vir-gil.
461 1323 558 1359 Auri
570 1323 674 1371 sacra
686 1325 816 1372 fames.
845 1326 1016 1363 REGan.
1055 1327 1225 1364 Dubitari
1245 1334 1299 1363 ta-

245 1382 333 1408 men
363 1374 480 1421 potest
503 1402 514 1418 ‚
542 1383 665 1412 utrum
696 1375 847 1413 effecius
878 1377 979 1414 musa
1008 1378 1161 1415 verbum
1186 1376 1299 1425 sacris

244 1423 443 1470 repetitum
463 1424 504 1463 sit
523 1425 653 1464 eadem
676 1426 953 1476 significatione.
989 1428 1138 1467 Deinde
1160 1428 1296 1467 &illud

243 1475 370 1522 quaeri
391 1474 530 1524 posset,
558 1486 681 1516 utrum
705 1482 816 1527 poeta
831 1487 964 1528 propere
982 1479 1007 1517 ὰ
1023 1508 1032 1523 ,
1060 1481 1142 1525 vel,
1165 1478 1296 1529 procul,

245 1524 268 1561 l·
283 1524 394 1573 sacris
414 1527 600 1576 scripserit.
654 1529 712 1566 Est
742 1529 843 1567 enim
865 1529 990 1568 durior
1010 1531 1102 1569 haec
1121 1533 1297 1580 aphaere-

243 1574 285 1612 s1s
310 1604 322 1621 ,
358 1584 399 1614 ut
427 1584 477 1614 lte
499 1607 510 1623 ‚
547 1578 757 1628 simpliciter
784 1592 851 1629 pro
878 1579 989 1618 Abite
1010 1610 1020 1625 ,
1060 1584 1295 1632 accipiamus.

246 1626 475 1667 Micrttus.
506 1631 600 1668 Mira
628 1631 830 1668 locutionis
852 1632 944 1669 ratio
965 1633 1071 1678 Facit,
1100 1643 1140 1672 ut
1167 1633 1211 1671 de
1230 1646 1295 1671 ve-

245 1678 349 1715 ritate
370 1679 563 1729 scripturae
583 1681 762 1720 dubitem.
791 1683 941 1720 Douza.
991 1685 1117 1722 Locus
1137 1685 1298 1722 mendo-

247 1726 398 1768 fiffimus
411 1759 421 1776 ,
450 1732 514 1781 qui
533 1732 784 1771 doftiffimum
797 1745 950 1783 quoque
963 1735 1203 1774 Gronovium
1216 1736 1298 1773 Ob-

246 1777 373 1818 servat.
390 1782 477 1819 l.1v.
504 1795 583 1832 cap.
606 1796 667 1822 xv.
688 1785 786 1822 miris
807 1786 928 1823 modis
949 1787 1124 1824 exercuit.
1154 1787 1195 1824 In
1210 1787 1298 1825 Flo-

244 1831 393 1869 rentino
414 1835 452 1870 &
474 1834 632 1883 Neapol.
663 1836 755 1872 haec
777 1836 964 1885 majoriex
984 1846 1083 1886 parte
1103 1838 1139 1875 in
1153 1837 1292 1876 mendo

245 1881 436 1920 cubabant.
474 1896 542 1933 pro
566 1895 700 1935 propere
729 1886 919 1924 videbatur
941 1916 950 1932 ‚
979 1897 1152 1938 properate
1179 1888 1295 1928 fuiffe.

243 1935 444 1981 quomodo
465 1945 612 1984 quartus
634 1936 824 1975 Mediceus
844 1938 984 1977 &unus
1005 1940 1191 1978 Gronovii
1205 1953 1291 1979 cum

246 1983 428 2022 Voffiano
449 1998 539 2023 uno.
567 1986 724 2032 deinde,
755 1995 804 2025 Ite
815 1988 924 2040 fizcris
935 1991 971 2027 in
993 2003 1069 2028 uno
1084 2004 1182 2029 meo.
1196 2004 1292 2040 quo-

245 2035 416 2072 modo&
438 2038 556 2084 prima
580 2038 667 2076 Aldi
689 2039 815 2077 editio.
831 2040 964 2089 Margo
976 2042 1227 2091 Gryphianw,
1244 2050 1292 2079 lte

238 2086 351 2135 sacris
367 2087 488 2135 procul
512 2087 537 2124 d
561 2088 681 2135 sacris.
731 2090 842 2129 Forte
864 2119 874 2136 ,
905 2093 1079 2141 Mesatis,
1102 2093 1221 2142 procul
1248 2095 1295 2130 ite

236 2136 370 2186 sacris,
405 2138 465 2176 vel
489 2147 675 2188 properate.
703 2141 771 2179 nifi
792 2142 934 2186 mavis,
960 2144 1133 2192 Iteprocul
1148 2172 1157 2187 ,
1172 2144 1294 2193 procul

244 2187 296 2225 ite
305 2188 427 2235 sacris.
455 2197 495 2227 ut
518 2202 618 2228 error
638 2201 743 2230 natus
766 2192 807 2230 sit
827 2205 872 2230 ex
892 2193 1032 2231 solenni
1063 2195 1304 2234 librariorum

242 2239 438 2287 supinitate
459 2267 469 2284 ,
515 2242 580 2290 qui
611 2244 652 2277 τὸ
685 2243 802 2292 procul
826 2245 1015 2293 geminare
1042 2246 1289 2295 neglexerant.

245 2291 426 2328 Ceterum
448 2292 535 2330 huic
553 2292 671 2332 versui
692 2294 980 2343 praemittendus
1000 2295 1085 2342 ille,
1108 2299 1173 2347 qui
1183 2298 1294 2347 paulo

245 2341 324 2391 post
346 2341 555 2390 legebatur,

298 2397 452 2430 Latonae
472 2393 581 2431 turbd
601 2405 777 2446 quantum
800 2395 950 2444 distabat
967 2397 1012 2434 ab
1030 2397 1126 2436 orbd.

243 2449 286 2480 ut
301 2443 380 2491 jam
401 2444 493 2482 vidit
520 2446 559 2483 in
581 2447 908 2486 Observationibus
936 2449 1175 2498 sagaciffimus
1196 2451 1297 2489 Gro-

247 2494 382 2531 novius
405 2507 450 2532 ex
472 2496 643 2535 Menardi
674 2499 806 2537 codice
821 2527 832 2544 ,
859 2502 924 2548 qui
952 2500 1207 2538 munificentia
1227 2502 1296 2540 viri

245 2544 448 2591 politiffirni
467 2547 607 2596 AEgidii
627 2550 793 2599 Menagii
811 2562 911 2588 nunc
931 2551 979 2589 est
997 2563 1113 2590 meus.
1159 2553 1296 2603 Neque

245 2593 348 2631 aliter
370 2598 531 2644 optimus
553 2601 818 2649 Neapolitanus
832 2629 844 2647 ‚
872 2602 910 2639 &-
929 2603 1179 2651 fragmentum
1200 2604 1297 2642 Vos-

245 2643 400 2683 sianum.
428 2649 466 2685 in
486 2661 563 2687 uno
584 2650 708 2689 Caroli
728 2652 899 2691 Strozzae
910 2663 1081 2692 notatum
1095 2655 1298 2699 erat,hunc

247 2695 393 2732 versum
412 2697 521 2744 loco,
559 2712 636 2749 quo
658 2714 758 2740 nunc
787 2702 808 2740 ἐι
829 2715 892 2742 me
917 2704 1093 2753 repositus
1125 2707 1171 2743 est
1187 2734 1197 2750 ,
1226 2705 1297 2744 effe

246 2745 521 2786 collocandum.
552 2751 594 2788 ln
606 2763 683 2788 uno
699 2754 816 2802 Regio
837 2756 991 2804 margini
1003 2765 1078 2794 erat
1091 2756 1297 2804 adscriptus.

245 2796 438 2835 Praeterea
464 2799 584 2847 scripti
618 2802 790 2840 meliores
815 2832 826 2848 ,
863 2818 951 2854 quae
980 2817 1157 2856 quantum
1182 2808 1299 2854 distat.

247 2861 379 2897 quoque
398 2859 573 2897 quantum
596 2851 915 2902 Berneggerianus.
943 2856 1086 2901 Scribe,
1115 2858 1297 2909 turbdquo

248 2909 425 2950 quantum
447 2899 552 2945 distat
569 2900 612 2937 ab
634 2901 743 2939 orbd!
771 2915 848 2953 quo
869 2918 1052 2951 numero,
1079 2909 1182 2956 quod
1193 2921 1294 2957 prae-

248 2949 349 2987 ceffit
367 2952 549 2999 proxime.
578 2952 786 2991 Hamus.
820 2955 1120 2994 VirClariffimus
1139 2959 1296 3003 Jacobus

249 3000 467 3089 Gronovius
498 3002 618 3041 Tom.
641 3003 670 3042 Ι.
702 3004 834 3054 Ληῐὶς.
862 3005 992 3044 Graec.
1010 3007 1050 3044 in
1078 3008 1203 3046 Niobe
1241 3021 1299 3046 re-

247 3063 340 3100 poni
359 3061 459 3090 vut:

305 3109 358 3139 lte
378 3103 450 3140 aris
464 3112 598 3154 propere
618 3105 662 3142 ab
674 3105 797 3155 sacris.

249 3152 320 3191 Sed
338 3153 554 3193 scabriorem
574 3158 665 3195 haec
688 3157 899 3196 emendatio
912 3158 1056 3196 versum
1069 3159 1160 3197 mihi
1177 3159 1299 3198 facere

249 3204 407 3243 videtur.
436 3205 551 3255 posset
573 3208 764 3247 rotundius
784 3210 879 3258 legi:

305 3262 353 3291 Ite
366 3283 375 3299 ‚
405 3271 532 3295 manus
549 3259 720 3308 prohibete
730 3262 862 3309 sacris,
893 3259 952 3297 vel
976 3260 1158 3306 cohibete‚.

247 3303 318 3344 Sed
336 3318 410 3346 nec.
423 3309 629 3349 emboorha
646 3311 725 3351 satis
743 3311 860 3362 placet
873 3323 1007 3363 ‚quare
1025 3313 1172 3352 mallem
1185 3312 1301 3352 turba-

2251 1142 2400 1201 Con·-

1358 1287 1428 1322 qua
1457 1274 1552 1323 (scss.
1571 1272 1730 1311 duorum
1745 1300 1755 1316 ,
1786 1280 1824 1312 ut
1843 1273 1984 1310 ironice
2004 1278 2116 1309 vocat
2130 1271 2280 1315 ‚vidad
2291 1273 2404 1322 Epist..

1355 1337 1436 1363 xix.
1454 1325 1559 1374 154.)
1596 1334 1772 1375 quantum
1789 1324 1894 1371 distat
1917 1323 1961 1359 ab
1991 1323 2098 1360 orba?
2137 1323 2395 1364 &mmmmm-

1404 1388 1490 1426 203.
1520 1379 1665 1425 Qoque
1692 1374 1781 1414 licet.
1809 1376 1824 1427 ]
1880 1376 1927 1414 Et
1956 1383 2138 1424 quantum
2168 1377 2405 1424 permittitur.⁴

1353 1428 1569 1466 CioFANUS.

1404 1492 1490 1527 204.
1519 1486 1561 1516 In
1579 1477 1746 1528 vertice]
1777 1482 1806 1515 E
1827 1477 1956 1516 vertice
1973 1476 2122 1524 Junian.
2140 1477 2178 1515 ὅ(
2199 1477 2406 1527 Langerm..

1353 1531 1458 1569 Pindi
1478 1531 1567 1569 alter
1589 1531 1771 1568 Strozzae.
2402 1539 2405 1541 ·

1403 1582 1488 1620 208.
1516 1587 1581 1619 An
1608 1581 1670 1617 dea
1694 1579 1786 1630 sim,
1807 1578 1988 1630 dubitem]
2028 1579 2082 1616 Ita
2103 1586 2244 1616 veteres
2260 1577 2339 1617 libri
2357 1579 2394 1618 &

1351 1634 1463 1672 reete.
1517 1635 1607 1671 Non
1627 1640 1753 1669 autem
1773 1631 1971 1681 legendum
1994 1630 2066 1676 est,
2093 1629 2233 1674 dubito,
2261 1638 2301 1667 ut
2315 1631 2394 1680 qui-

1352 1685 1436 1723 dam
1458 1684 1602 1723 volunt.
1639 1684 1854 1721 CxorANus.
1906 1681 2039 1718 Dubito
2068 1682 2231 1731 plerique
2261 1681 2395 1719 Manu·
2472 1681 2474 1685 '

1351 1736 1468 1786 scripti
1483 1765 1493 1781 ,
1521 1735 1580 1773 sed
1599 1736 1636 1772 &
1656 1736 1815 1784 optimi,
1843 1732 2004 1777 dubitor,
2032 1744 2143 1782 quam
2163 1732 2404 1788 locutionem.

1352 1799 1424 1837 ego
1450 1789 1544 1825 inter
1571 1785 1760 1835 singul-aria
1799 1784 1927 1822 Ovidii
1959 1784 2133 1821 referrem
2157 1811 2167 1827 ‚
2205 1791 2245 1820 ut
2269 1784 2306 1820 ὅ(
2334 1782 2394 1822 hb.

1357 1851 1413 1877 11.
1445 1851 1506 1876 20.
1533 1837 1622 1875 dixit
1653 1836 1859 1874 dubitatum
1882 1844 2075 1885 parentem.
2110 1833 2272 1871 dubitare
2305 1845 2405 1891 vero·

1350 1903 1436 1929 cum
1458 1889 1666 1928 accusativo
1681 1888 1816 1926 Cicero
1837 1889 1875 1924 δε
1898 1887 2061 1934 optimus
2077 1885 2230 1934 quisque
2254 1885 2395 1923 Latini·-

1348 1943 1430 1980 tatis
1459 1940 1589 1979 auctor
1618 1939 1722 1977 dixit.
1744 1938 1819 1976 vid.
1846 1936 1891 1975 ad
1920 1936 2102 1985 Quinctil.
2132 1935 2193 1973 lib.
2214 1947 2285 1973 xix.
2311 1935 2398 1974 inste
2468 1960 2471 1972 .

1349 2005 1428 2041 cap.-
1455 2004 1488 2029 r.
1517 1992 1555 2028 &
1575 1992 1623 2028 ita
1643 1990 1800 2028 Tertull.
1825 1988 1991 2036 Apolog.
2010 1999 2070 2025 zo.
2097 1987 2355 2042 scripturarum
2361 1983 2396 2037 st

1347 2057 1416 2081 non
1435 2042 1644 2090 vetustatem
1658 2069 1668 2085 ‚
1696 2041 1841 2077 divinas
1854 2038 2038 2088 probamus
2052 2065 2063 2082 ‚
2089 2036 2125 2086 fi
2135 2036 2321 2094 dubitatur
2330 2050 2394 2074 an·

1346 2095 1505 2146 tiquitas.
1533 2088 1589 2131 ita
1599 2093 1748 2141 plurimi
1773 2091 1861 2128 editi
1883 2092 1921 2127 ὃς
1944 2089 2087 2138 scripti,
2126 2088 2187 2125 alii
2206 2098 2406 2145 antiquas„

1348 2145 1453 2196 quod
1469 2141 1625 2183 'defendi
1660 2141 1761 2192 poffe
1779 2153 1859 2180 non
1882 2142 2116 2189 ignoramus3
2139 2139 2199 2176 sed
2222 2139 2327 2176 nobis
2345 2139 2396 2177 al·

1349 2205 1427 2235 tera
1456 2196 1569 2234 leeiio
1607 2194 1824 2244 praeplacet.
1860 2199 1980 2241 captat
2009 2191 2110 2229 enim
2138 2189 2222 2228 tal-ia
2249 2189 2398 2229 Tertul-

1349 2248 1478 2287 lianus.
1505 2247 1766 2285 BuRMANNus.
2345 2292 2352 2299 .
2388 2285 2390 2287 ‚

1406 2299 1490 2336 208.
1519 2305 1649 2347 Perque
1669 2295 1786 2332 omnia
1798 2292 1937 2343 sczecula
1958 2291 2099 2343 cultis.]
2114 2293 2247 2340 Longe
2267 2291 2404 2349 melius·

1353 2350 1536 2388 Palatinus
1558 2377 1567 2392 ,
1595 2359 1673 2396 quo
1706 2347 1884 2383 Gruterus
1914 2345 1983 2381 fuit
2003 2344 2104 2400 usus,
2127 2353 2252 2399 perque
2277 2354 2402 2400 συξη-ιιι

1338 2400 1482 2450 fitecula
1503 2400 1633 2437 cune'iis
1649 2402 1780 2434 Arceor
1793 2425 1803 2440 ,
1833 2395 1849 2432 ὂ
1868 2394 1968 2439 nati,
1997 2395 2059 2444 nist
2079 2408 2141 2431 vos
2169 2397 2393 2443 succurritis,

1349 2451 1434 2489 aris.
1462 2453 1567 2488 DAN.
1593 2450 1806 2487 mesius.
2337 2495 2344 2502 .

1402 2515 1486 2541 212.
1517 2506 1562 2538 Et
1581 2515 1634 2537 me
1647 2528 1658 2545 ‚
1687 2499 1777 2550 quod
1792 2498 1832 2535 in
1848 2497 1958 2548 ipsam
1975 2495 2257 2553 recidat‚orl3am
2269 2494 2399 2546 dixin}

1353 2553 1497 2592 Vetusti
1520 2552 1664 2591 codices
1679 2579 1689 2595 ,
1718 2549 1875 2587 decidat:
1911 2561 1996 2587 nam
2015 2547 2124 2585 recido
2142 2559 2298 2596 primam
2316 2558 2402 2585 cor--

1352 2605 1448 2654 ripit.
1474 2603 1540 2641 nifi
1561 2613 1806 2641 communem
1829 2613 1911 2639 eam
1933 2602 2013 2650 quis
2033 2599 2187 2649 probet,
2206 2598 2309 2648 quod
2321 2599 2393 2645 Lug
2454 2607 2457 2635 ῑ

1354 2657 1485 2694 cretius
1506 2655 1663 2693 dixerit:
2145 2700 2151 2706 ι

1405 2705 1561 2744 Recidere
1577 2702 1702 2753 affidue
1718 2732 1727 2747 ,
1748 2702 1914 2753 quoniam
1926 2701 2034 2751 fluere
2056 2712 2176 2738 omma
2192 2699 2329 2748 constat.

1354 2770 1432 2807 quo
1452 2766 1578 2795 tamen
1600 2754 1704 2793 versu
1734 2755 1845 2791 etiam
1874 2754 2027 2790 decidere
2065 2752 2235 2790 nonnulli
2265 2752 2401 2789 habent?

1355 2808 1514 2847 codices.
1548 2807 1803 2844 MAxiANGus
1830 2806 2065 2842 Accuixsrus
2088 2803 2124 2840 in
2147 2802 2399 2858 diatribis31ta*

1355 2871 1487 2897 omnes
1512 2858 1648 2896 habent
1679 2857 1781 2900 libri,
1822 2855 1882 2892 sed
1903 2866 2051 2892 carmen
2076 2853 2276 2891 claudicare
2296 2852 2393 2890 vide-

1352 2918 1436 2955 tur,
1463 2921 1575 2958 quare
1595 2908 1747 2958 quidam
1778 2906 1928 2943 Decidat
1946 2905 2144 2955 legendum
2166 2906 2394 2946 arbitrantur,

1353 2961 1419 2998 nisi
1438 2962 1517 3010 quis
1547 2959 1729 2997 Reincidat
1758 2958 1860 2995 malit
1881 2986 1890 3001 ‚
1928 2957 1987 2994 sed
2020 2957 2116 3004 prius
2139 2958 2253 3005 magis
2272 2955 2393 3004 placet.

1355 3011 1564 3048 GLAREAN.
1593 3011 1925 3057 Corriguntautem
1947 3007 2097 3058 quidam
2120 3007 2219 3044 hunc
2245 3006 2364 3043 locum
2382 3029 2395 3046 ‚
2448 3055 2449 3059 Ἰ

1352 3062 1454 3109 quali
1487 3062 1525 3098 in
1545 3061 1658 3097 verbo
1689 3060 1829 3096 Recidas
1859 3059 2073 3109 syllabarum
2117 3058 2295 3107 quantitas
2320 3065 2392 3092 nori

1354 3111 1507 3149 constet.
1544 3112 1744 3159 legumque
1759 3138 1771 3154 ‚
1808 3122 1874 3158 pro
1907 3110 2069 3154 Recidat,
2108 3108 2291 3163 Decidat..
2321 3102 2386 3162 Sed

1353 3173 1424 3210 ego
1440 3190 1449 3205 ‚
1479 3173 1567 3209 pace
1588 3162 1734 3198 illorum
1754 3188 1765 3205 ,
1792 3161 1881 3197 nihil
1903 3161 2014 3198 video
2037 3159 2238 3216 cur-versus
2258 3158 2402 3195 lucrm·-

1354 3211 1554 3250 mutandus
1575 3211 1629 3249 sit.
1666 3213 1764 3248 Nam
1788 3212 1824 3248 ὃς
1845 3211 1940 3259 apud
1962 3212 2182 3248 Lucretium
2201 3208 2299 3247 idem
2312 3216 2399 3262 yerr

1355 3263 1443 3301 bum
1476 3262 1611 3300 eodem
1637 3262 1754 3299 modo
1787 3263 1904 3309 prima
1920 3262 2031 3308 longa
2051 3261 2270 3309 legitur5ut
2298 3256 2400 3294 libro·

1348 3315 1471 3365 primo
1485 3342 1511 3361 2.
1534 3319 1591 3352 At
1608 3327 1715 3365 neque
1731 3312 1876 3351 recidere
1891 3312 1931 3350 iu
1948 3312 2102 3351 nihilum
2121 3324 2173 3349 res
2183 3308 2389 3394 poffi’azexcitur:
