2483 3616
316 156 1931 244 METAMORPHosEoNmeu

2104 188 2207 240 601

364 284 605 358 Propulit
631 283 662 337 ὲ
690 281 908 353 scopulo
931 279 1194 353 pariturae
1218 294 1445 351 corpora
1469 289 1636 333 natae.

359 357 592 429 Excepi:
635 368 958 428 nantemque
982 354 1186 418 serem,
1224 352 1277 406 O
1302 352 1545 424 proxima
1573 349 1729 406 coelo

215 448 319 503 595
358 432 547 500 Regna
570 446 762 500 vagae,
800 428 939 492 dixi,
963 427 1176 488 sortite,
1213 423 1581 487 Tridentifer‚
1618 422 1821 486 undae,

353 505 412 558 ln
437 519 546 573 quo
574 499 888 565 desinimuS,
924 518 1036 574 quo
1060 497 1189 554 sacri
1217 498 1479 553 currimus
1502 513 1709 559 amneS,

356 574 524 643 [Huc
553 573 706 639 ade3‚
746 588 906 646 atque
932 573 1058 628 audi
1079 569 1347 645 placidus,
1386 570 1669 641 Neptune,
1705 572 2068 640 precantem]

351 647 505 703 Huic
532 665 636 719 ego
654 687 669 710 ,
710 665 870 720 quain
891 660 1082 719 poi-m,
1119 644 1298 700 nocui.
1337 642 1373 697 fi
1398 642 1568 706 miti3‚
1609 642 1665 694 &
1688 658 1885 712 aequus
1909 681 1925 706 ,

353 720 408 775 Si
433 733 613 793 pater,
651 720 1026 794 Hippodamas
1043 759 1058 784 ‚
1095 731 1185 773 aut
1212 717 1250 771 fi
1272 717 1445 772 minus
1469 715 1662 789 impius
1687 712 1841 778 esset,

206 797 315 849 600
352 793 557 849 Debuit
583 794 718 848 illius
744 793 1011 854 misereri,
1051 790 1328 862 ignoscere
1355 789 1524 844 nobis,

356 866 532 920 Adfer
557 884 748 939 opem;
791 867 1096 938 mersaeque
1120 881 1312 936 precor
1338 863 1550 918 feritate
1575 863 1795 934 paterna

351 939 465 1004 Da,
501 940 785 1012 Neptune,
820 940 1026 993 locum:
1068 938 1153 990 vel
1170 936 1230 990 sit
1256 937 1404 991 locus
1428 935 1567 1007 ipsa,
1604 935 1817 999 licebit3

353 1011 515 1066 Hane
542 1030 761 1087 quoque
784 1009 1121 1082 complecitar.
1158 1010 1330 1063 movit
1357 1021 1515 1081 caput
1539 1024 1836 1079 aequoreus
1857 1024 1983 1062 rex:

354 1084 745 1159 Concuffitque
773 1084 873 1140 suis
897 1100 1084 1139 omnes
1110 1081 1407 1137 adsensibus
1432 1080 1616 1136 undas,

390 1315 488 1324 .-..
533 1288 549 1324 ὃ
570 1300 699 1325 numen
718 1298 895 1337 aquarum
908 1314 919 1331 ‚

41 1381 54 1391 ·
119 1338 286 1377 Proxima
302 1339 357 1376 cui
376 1339 465 1377 caelo
484 1338 570 1388 ceffit
586 1367 596 1383 ,
617 1345 773 1388 Neptune
785 1366 796 1383 ‚
817 1338 972 1389 funestas.⁴

14 1402 15 1444 ἶ
65 1403 121 1442 Ut
138 1411 310 1455 tanquam
333 1405 353 1443 {i
373 1405 469 1453 Jove
490 1404 690 1442 secundum
712 1415 798 1440 euni
819 1402 967 1447 laudet,
985 1400 1042 1438 cui
1053 1399 1106 1437 se·

69 1455 183 1493 cunda
204 1456 356 1505 potestas
370 1485 378 1500 ,
407 1468 529 1506 neque
542 1484 552 1500 ,
581 1463 621 1493 ut
637 1454 809 1498 Plutoni,
837 1452 1076 1491 remotissima
1089 1449 1109 1487 a

14 1510 15 1550 ξ
66 1506 197 1551 coelo,
225 1508 442 1557 contigerit,
469 1510 509 1545 in
537 1505 689 1556 operosa
722 1505 781 1542 illa
803 1505 899 1542 orbis
919 1502 1110 1541 divisione.

14 1563 15 1589 1
68 1556 154 1604 Qua
182 1558 251 1601 (ut
273 1560 462 1596 Homerus
482 1559 531 1595 ait
553 1570 613 1595 xv.
634 1556 737 1595 Iliad.
757 1557 884 1594 &late
905 1555 1110 1593 Firmianus

14 1638 15 1642 ,
65 1604 103 1643 in
121 1608 265 1655 primo)
311 1610 452 1646 caelum
476 1637 486 1653 ‚
515 1620 609 1657 quae
640 1608 807 1655 suprema
837 1606 884 1643 est
903 1617 1001 1654 pars,
1022 1604 1108 1651 Jovi

65 1655 161 1694 sorte
182 1658 290 1696 cessit.
319 1660 545 1708 Aqua,quae
556 1658 676 1696 media
689 1658 785 1694 &est
804 1657 906 1695 caelo
925 1659 1108 1704 proxima,

67 1707 259 1755 Neptuno.
286 1710 473 1747 Infernuin
498 1738 506 1753 ‚
544 1721 638 1758 quae
665 1707 792 1745 infima
822 1709 861 1745 &
886 1706 1108 1748 noviffima,

66 1755 226 1796 Plutoni.
263 1759 421 1797 Blandiri
438 1772 525 1808 ergo
549 1761 726 1808 Neptuno
748 1760 785 1795 &
807 1757 827 1795 a
847 1757 1108 1795 benevolentia

65 1808 175 1846 ordiri
196 1810 324 1847 voluit.
352 1811 443 1848 Sunt
458 1819 641 1859 praeterea
668 1808 837 1853 codices,
860 1809 922 1856 qui
951 1808 1107 1850 habent,

64 1859 216 1905 mundo,
261 1861 423 1899 leffione
458 1870 520 1898 aut
548 1862 620 1909 ipsa
643 1872 728 1897 vera
743 1887 753 1904 ‚
779 1867 841 1896 aut
862 1858 985 1896 saltem
1008 1858 1108 1896 alteri

63 1911 339 1957 patrocinante:
385 1924 469 1949 cum
510 1913 609 1948 enim
639 1911 743 1958 saepe
771 1909 935 1947 dubitare
966 1910 1110 1947 contin-

65 1968 154 2008 gat,
182 1970 298 1999 utram
328 1967 439 2011 poeta
457 1963 605 2011 liquerit
624 1989 634 2005 ,
672 1962 821 1998 alteram
853 1968 1004 2005 tamen,
1032 1972 1108 1999 non

14 2012 17 2046 5
67 2018 262 2060 utramque
282 2012 483 2062 reliquiffe‚
507 2013 594 2050 scire
614 2013 711 2049 licet.
740 2012 843 2049 Plato
864 2013 900 2049 in
916 2012 1081 2048 Timaeo
1099 2026 1107 2049 :

15 2085 16 2090 ,
67 2061 276 2108 Universum
303 2063 409 2110 igitur
435 2064 493 2099 hoc
523 2064 654 2100 caelum
680 2090 689 2106 ‚
707 2061 785 2111 five
817 2062 1013 2106 mundum,
1033 2060 1110 2110 five

69 2123 134 2158 quo
156 2111 224 2146 alio
249 2113 412 2148 vocabulo
433 2113 582 2161 gaudet,
609 2113 892 2162 cognominemus.
943 2113 1109 2150 Eodem-

66 2171 141 2216 que
164 2162 305 2206 modo,
333 2164 520 2202 Platonem
546 2165 698 2208 imitati,
725 2164 761 2201 in
779 2164 859 2212 ipfis
872 2175 1027 2212 operum
1041 2164 1110 2201 ini-

64 2212 125 2267 tiis
158 2212 384 2261 Pomponius
413 2226 455 2251 ac
483 2215 625 2252 Plinius.
673 2216 890 2252 Maxumo.
920 2214 1104 2253 ACCURS.

64 2272 104 2298 m
127 2261 308 2301 Diatribis.
349 2264 478 2300 Mundi
500 2265 537 2302 in
559 2265 681 2303 multis
702 2267 955 2303 vetustiorum.
982 2266 1108 2303 mundi

68 2312 128 2349 vel
148 2313 227 2349 coeli
247 2326 312 2362 pro
349 2313 487 2352 diversa
522 2315 683 2353 leffione
711 2316 864 2354 schedae
884 2317 1107 2354 Theatinae.

66 2362 152 2399 coelo
192 2376 284 2401 unus
316 2365 518 2403 Mediceus.
555 2367 714 2415 optime.
748 2367 865 2414 prima
897 2368 998 2404 enim
1035 2367 1107 2405 sors

70 2413 176 2459 Jovi,
205 2415 384 2464 Neptuno
404 2415 582 2461 secunda,
611 2417 716 2454 tertia
737 2417 888 2455 Plutoni
915 2418 1108 2466 obtigerat.

72 2463 285 2504 HEINSiUS.

76 2532 77 2535 ¹
122 2519 202 2573 596.
232 2523 273 2553 In
300 2530 364 2573 que
394 2515 617 2566 desinimus]
654 2517 768 2560 Duo,
805 2516 998 2562 deserimus.
1024 2517 1112 2554 altes

16 2585 17 2600 l
71 2564 226 2615 Regius,
254 2567 451 2616 deserimur.
504 2569 622 2612 Puto,
659 2568 871 2610 deferimur,
902 2579 988 2604 nam
1017 2580 1110 2605 unus

16 2646 17 2669 3
72 2615 206 2656 Moreti
221 2646 231 2662 ,
257 2619 295 2654 in
312 2632 412 2668 quem
432 2619 631 2656 decidimus.
653 2619 768 2655 IDEM.
822 2617 926 2654 Idem
939 2618 989 2654 bis
1012 2617 1112 2655 dice-

16 2678 17 2698 1
69 2675 124 2703 :tet
141 2668 252 2706 Poeta
267 2697 277 2714 ‚
295 2669 331 2705 in
355 2683 418 2718 quo
438 2668 622 2719 definimus
635 2696 646 2713 ‚
668 2681 710 2708 67
731 2681 795 2718 quo
819 2668 1001 2706 currimus.
1011 2665 1111 2718 ‘qua-

16 2730 17 2734 ¹
71 2716 305 2768 relegerem:

17 3159 18 3162 ’
85 3180 109 3192 -,
130 3154 211 3198 598.
237 3155 271 3191 Si
289 3156 394 3192 mitis.
416 3154 430 3204 ]

124 2791 166 2822 In
187 2799 250 2838 quo
287 2787 368 2835 (vel
392 2787 516 2838 quem)
544 2785 753 2837 definimus,
782 2796 863 2836 quot
879 2787 974 2836 ῥισὶ
1003 2788 1112 2824 curri-

242 2851 318 2874 mu5
339 2851 468 2876 amnes.

74 2900 239 2994 {abimus
248 2915 375 2990 I{amnes
395 2915 488 2941 unus
501 2904 671 2941 Gronov.
689 2901 902 2940 incurrimus
921 2915 1015 2941 unus
1027 2903 1113 2941 Lei-

100 2952 196 2993 enfis.
281 2967 380 2990 uam.

127 3014 208 3050 597.
236 3003 476 3053 Precantem.]
508 3010 691 3042 Vocantem
710 3005 857 3052 Junian.
881 3006 919 3041 ὃ(
939 3017 992 3053 pr.
1013 3006 1109 3043 Gro-

14 3092 18 3099 Δ
79 3061 163 3090 nov.
187 3064 362 3102 rogantem
389 3054 557 3092 Francos.
586 3057 623 3093 in
656 3068 733 3104 quo
762 3055 892 3093 codice
920 3056 1112 3105 sequentes

77 3104 235 3152 quinque
255 3106 374 3142 vei-sus
397 3117 473 3141 non
494 3105 717 3154 legebantur.

117 3202 136 3208 ..
486 3155 536 3190 Sis
570 3156 666 3192 mitis
682 3155 888 3204 Cantabrig.
907 3157 946 3193 &
966 3157 1112 3204 plurimi

80 3201 161 3245 21¹1,
196 3213 236 3242 ut
258 3207 477 3254 Neptunum
499 3206 590 3242 haec
617 3206 790 3253 speetent.
839 3209 1016 3244 Leteru'm
1031 3221 1113 3245 ver-

79 3249 155 3287 sum
182 3256 346 3299 proxime
379 3256 657 3305 praecedentem
681 3283 691 3299 ,
730 3257 830 3304 cujus
857 3257 1014 3294 initium'
1036 3259 1111 3302 est,

81 3305 157 3338 Huc
176 3303 274 3351 ades,
293 3317 396 3355 atque
420 3307 527 3353 audi,
548 3306 710 3355 spurium
730 3316 773 3342 ac
790 3306 946 3354 proinde
964 3308 1119 3356 *ejicien-

2054 1153 2209 1211 Exti-4

1157 1284 1252 1323 <lum
1273 1281 1344 1322 esse
1363 1281 1506 1320 censeo.
1532 1289 1573 1320 ut
1601 1282 1639 1320 ὃς
1658 1280 1760 1319 illum
1774 1310 1784 1326 ‚
1803 1283 1868 1332 qui
1888 1294 1980 1321 mox
1998 1281 2178 1331 sequitur:

1212 1347 1282 1386 Cui
1301 1345 1478 1398 quondam
1500 1344 1601 1381 tellus
1631 1344 1746 1392 claufia
1771 1345 1814 1392 est
1833 1346 1979 1392 feritate
1996 1355 2156 1395 paterna.

1162 1410 1211 1448 est
1231 1411 1329 1448 enim
1359 1410 1519 1457 minime¹
1546 1409 1739 1453 ferendus,
1779 1421 1863 1447 cum
1895 1411 2042 1454 feritate
2056 1410 2209 1458 paterni

1165 1461 1291 1499 denuo
1316 1462 1486 1510 proxime
1518 1468 1712 1508 repetatur.
1749 1461 1787 1497 &
1818 1459 1911 1497 abest
1934 1461 1976 1497 ab
2007 1472 2084 1498 uno
2109 1461 2208 1498 Vos-

1162 1511 1275 1550 fiano.
1328 1511 1591 1549 Gronovianus
1620 1523 1714 1549 unus
1741 1511 1890 1548 exhibet
1925 1510 2076 1559 quidem
2099 1540 2108 1554 ,
2146 1511 2207 1549 sed

1162 1564 1316 1611 margini
1340 1563 1570 1610 adscriptum.
1591 1570 1627 1599 at
1653 1562 1722 1599 sec.
1742 1562 1851 1599 Palat.
1874 1563 1980 1610 prim.
2002 1562 2142 1599 Moreti
2167 1563 2208 1599 &

1164 1614 1252 1652 oeno
1275 1615 1334 1652 alii
1356 1615 1526 1663 proxime
1545 1613 1761 1662 sequentem
1779 1625 1858 1651 non
1877 1612 2088 1661 agnoscunt.
2098 1611 2210 1650 male.

1165 1666 1309 1702 Heius.

1214 1718 1300 1753 600.
1330 1715 1460 1751 Debuit
1498 1714 1592 1750 illius
1618 1714 1769 1762 misereri
1798 1724 1841 1752 (θ’
1868 1713 2030 1761 ignoscere
2058 1712 2166 1750 nobis.
2189 1712 2208 1762 ]

1164 1771 1211 1802 Et
1250 1766 1382 1814 copula
1420 1765 1612 1802 eradenda.
1663 1766 1955 1802 CONSTANTIUS
1993 1765 2208 1801 Fabianus.

1165 1817 1200 1853 Si
1221 1817 1295 1854 1106
1314 1828 1459 1853 carmen
1482 1816 1576 1852 bene
1601 1815 1735 1859 habet,
1763 1815 1803 1852 fit
1834 1814 1966 1863 pofitio
1983 1814 2101 1852 brevis
2124 1825 2211 1862 pro-

1164 1876 1243 1916 pter
1272 1875 1412 1905 mutam
1446 1867 1484 1903 &
1514 1866 1691 1915 liquidam
1717 1879 1739 1913 g
1773 1867 1811 1902 &
1844 1879 1868 1901 n
1897 1867 1932 1902 in
1954 1866 2073 1902 vocali
2095 1864 2210 1901 brevi„

1164 1917 1268 1966 quod
1303 1917 1517 1967 exemplum
1559 1928 1681 1956 ratum
1718 1915 1780 1954 est.
1833 1916 2013 1954 Horatius
2047 1914 2108 1953 lib.
2149 1927 2211 1962 Iva-

1263 1981 1458 2057 3Donatum
1478 2018 1575 2068 cygni
1589 2047 1598 2063 ‚
1611 2017 1645 2067 fi
1660 2017 1787 2061 libeat4
1802 2017 1941 2065 sonum.

1167 2084 1213 2121 Et
1243 2083 1417 2132 sequente
1448 2081 1578 2125 versu,
1604 2081 1781 2131 quondam
1812 2091 1880 2127 pro
1909 2091 2026 2127 nuper
2046 2079 2208 2128 pofitum

1165 2134 1323 2172 videtur.
1363 2134 1620 2170 Gianzmus.
1674 2133 1726 2168 Ita
1754 2130 1904 2179 quidem
1935 2130 2049 2177 vulgo
2074 2130 2210 2168 habent

1164 2186 1313 2223 codices
1336 2183 1412 2222 fere
1433 2195 1586 2222 omnes:
1613 2182 1833 2229 versumque
1852 2180 2082 2228 grammatici
2108 2180 2210 2217 hunc

1160 2237 1210 2274 ita
1231 2235 1454 2279 defendunt,
1486 2243 1525 2271 ut
1556 2232 1678 2270 dicant
1713 2232 1868 2281 primam
1896 2230 1933 2267 in
1956 2230 2093 2273 verbo,
2114 2229 2210 2278 igno-

1154 2288 1246 2336 scere
1260 2315 1270 2330 ,
1288 2286 1442 2334 corripi,
1462 2297 1504 2322 ea
1524 2285 1664 2321 ratione
1677 2312 1687 2329 ‚
1706 2281 1808 2332 quod
1826 2289 1966 2318 mutam
1986 2280 2147 2328 sequitur
2166 2280 2212 2319 li-

1162 2338 1285 2387 quida.
1340 2337 1410 2374 Sed
1432 2336 1524 2373 mihi
1554 2336 1644 2372 haec
1670 2335 1762 2371 ratio
1791 2333 1829 2369 in
1856 2332 1929 2368 hoc
1947 2330 2060 2368 verbo
2082 2330 2209 2369 durior

1163 2389 1334 2432 videtur,
1365 2384 1663 2436 proptereaquod
1691 2383 1843 2421 verbum
1872 2381 1989 2429 ipsum
2023 2381 2210 2430 compofi-

1163 2447 1242 2476 tuin
1259 2467 1269 2481 ,
1293 2452 1315 2486 g
1332 2439 1444 2481 loco,
1470 2451 1493 2473 n
1512 2464 1522 2480 ,
1554 2434 1738 2482 assumpsit
1762 2461 1773 2477 ,
1808 2431 2024 2480 fatrumque
2054 2431 2207 2480 ignosco,

1164 2500 1211 2524 ex
1235 2495 1275 2523 In
1295 2515 1306 2531 ‚
1336 2489 1374 2524 &
1396 2489 1511 2533 Nosco.
1563 2485 1617 2522 At
1642 2484 1775 2522 sublata
1804 2482 2071 2531 conjuntstione
2090 2510 2099 2525 ‚
2131 2493 2176 2522 ω’
2194 2510 2210 2527 ,

1163 2537 1263 2575 idem
1287 2537 1408 2574 versus
1430 2548 1508 2573 non
1527 2534 1647 2573 modo
1669 2533 1772 2584 quod
1792 2534 1838 2571 ad
1858 2545 2034 2571 numeros
2052 2533 2183 2571 attinet
2197 2560 2211 2577 ‚

1165 2589 1363 2636 integrior,
1385 2586 1445 2624 sed
1465 2588 1502 2623 δε
1522 2587 1724 2635 elegantior
1745 2584 1864 2622 multo
1887 2585 1976 2628 erit,
1998 2584 2036 2621 &
2058 2582 2210 2622 affeetui

1167 2640 1280 2687 magis
1300 2638 1451 2682 serviet,
1479 2645 1627 2685 propter
1657 2636 1946 2674 distributionem
1962 2663 1974 2679 ‚
2001 2646 2094 2681 quae
2121 2646 2214 2673 con-

1161 2690 1359 2739 juncstione
1379 2700 1471 2736 opus
1492 2699 1569 2725 non
1587 2687 1720 2731 habet,
1747 2698 1864 2734 eaque
1881 2684 2114 2734 interposita,
2134 2697 2214 2734 gra-

1165 2742 1254 2778 tiam
1276 2738 1352 2777 fere
1371 2739 1517 2777 amittit.
1543 2738 1719 2774 chm.
1772 2736 1987 2774 Barberinus
2005 2737 2044 2772 &
2067 2735 2212 2784 Argen-

1166 2799 1237 2828 tor.
1265 2802 1310 2831 ω’
1326 2800 1462 2840 parcere
1490 2788 1596 2825 nobis.
1627 2788 1688 2825 sed
1718 2787 1825 2825 nobis
1856 2787 2001 2836 Micylli
2034 2787 2210 2823 sententia

1167 2842 1297 2891 placet.
1324 2853 1436 2891 quam
1458 2839 1637 2877 editiones
1662 2841 1827 2887 optimae
1845 2838 1988 2875 secutae
2007 2837 2098 2874 sunt.

1218 2894 1303 2942 603.
1331 2898 1434 2928 Hunc
1456 2903 1585 2940 quoque
1605 2888 1845 2940 compleam]
1866 2895 1967 2925 Hanc
1986 2885 2209 2941 quoqueplu-

1167 2943 1251 2981 rimi
1274 2956 1318 2981 ex
1344 2942 1612 2980 vetustioribus.
1637 2943 1712 2979 hoc
1739 2941 1812 2985 est,
1841 2940 2031 2988 postquam
2061 2948 2095 2972 in
2112 2935 2211 2990 insu„

1167 2995 1241 3031 lam
1269 2995 1336 3031 erit
1368 2992 1552 3031 conversa.
1586 2993 1792 3030 Perimelen
1821 2991 1917 3027 enini
1945 3016 1955 3032 ‚
1987 2995 2040 3041 ut⁸
2056 2986 2209 3033 reliquas

1168 3044 1372 3083 Echinadas
1399 3043 1589 3082 Achelous
1609 3044 1721 3081 alluit.
1747 3040 1866 3079 Potest
1885 3040 1923 3076 ὅ(
1941 3036 2062 3074 scribi:

1221 3113 1317 3145 Τᾶ-[τῖε
1338 3121 1470 3157 quoque
1490 3105 1699 3155 cempleffar.
1751 3104 1895 3140 Hrms.

1169 3159 1251 3207 Ego
1265 3187 1274 3202 ,
1287 3158 1313 3195 fi
1333 3171 1396 3206 per
1419 3157 1563 3195 codices
1584 3157 1723 3197 liceret,
1736 3153 1880 3190 mallem
1898 3147 1961 3194 ‚fic
1983 3159 2111 3204 quoque
2122 3159 2212 3183 cam-

1163 3209 1295 3257 pleffar
1309 3208 1506 3255 ,licetjam
1530 3218 1607 3243 non
1630 3216 1759 3252 corpus
1774 3231 1784 3247 ‚
1806 3202 1864 3238 sed
1881 3201 1983 3237 locus
2003 3197 2057 3235 sit.
2075 3197 2148 3234 vid.
2165 3198 2212 3236 ad

1167 3260 1228 3296 lib.
1253 3270 1334 3296 111.
1353 3258 1437 3296 Art.
1458 3255 1621 3294 Amand.
1644 3256 1728 3301 πῶς.

1611 3354 1752 3402 Gggg
1776 3364 1798 3389 2
2006 3350 2089 3401 605.
2117 3350 2221 3399 Exti-3
