2483 3616
259 145 362 216 780

724 149 783 207 P.
856 147 1261 207 OVIDII
1339 149 1868 208 NASONIS

415 280 520 334 410
563 265 816 402 INterea
839 263 1117 334 fratrisque
1142 261 1250 324 sui,
1287 262 1614 337 fratremque
1642 265 1831 322 secutis

628 339 798 392 Anxia
826 335 1081 408 prodigiis
1108 334 1347 388 turbatus
1373 334 1588 405 pediora
1610 337 1794 409 Ceyx,

560 411 813 466 Consulat
838 421 897 462 ut
921 407 1112 471 sacras,
1149 406 1431 461 hominum
1459 407 1833 475 oblectamina,
1868 411 2068 476 sorteS,

557 483 650 538 Ad
677 482 914 536 Clarium
939 493 1085 552 parat
1110 480 1189 534 ire
1216 479 1424 533 Deum:
1463 496 1589 533 nam
1616 485 1813 552 templa
1841 485 2096 558 profanus

556 554 696 609 Invia
721 572 847 609 cum
875 553 1119 624 Phlegyis
1142 550 1408 606 faciebant
1432 550 1695 623 Delphica
1716 553 1966 612 Phorbas

414 646 514 699 415
554 626 777 681 Confilii
805 639 984 681 tamen
1008 638 1129 679 ante
1158 623 1264 687 sui,
1300 622 1573 688 fidiffima,
1609 637 1811 679 certam

558 698 648 754 Te
672 699 829 764 facit,
867 698 1170 771 Halcyone.
1210 697 1299 752 cui
1324 697 1566 770 protinus
1596 697 1782 752 intima
1805 697 1969 769 frigus

552 771 676 827 Offa
705 784 1057 843 receperunt;
1099 770 1353 844 buxoque
1378 769 1665 825 fimillimus
1691 788 1783 824 ora

558 845 733 901 Pallor
762 845 907 911 obit;
943 844 1280 916 lacrimisque
1307 861 1473 917 genae
1503 843 1760 900 maduere
1786 842 2025 917 profusis

253 1057 377 1109 ..ruffin
402 1059 501 1099 Vide
517 1058 567 1097 ibi
589 1058 896 1098 Freinshemium.
933 1058 1208 1097 Muncmmus.
1236 1058 1242 1062 '
1263 1063 1305 1095 In

262 1124 361 1147 mare
379 1122 521 1148 omnes.
549 1120 691 1158 praeter
705 1111 843 1149 Colon.
859 1121 954 1160 quae
968 1138 978 1155 ,
1006 1110 1131 1147 nidum
1152 1109 1190 1146 in
1210 1109 1305 1146 mari

257 1161 463 1209 pendentem
481 1161 661 1208 exstruunt
685 1191 695 1207 ‚
741 1161 950 1211 incubatque
979 1160 1134 1208 Alcyone
1155 1170 1213 1211 per
1233 1159 1304 1196 dies

260 1214 383 1260 septem
405 1241 415 1256 ‚
446 1213 568 1263 quibus
597 1213 660 1249 via
693 1213 801 1250 maris
830 1222 910 1250 tata
927 1211 983 1261 effe
1001 1211 1144 1249 dicitur.
1194 1210 1303 1248 Aeolo

261 1272 383 1299 ventos
400 1264 437 1300 in
459 1274 617 1314 nepotum
636 1264 792 1312 gratiam
814 1263 996 1300 cohibente.

300 1320 315 1338 ¹
324 1319 470 1351 suorum
481 1314 685 1364 majorum]
698 1321 844 1351 suorum
857 1314 1030 1351 malorum
1044 1313 1125 1351 MS.
1137 1313 1182 1350 M
1187 1324 1303 1351 uncis.

309 1376 397 1410 410.
425 1371 561 1403 Interea
581 1366 778 1417 fratrisque
792 1365 889 1414 sui.]
930 1366 1008 1414 Qui
1044 1373 1204 1402 mutatus
1235 1365 1304 1402 fuit

260 1413 298 1451 in
321 1416 557 1465 accipitrem:
587 1429 708 1467 neque
737 1417 837 1454 enim
864 1416 959 1454 filiae
989 1423 1152 1454 mortem
1179 1415 1302 1464 prodi-

257 1465 361 1514 gium
379 1468 652 1516 appellaverim.
681 1468 832 1505 Consr.
854 1467 1025 1504 Faunus.

310 1530 396 1564 410.
423 1525 650 1570 Fratremque
666 1519 790 1568 secutis
809 1518 982 1569 prodigiis.
1005 1518 1020 1568 j
1057 1517 1227 1567 Prodigia
1248 1517 1303 1555 di-

259 1568 310 1605 cit
341 1569 418 1618 lupi
449 1579 614 1608 armenta
643 1571 812 1608 vastantis
831 1598 841 1614 ,
877 1581 955 1607 non
988 1570 1102 1607 fratris
1124 1569 1302 1607 mutatio·

256 1629 360 1658 nem.
393 1632 479 1659 nam
515 1622 616 1670 supra
655 1623 721 1671 (ut
753 1621 935 1667 diximus)
964 1632 1046 1658 earn
1076 1619 1302 1669 fignificavit.

258 1667 377 1708 IDEM.
405 1672 528 1722 Hujus
556 1672 697 1710 fabulae
725 1673 764 1710 ὃς
795 1673 979 1710 Lucianus
1000 1672 1198 1715 meminit,
1223 1672 1303 1714 περὶ

257 1724 600 1769 Μεταμορφώσεως,
628 1725 666 1762 ὃς
682 1732 959 1762 commentator
982 1723 1143 1760 Homeri
1166 1721 1300 1759 Iliados

255 1783 363 1811 nono
377 1802 388 1818 ,
415 1775 479 1824 qui
499 1775 606 1824 hujus
629 1775 844 1812 mutationis
862 1774 971 1811 aliam
993 1771 1148 1811 caussam
1169 1772 1297 1811 affert:

254 1835 393 1873 nempe
403 1826 506 1874 quod
529 1828 636 1875 (L'e‘yx
650 1854 661 1871 ,
677 1826 794 1863 nimia
815 1824 979 1873 superbia
992 1825 1125 1868 elatus,
1145 1823 1298 1873 seipsum

253 1874 393 1922 Jovem
415 1876 539 1914 vocari
563 1904 573 1920 ,
601 1888 758 1914 uxorem
787 1884 912 1913 autem
937 1877 1174 1925 Halcyonem
1198 1903 1208 1919 ,
1234 1875 1299 1922 Ju-

254 1937 397 1964 nonem
418 1925 598 1965 voluisset.
651 1927 848 1965 Theocriti
871 1928 1045 1975 interpres
1062 1939 1202 1964 nornen
1218 1938 1297 1964 rna-

251 1977 314 2014 tris
337 1978 537 2016 Halciones
565 1977 676 2016 addit.
729 1979 909 2021 ΑἌκὺωυ,
929 1979 1097 2027 inquiens
1112 1979 1295 2024 ,θυγάτηρ

253 2026 406 2072 Αἰόλου,
430 2032 491 2063 καὶ
513 2029 674 2072 Κεινόβκς
688 2057 697 2073 ,
726 2033 813 2074 ’γυνὴ
835 2029 875 2065 δὲ
896 2029 1042 2072 Κήυκος.
1072 2030 1219 2067 Dicitur
1231 2041 1295 2068 au-

251 2086 330 2116 tem
351 2078 508 2116 Α’λκύων
522 2107 532 2122 ,
562 2083 660 2123 παρὰ
683 2082 725 2116 τὸ
745 2081 835 2116 κύειν
856 2079 892 2116 ἐν
914 2078 1003 2125 εἱλῖ,
1033 2088 1071 2117 ut
1091 2080 1192 2129 supra
1221 2081 1295 2118 Re-

250 2130 330 2177 gius
350 2129 539 2168 indicavit.
568 2131 694 2168 Latini
711 2143 834 2169 autem
856 2132 951 2169 hanc
976 2131 1207 2169 Alcedonern
1226 2143 1295 2169 vo-

252 2190 358 2224 cant,
402 2181 553 2228 diesque
582 2183 712 2231 quibus
738 2183 829 2220 haec
857 2183 1037 2230 parturit,
1075 2182 1294 2220 Alcedonia.

250 2231 429 2270 MicrLL.
483 2232 580 2270 Vide
606 2232 651 2270 de
681 2234 751 2270 hac
776 2233 896 2271 fabula
924 2233 1092 2271 Servium
1116 2234 1153 2270 &
1180 2234 1294 2271 Pom-

250 2294 339 2331 pon.
363 2284 537 2321 Sabinum
558 2283 602 2321 ad
626 2285 755 2333 Virgil.
773 2297 802 2322 1.
823 2285 961 2334 Georg.
986 2296 1070 2335 399.
1110 2285 1148 2322 ὃς
1177 2284 1295 2323 Luta-

250 2334 344 2372 tium
370 2335 414 2373 ad
437 2334 523 2372 Stat.
544 2347 596 2372 tx.
617 2334 741 2373 Theb.
761 2336 845 2385 361.

301 2398 386 2429 412.
413 2386 606 2421 Hominum
633 2385 899 2436 obloffamina]
939 2386 1081 2423 Homini
1098 2386 1292 2423 lammina

249 2434 429 2474 Sixianus.
456 2436 643 2480 Venuste;
673 2449 759 2475 nam
788 2438 848 2486 spe
871 2450 964 2475 vana
989 2439 1162 2475 homines
1182 2437 1292 2475 laeta-

249 2484 334 2523 bant
356 2488 392 2523 δε
416 2487 601 2525 ludebant.
634 2488 731 2536 apud
751 2488 953 2536 Apule-jum
976 2489 1172 2525 Menvni.
1192 2494 1290 2525 Can-

249 2536 311 2570 His
332 2547 451 2573 tamen
480 2538 648 2574 mentitae
675 2539 815 2587 pietatis
837 2539 951 2586 officiis
968 2539 1127 2586 stadium
1158 2550 1288 2575 contre-

249 2587 395 2622 flandae
412 2588 565 2624 mulieris
581 2589 762 2634 adhibere,
790 2590 1009 2638 odiosamque
1026 2594 1288 2639 amoremsuusn

247 2634 409 2672 lactando
426 2640 572 2676 marrire.
599 2639 645 2675 sic
666 2641 750 2688 lego
765 2670 774 2683 ,
803 2654 870 2677 non
890 2641 1096 2677 (laena-ado.
1123 2653 1218 2689 quae
1237 2641 1288 2678 se-

247 2695 410 2734 quuntur
429 2699 545 2736 aeque
558 2690 730 2727 mendosa
749 2691 838 2728 sunt.
858 2692 921 2740 scd
943 2692 1056 2739 officiis
1072 2691 1291 2739 inferialibus

241 2736 366 2783 statim
384 2738 516 2782 fariis,
541 2739 654 2786 puella
678 2743 832 2787 protinus
851 2742 991 2787 festinat
1021 2743 1068 2778 ad
1103 2743 1288 2781 maritum.

245 2788 461 2825 HEiNquS.
490 2788 624 2825 Metuo
647 2799 684 2825 ut
703 2791 779 2826 satis
803 2803 846 2826 ex
870 2792 1095 2839 dignitate&
1115 2806 1288 2831 reveren-

244 2838 295 2875 tia
333 2850 454 2875 rerum
485 2837 660 2875 sacrarum
682 2839 802 2875 dicere
824 2841 997 2887 possimus
1012 2869 1024 2886 ‚
1045 2844 1191 2881 oracula
1213 2842 1283 2882 ess'e

244 2888 473 2925 oblecffamina
495 2889 706 2925 hominum.
736 2889 814 2936 Ipse
831 2891 983 2938 quidem
1012 2894 1164 2931 arbitror
1187 2895 1285 2932 Ovi-

246 2939 351 2977 dium
375 2938 565 2987 scripfiffe,
592 2939 775 2976 hominum
789 2940 986 2988 solamina:
1015 2943 1127 2991 idque
1148 2956 1194 2980 eo
1208 2956 1286 2981 ma-

242 2991 298 3039 gis
321 3019 330 3035 ,
369 2989 473 3039 quod
508 2991 545 3027 in
574 2990 678 3028 versu
716 2992 885 3040 proxime
917 2992 1089 3039 superiori
1120 2994 1282 3040 legatur,

242 3043 353 3077 anxia
368 3040 526 3089 prodigiis
545 3040 709 3078 turbatus
725 3044 869 3091 potiora.
921 3042 1048 3090 ltaque
1059 3042 1230 3090 solatium
1243 3045 1285 3081 ab

243 3093 393 3129 oraculo
414 3094 568 3138 petitum
584 3120 594 3136 ,
640 3104 716 3130 non
747 3092 1057 3130 oblecramemum:
1087 3095 1190 3142 quod
1211 3096 1285 3132 hoc

244 3142 329 3179 loco
368 3144 459 3180 mihi
486 3142 637 3192 quidem
668 3143 860 3191 indignum
889 3144 1055 3185 videtur,
1085 3146 1123 3181 &
1144 3145 1164 3182 a
1185 3146 1282 3184 bona

242 3203 368 3230 mente
392 3194 565 3231 alienum.
594 3194 701 3232 Tm.
725 3194 855 3232 Fam
884 3195 943 3232 lib.
965 3208 1010 3233 Π.
1029 3195 1095 3243 Ep.
1117 3197 1176 3245 69.

293 3255 375 3288 413.
406 3245 468 3279 Acl
501 3245 663 3282 Clarinm
687 3246 840 3295 Deum]
897 3246 958 3284 Ad
989 3246 1135 3284 oracula
1168 3246 1280 3285 Clarii

237 3291 442 3350 Apollinis,
471 3307 565 3345 quae
589 3296 680 3336 olim
704 3298 744 3337 iu
769 3299 885 3349 Lycia
904 3298 1065 3350 fuerunt.
1090 3309 1178 3338 nam
1195 3299 1280 3346 Clae

2290 919 2410 978 Ter

1360 1068 1419 1095 ros
1436 1056 1518 1095 urbs
1539 1057 1587 1096 est
1619 1057 1784 1107 LycIae,
1811 1056 1995 1107 Apollinis
2029 1056 2181 1097 oraculo
2205 1057 2409 1102 clariffima:

1361 1109 1526 1146 Remus.
1552 1110 1679 1148 Strabo
1703 1110 1762 1147 lib.
1784 1110 1976 1147 xxv-item
1995 1107 2131 1148 Plinius
2158 1110 2195 1147 in
2211 1110 2315 1149 Ionia
2336 1124 2405 1160 po-

1358 1169 1452 1197 nunt
1482 1160 1687 1198 Oraculum
1720 1160 1831 1197 Clarii
1854 1159 2059 1209 Apollinis,
2075 1161 2181 1210 juxta
2207 1161 2405 1211 Colopho·

1358 1222 1447 1248 nem
1468 1211 1505 1248 in
1528 1223 1685 1249 nemore
1715 1211 1837 1249 eidem
1869 1211 1942 1248 deo
1968 1211 2115 1249 sacrato.
2140 1212 2178 1249 in
2205 1213 2321 1262 Lycia
2341 1227 2407 1253 au-

1358 1269 1436 1298 tem
1464 1262 1648 1310 Apollinis
1678 1263 1839 1301 Pataraei
1865 1262 2056 1300 oraculum
2093 1263 2186 1305 fuit,
2210 1265 2314 1312 quod
2342 1266 2404 1304 ille

1360 1322 1657 1362 cognomentum
1691 1312 1711 1350 a
1743 1314 1868 1351 Patara
1889 1312 1978 1350 urbe
1999 1314 2152 1362 accepit.
2180 1315 2406 1355 chutus.

1360 1364 1426 1402 Ad
1448 1364 1595 1401 Parium
1615 1364 1810 1412 Argentin.
1847 1363 1921 1402 vid.
1946 1363 1992 1401 ad
2011 1376 2042 1402 1.
2061 1364 2150 1403 Fast.
2169 1377 2230 1404 20.

1409 1428 1492 1462 414.
1521 1417 1693 1462 Profanas
1723 1414 1914 1465 Phorbas]
1970 1415 2129 1453 Phorbas
2159 1416 2402 1466 Phlegyarum

1358 1477 1421 1503 rex
1443 1466 1545 1504 fuifl'e
1577 1466 1786 1516 perhibetur
1809 1494 1819 1511 ,
1848 1477 1890 1504 ac
1923 1475 2051 1504 contra
2082 1466 2247 1515 Delphos
2265 1468 2404 1509 bellum

1358 1516 1554 1566 suscepisse.
1579 1518 1762 1567 Phlegyae
1782 1526 1907 1555 autem
1928 1518 2056 1566 populi
2076 1518 2226 1556 fuerunt
2246 1518 2405 1559 Thessa-

1358 1567 1428 1606 liae
1451 1569 1619 1607 adversus
1647 1571 1736 1606 deos
1767 1569 1896 1617 impii,
1923 1570 1988 1618 qui
2009 1568 2159 1607 tandem
2179 1568 2200 1607 a
2221 1569 2402 1619 Neptuno

1359 1618 1500 1657 diluvio
1528 1619 1690 1658 immillo
1720 1621 1869 1657 fuerunt
1899 1619 2022 1657 deleti.
2063 1620 2234 1658 Rectus.
2286 1622 2402 1661 Hunc

1359 1669 1567 1709 Phorbanta
1587 1683 1664 1708 non
1679 1683 1764 1708 eum
1779 1670 1849 1708 effe
1871 1669 2025 1708 dixerim
2049 1699 2060 1715 ‚
2089 1683 2202 1720 quem
2225 1673 2401 1722 Hyginus

1355 1720 1522 1770 Triopae
1552 1723 1686 1771 (cujus
1715 1722 1817 1770 supra
1847 1723 2123 1769 meminimus)
2163 1735 2208 1760 ex
2231 1724 2397 1772 Hysocle

1356 1772 1609 1821 Mirmydonis
1641 1773 1736 1816 filia,
1765 1772 1880 1810 Diod.
1898 1774 1935 1810 in
1960 1786 1993 1809 v.
2021 1773 2170 1820 Lapithi
2193 1776 2231 1810 ὃς
2262 1775 2396 1813 Eurio-

1354 1834 1418 1860 nes
1436 1823 1553 1861 filium
1575 1824 1705 1862 tradit:
1734 1824 1820 1873 quia
1842 1824 1869 1861 is
1889 1824 2028 1861 amicus
2048 1824 2118 1861 fuit
2140 1824 2397 1872 Apollinis,ut

1354 1875 1450 1921 apud
1464 1875 1623 1913 eundem
1636 1875 1750 1913 Diod.
1761 1876 1797 1912 in
1811 1886 1863 1912 vx.
1878 1875 1915 1911 &
1931 1875 2125 1923 Hyginum
2138 1875 2173 1912 in
2190 1875 2393 1923 Ophiucho

1353 1925 1440 1963 licet
1467 1926 1613 1964 intueri.
1642 1926 1707 1963 nisi
1728 1927 1809 1975 quis
1828 1926 1928 1963 hunc
1951 1926 1989 1963 &
2017 1925 2121 1962 illurn
2143 1927 2303 1965 eandem
2324 1926 2395 1966 effe

1352 1975 1507 2019 dixerit,
1536 1978 1573 2014 ὅῑ
1594 1977 1761 2025 Apollini
1776 1976 1853 2025 post
1865 1977 2029 2013 vitiatam
2044 1976 2275 2015 Coronidem
2289 1979 2397 2017 Phle-

1349 2038 1444 2076 gyae
1472 2027 1584 2065 filiam
1614 2028 1753 2066 factum
1787 2028 1982 2064 inimicum
2011 2027 2184 2065 voluerit.
2214 2029 2392 2079 Phlegyas
2436 2063 2441 2066 .

1347 2077 1432 2116 sane
1461 2080 1473 2124 (
1493 2080 1557 2128 qui
1578 2080 1616 2116 ὃς
1640 2079 1797 2127 Phlegyes
1825 2079 1864 2115 ὃς
1885 2077 2028 2125 Phlaqys
2049 2079 2158 2116 etiam
2192 2078 2394 2120 declinatur

1350 2130 1438 2167 teste
1472 2130 1685 2178 Stephano)
1725 2129 1854 2167 Martis
1883 2129 1921 2166 ὃ(
1952 2129 2106 2178 Chryses
2134 2129 2226 2167 filius
2253 2131 2322 2169 fuit
2353 2143 2395 2170 ac

1351 2180 1558 2219 Theffaliae
1579 2194 1655 2225 rex,
1677 2181 1696 2219 a
1719 2192 1795 2231 quo
1809 2181 1991 2229 Phlegyae
2012 2181 2042 2228 ej
2052 2192 2088 2217 us
2112 2181 2270 2228 regionis
2288 2183 2394 2221 inco·

1348 2231 1404 2269 lae
1424 2232 1503 2270 sunt
1521 2234 1716 2270 nominati.
1744 2234 1772 2270 is
1792 2232 1840 2269 ob
1855 2240 2042 2279 acceptam
2058 2231 2227 2279 injuriam
2251 2231 2388 2281 (quam

1348 2283 1532 2330 diximus)
1562 2284 1745 2331 Apollinis
1765 2285 1801 2321 in
1821 2282 1975 2320 Parnaso
1992 2282 2172 2331 templum
2185 2283 2390 2322 combussit:
2447 2330 2450 2331 ⁷

1348 2334 1628 2383 Phlegyamque
1649 2335 1835 2372 civitatem
1858 2335 1893 2371 in
1908 2333 2063 2371 Boeotia
2083 2333 2258 2371 condidit.
2285 2334 2391 2383 Lege

1356 2385 1526 2423 Servium
1547 2387 1583 2423 in
1606 2397 1660 2422 vt.
1681 2387 1830 2422 Aen.ac
1843 2385 2064 2434 Stephanum
2078 2395 2256 2432 ‚quorum
2271 2385 2393 2432 poste-

1348 2435 1421 2472 rior
1451 2437 1560 2474 etiam
1591 2435 1701 2473 tradit
1730 2436 1906 2485 Phlegyas
1934 2437 1972 2473 in
1994 2434 2194 2482 Aethiopia
2226 2436 2386 2483 populos

1347 2485 1452 2524 fuiffe
1476 2516 1487 2532 ,
1529 2488 1592 2535 qui
1614 2486 1770 2524 deorum
1801 2488 1916 2524 cultus
1953 2488 1988 2522 ἃ
2018 2484 2115 2533 leges
2154 2486 2391 2527 invenerunt.

1348 2539 1500 2575 Cousr.
1521 2538 1728 2575 Fanrnsrs.
1757 2538 1845 2574 Duo
1866 2536 2089 2574 Phorbantes
2109 2536 2205 2583 apud
2224 2538 2388 2577 Graecos

1345 2599 1622 2634 memorantur,
1651 2589 1811 2637 Argivus
1829 2588 1940 2631 alter,
1971 2586 2060 2634 Argi
2078 2585 2191 2630 filius,
2220 2587 2320 2632 five,
2346 2597 2388 2628 ut

1343 2639 1547 2689 Pherecydi
1563 2641 1702 2688 placet,
1731 2650 1870 2688 nepos,
1898 2647 2000 2687 pater
2022 2636 2223 2679 Arestoris,
2253 2639 2329 2687 ejus
2340 2651 2386 2679 ex

1345 2702 1422 2739 quo
1445 2692 1564 2739 Argus
1581 2691 1641 2728 ille
1663 2691 1839 2740 posterior
1856 2718 1865 2733 ‚
1887 2699 2035 2727 centum
2049 2687 2164 2724 oculis
2189 2690 2384 2738 praeditus,

1343 2750 1448 2778 natus
1469 2743 1547 2779 fuit.
1576 2741 1665 2778 alter
1683 2750 1806 2784 autem
1833 2737 2024 2778 Thessalus
2038 2765 2048 2781 ‚
2077 2738 2256 2786 Lapithae
2276 2740 2384 2788 filius,

1343 2801 1445 2840 pater
1464 2792 1609 2829 Actoris
1622 2803 1687 2836 ‚ex
1699 2804 1775 2841 quo
1796 2792 1954 2838 Eurytus
1967 2790 2003 2826 &
2017 2789 2166 2826 Cteatus
2186 2792 2274 2835 nari,
2288 2803 2383 2841 quos

1343 2843 1532 2881 Molionas
1553 2843 1743 2880 Homerus
1762 2848 1893 2882 vocat,
1923 2840 1968 2876 de
1985 2839 2114 2888 quibus
2132 2839 2233 2888 supra
2260 2843 2295 2879 in
2318 2854 2381 2880 ve-

1338 2895 1490 2931 natione
1521 2893 1726 2942 Calydonia
1760 2890 1912 2928 dictum.
1949 2889 1993 2927 de
2025 2890 2098 2927 hoc
2127 2891 2237 2939 igitur
2266 2893 2380 2930 Phor-

1337 2944 1446 2982 bante
1465 2942 1742 2991 intelligendum
1764 2941 1838 2978 hoc
1864 2941 1951 2978 loco
1982 2949 2084 2989 puto.
2112 2942 2180 2979 fuit
2208 2942 2303 2978 enim
2337 2944 2377 2980 &

1341 2993 1429 3030 alias
1463 2995 1582 3030 homo
1609 2994 1714 3030 ferox
1743 2992 1781 3029 &
1807 2992 1956 3029 suorum
1974 3001 2185 3039 temporum
2211 2992 2377 3030 robustis-

1339 3043 1448 3081 simus
1464 3072 1472 3087 ‚
1502 3045 1565 3092 qui
1577 3044 1708 3081 obvios
1726 3043 1880 3091 cogebat
1894 3051 1956 3087 ,ut
1976 3042 2148 3091 pugillatu
2167 3041 2286 3078 secum
2301 3054 2377 3081 cer-

1339 3101 1477 3139 tarent,
1506 3093 1698 3143 victosque
1720 3095 1894 3137 necabat,
1924 3093 1970 3130 eo
1989 3093 2213 3140 arrogantiae
2242 3093 2379 3139 postre-

1339 3144 1405 3181 mo
1435 3146 1650 3191 proveetus,
1680 3154 1719 3183 ut
1754 3146 1864 3182 etiam
1899 3144 1987 3182 deos
2015 3143 2106 3191 ipsos
2134 3144 2376 3190 provocando

1335 3195 1541 3239 lacesseret,
1569 3196 1690 3233 donec
1712 3195 1756 3233 ab
1774 3195 1950 3244 Apolline
1979 3194 2160 3241 superatus
2186 3205 2227 3230 ac
2257 3204 2378 3233 morte

1336 3246 1530 3284 mulctatus
1552 3247 1642 3291 fuit,
1669 3255 1709 3283 ut
1731 3246 1779 3283 est
1802 3248 1837 3284 in
1859 3252 2064 3283 comment.
2094 3244 2253 3281 Homeri
2279 3245 2378 3285 iliad.

1336 3296 1372 3340 ψ.
1385 3298 1445 3337 De
1466 3297 1637 3348 Phlegyis
1657 3305 1796 3344 autem,
1810 3296 1914 3348 quod
1925 3295 1970 3334 ad
1988 3295 2219 3334 hunclocum
2231 3296 2377 3342 attinet,

2242 3344 2264 3384 a
2283 3346 2377 3395 Pau-3
2452 3366 2483 3384 ,ι
