2483 3616
748 171 806 229 P.
879 160 1294 226 OVIDII
1368 158 1904 221 NASONIS

543 287 768 344 Arboris
792 285 1009 348 infiluit‚
1045 298 1178 356 quae
1203 279 1364 335 stabat
1391 278 1666 352 proxima,
1702 278 1891 333 ramis:

544 360 905 432 Despexitque
923 397 938 421 ,
977 358 1098 412 loco
1124 366 1296 417 tutuS‚

1334 370 1497 425 quem
1525 352 1736 422 fugerat
1749 389 1764 414 ‚
1801 347 2022 406 hostem,

546 432 807 488 Dentibus
834 433 918 486 ille
946 430 1097 486 ferox
1126 429 1179 482 in
1203 443 1411 500 querno
1437 425 1610 497 stipite
1637 423 1801 489 tritis,

409 522 510 576 370
547 506 790 560 Imminet
814 505 1009 567 exitiO,
1045 501 1403 572 frendensque
1426 497 1730 553 recentibus
1756 497 1915 552 armis

556 577 847 634 Othriadac
869 576 1044 649 magni
1068 574 1236 631 rostro
1260 572 1435 627 femur
1457 569 1624 625 haufit
1655 568 1882 626 adunco.

548 654 623 706 At
650 651 879 722 gemini,
917 649 1156 704 nondum
1182 645 1427 701 coelestia
1452 643 1646 706 fidera,
1684 642 1902 708 fratreS,

549 725 730 778 Ambo
755 723 1051 794 conspicui,
1075 722 1196 775 nive
1219 716 1618 774 candidioribus
1643 715 1803 771 ambo

547 796 596 853 V
605 796 906 850 celabantur
933 796 1105 866 equis:
1144 792 1301 847 ambo
1325 793 1524 846 vibrata
1553 808 1646 863 per
1675 807 1824 844 auras

405 888 500 937 375
540 867 821 923 Hastarum
850 868 1078 921 tremulo
1104 866 1410 940 quatiebant
1437 864 1630 936 spicula
1657 877 1828 919 motu,

550 940 782 995 Vulnera
809 938 1047 994 feciflent
1069 964 1081 1003 ;
1122 940 1217 994 nisi
1239 940 1431 1011 setiger
1458 939 1598 992 inter
1626 952 1817 1007 opacas

542 1013 659 1067 Nec
683 1012 890 1081 jaculiS,
926 1012 1068 1077 iflet,
1106 1031 1206 1067 nec
1233 1030 1377 1086 equo
1401 1013 1516 1066 loca
1542 1010 1750 1082 pervia,
1788 1009 1948 1066 filvaS.

542 1085 883 1158 Persequitur
908 1085 1202 1141 Telamon:
1240 1085 1522 1157 studioque
1547 1085 1789 1138 incautus
1813 1084 2007 1149 eundi,

541 1158 750 1212 Pronus
777 1158 839 1212 ab
865 1158 1084 1214 arborea
1116 1159 1313 1214 cecidit
1339 1158 1802 1212 radiceretentus

404 1233 503 1298 380
540 1231 688 1287 Dum
719 1232 855 1286 levat
880 1234 1022 1287 hunc
1048 1233 1268 1297 Peleus;
1307 1232 1541 1287 celerem
1564 1230 1790 1303 Tegeea
1812 1229 2053 1302 sagittam

258 1434 326 1474 Sed
357 1435 394 1472 in
425 1434 480 1472 his
502 1433 674 1472 omnibus
692 1434 808 1484 agitur
826 1446 903 1473 non
922 1434 967 1474 de
990 1435 1206 1482 vulneratis,
1236 1435 1295 1474 sed

256 1487 300 1523 de
323 1486 386 1530 iis,
409 1486 537 1534 quibus
568 1487 710 1524 animus
739 1486 912 1535 linquitur
942 1502 953 1530 ;
985 1487 1024 1524 &
1043 1488 1137 1524 hanc
1160 1499 1294 1526 vocem

258 1548 379 1574 amare
401 1537 552 1574 Statium
574 1544 678 1574 notat
701 1536 818 1574 Barth.
840 1537 884 1575 ad
910 1537 943 1575 d.
964 1537 985 1575 l.
1007 1539 1045 1576 &
1068 1538 1229 1588 ejusdem
1250 1540 1294 1577 li-

256 1586 308 1624 bri
328 1586 385 1630 Jlss.
405 1588 488 1634 663.
517 1589 553 1624 ὃ(
583 1587 676 1625 alibi.
712 1599 823 1636 quare
852 1589 912 1626 hic
924 1589 1074 1637 succifh,
1102 1591 1291 1638 praefero,

257 1637 300 1673 ab
319 1638 392 1685 apri
423 1649 558 1686 nempe
579 1637 756 1676 dentibus.
784 1638 869 1677 vide
904 1639 949 1677 ad
976 1641 1138 1678 Petronii
1161 1653 1238 1691 cap.
1261 1653 1292 1680 1.

259 1687 298 1724 ὃ(
320 1688 375 1724 el.
399 1687 581 1726 Drakenb.
600 1688 645 1726 ad
665 1688 724 1726 Sil.
747 1689 823 1727 Ital.
848 1701 903 1727 tv.
928 1701 1009 1740 343.
1037 1691 1166 1730 Bam.

316 1738 397 1785 365.
424 1738 524 1775 Citra
553 1740 702 1788 Trojana
724 1739 913 1790 tempora.]
952 1742 1050 1779 Ante
1079 1743 1290 1792 Trojanum

257 1787 404 1826 bellum,
455 1795 615 1838 Tempora
639 1802 800 1839 namque
831 1791 989 1829 infelicia
1010 1792 1292 1845 calamitosaque

258 1837 336 1875 fere
355 1839 588 1887 accipiuntur.
614 1841 781 1878 Remus.
834 1841 949 1879 Recte
969 1844 1005 1880 &
1027 1845 1177 1883 erudite.
1206 1845 1293 1885 vide

260 1889 407 1926 Manut.
440 1889 484 1927 ad
517 1889 636 1928 Cicer.
660 1902 713 1928 1v.
741 1891 785 1928 ad
815 1891 942 1930 Famil.
972 1895 1005 1930 6.
1026 1895 1063 1932 ὅ(
1086 1897 1220 1935 Graev.
1247 1897 1293 1936 ad

260 1948 350 1976 orat.
370 1952 435 1988 pro
451 1941 558 1977 Arch.
581 1941 616 1977 6.
643 1941 689 1978 ita
713 1941 786 1990 sup.
816 1955 870 1981 1v.
898 1944 983 1992 692.
1015 1944 1129 1993 dignos
1150 1957 1295 1998 tempore

254 1989 360 2077 {ligus
381 1990 470 2077 digxit
490 1991 632 2029 Noster.
664 1991 766 2029 citra
790 2005 878 2031 vero
896 2006 962 2043 pro
985 2004 1067 2033 ante
1089 1998 1233 2048 usurpat
1254 2001 1293 2038 &

278 2052 288 2077 ι
318 2053 379 2078 .x.
429 2054 462 2087 4.

784 2095 953 2146 citraque
974 2098 1163 2145 juventam

313 2141 454 2179 Aetatis
475 2141 576 2180 breve
595 2158 656 2181 ver
669 2172 679 2189 ‚
708 2156 752 2185 (θ’
769 2146 896 2195 primos
912 2157 1041 2197 carpere
1052 2148 1167 2199 flores.

257 2203 355 2241 Male
386 2214 472 2252 ergo
500 2204 651 2259 quidam
681 2207 846 2251 codices,
878 2208 978 2247 circa.
1023 2210 1109 2249 Vid.
1131 2212 1176 2250 ad
1205 2214 1294 2263 Epi-

260 2254 332 2339 {ed
354 2256 388 2292 in
414 2255 568 2293 Drusum
598 2257 803 2305 50.Junian.
831 2260 968 2306 etiam,
987 2261 1137 2309 Trojano
1149 2266 1295 2304 moenia.

275 2317 518 2342 'URMANNUS⁸

310 2355 390 2402 368.
421 2357 643 2407 Despexitque
665 2358 730 2396 loco
744 2360 880 2411 tutus]
912 2362 1027 2411 Quod
1042 2364 1203 2405 Ovidius
1216 2369 1291 2407 hoc

260 2403 343 2441 loco
363 2406 405 2442 de
427 2407 577 2445 Nestore
597 2408 706 2455 dicit,
734 2411 770 2448 id
791 2412 848 2449 alii
864 2440 873 2456 ‚
900 2413 996 2452 inter
1017 2426 1108 2464 quos
1123 2418 1290 2458 &Com-

261 2457 616 2511 mentatorI-lorneri
637 2463 828 2509 antiquus,
857 2463 1049 2503 Thersitae
1077 2469 1289 2509 attribuunt.

264 2502 371 2556 illum
394 2516 490 2543 enim
506 2535 515 2550 ‚
536 2517 581 2563 ¹ut
603 2510 703 2559 Agrii
723 2512 836 2551 filium
852 2515 1050 2566 ,Meleagri
1071 2521 1288 2566 patruelem,

264 2553 619 2620 in-haq'v·enatione
657 2561 792 2601 affuifl‘e
821 2577 973 2616 quoque
1006 2569 1166 2610 tradunt.
1217 2573 1290 2613 Sed

262 2613 348 2657 quia
369 2615 517 2662 auorum
539 2611 694 2655 pericula
714 2614 751 2650 8<
767 2614 883 2654 clades
894 2617 1062 2665 videbat,
1091 2631 1194 2661 metu
1204 2636 1286 2672 per-

263 2661 428 2707 territum
448 2657 567 2694 reliffla
602 2659 751 2699 statione
777 2665 833 2702 sua
849 2694 859 2710 ‚
886 2667 1069 2709 inlocum
1096 2675 1283 2722 quendam

264 2711 403 2740 editum
438 2705 645 2753 confugisse.
699 2712 821 2758 Quare
850 2716 1080 2768 Meleagrum
1107 2725 1158 2762 ira
1180 2738 1286 2764 com·

264 2761 410 2809 motum
436 2781 444 2795 ‚
482 2756 702 2802 persecutum
735 2761 836 2800 illum
862 2765 950 2809 effe,
981 2779 1090 2820 atque
1121 2776 1169 2812 ita
1194 2778 1288 2816 inter

266 2803 480 2850 fugiendum
520 2806 726 2845 Thersiten]
755 2822 830 2849 crus
859 2815 1016 2864 fregisse:
1059 2824 1156 2862 unde
1187 2829 1225 2864 ὃς
1246 2828 1290 2866 ab

265 2853 439 2891 Homero
463 2855 607 2893 claudus
630 2858 742 2896 altero
763 2862 854 2909 pede
873 2864 1028 2915 fingitur.
1057 2872 1154 2912 Vide
1175 2877 1294 2916 Com·

266 2914 381 2942 ment.
412 2905 450 2941 Il.
473 2918 504 2943 2.
533 2907 706 2945 Micirt.

274 3005 280 3010 .
321 2956 574 3010 3⁴''0-,YJ71'11'⁵·]
605 2959 760 2997 Codices
780 2963 882 3001 multi
902 2993 912 3008 ,
932 2965 1037 3014 fixis,
1060 2981 1121 3010 aut
1135 2975 1283 3020 ‚striffc'is

263 3004 322 3043 red
345 3006 474 3043 acuille
495 3008 704 3053 hebetatos,
732 3011 867 3050 docent
896 3016 1099 3066 sequentia,
1140 3027 1224 3074 quia
1244 3008 1296 3065 re-⁵

267 3057 373 3093 centia
395 3071 495 3093 arma
516 3059 615 3096 dicit.
645 3060 771 3098 Senec.
800 3075 830 3103 1.
853 3063 897 3101 de
910 3066 1012 3106 Orat.
1030 3081 1058 3108 ι.

315 3126 482 3168 Spumant
503 3124 591 3171 apris
611 3138 691 3169 era,
722 3125 836 3163 dentes
859 3141 1034 3169 acuuntur
1053 3135 1194 3177 attritu.

268 3179 418 3218 Rutilius
440 3182 671 3222 itineranllb.
692 3198 718 3223 1.
741 3197 823 3234 257.
852 3187 896 3226 de
919 3190 1068 3232 Tauro:

316 3247 354 3275 (Ἰ
370 3244 452 3287 filnt
470 3247 603 3293 exctrffi's
617 3258 768 3298 pugnam
781 3252 957 3300 proludere
972 3255 1074 3303 glelis

348 3297 461 3340 ’ξ”ἶὲιῐε
483 3309 558 3334 cum
580 3300 684 3348 rigido
706 3315 830 3339 corma
844 3314 952 3354 fream
976 3308 1066 3346 scrir.

2221 1304 2392 1381 Impo-

1350 1434 1421 1473 Sed
1456 1433 1603 1480 nescio,
1633 1444 1679 1472 an
1707 1445 1785 1472 non
1812 1431 1896 1482 jure
1914 1423 2057 1472 Poetae
2093 1433 2292 1475 luxurianti
2329 1436 2393 1477 ob-

1345 1486 1411 1536 jici
1432 1484 1548 1535 poffet
1570 1514 1581 1531 ‚
1608 1485 1683 1523 hoc
1703 1485 1883 1534 longioris
1902 1496 2031 1523 morae
2053 1484 2124 1524 effe
2144 1515 2153 1532 ,
2190 1499 2314 1538 neque
2334 1501 2394 1529 va-

1352 1536 1442 1575 caffe
1473 1549 1586 1586 apro,
1612 1544 1670 1575 tot
1705 1535 2020 1576 circumstantibus
2060 1538 2321 1586 venatoribus,
2353 1541 2391 1580 in

1349 1588 1476 1626 arbore
1498 1600 1630 1626 acuere
1649 1588 1789 1626 dentes.
1817 1588 1855 1625 in
1875 1600 1996 1625 acerno
2017 1589 2130 1628 etiam
2165 1590 2338 1629 Gronov.
2356 1591 2393 1630 in

1347 1652 1491 1689 quercus
1511 1652 1605 1678 unus
1627 1639 1734 1677 Leid.
1760 1639 1928 1689 sequenti
1950 1639 2056 1678 versu
2082 1653 2148 1690 pro
2171 1640 2287 1690 fidens
2304 1654 2397 1682 unus
2416 1655 2421 1664 ’

1348 1690 1493 1728 Heinfii
1524 1692 1710 1740 eleganter
1735 1719 1746 1736 ,
1780 1690 1962 1738 frendens.
2007 1689 2056 1729 fic
2079 1704 2109 1731 1.
2133 1692 2214 1730 Art.
2235 1693 2295 1739 46.
2329 1692 2398 1733 scit
2475 1695 2481 1739 j

1348 1740 1429 1779 bene
1450 1755 1520 1793 qua
1530 1742 1696 1788 frendens
1714 1741 1811 1779 valle
1828 1751 1982 1780 moretur
2002 1751 2094 1792 aper.
2146 1743 2279 1782 Bunm.
2478 1734 2481 1768 ἶ

1402 1804 1485 1841 371.
1515 1792 1682 1843 Orithyae
1718 1793 1885 1843 magni.]
1939 1791 2102 1831 orichiae
2140 1795 2178 1833 in
2203 1794 2402 1836 nonnullis:
2478 1803 2480 1810 '

1349 1844 1553 1889 planudes,
1582 1845 1735 1894 Orityae.
1764 1846 2024 1884 Nauofimus.
2061 1844 2230 1895 Orithyae
2248 1846 2396 1896 quidam
2476 1850 2481 1895 l

1348 1895 1501 1945 legunt,
1525 1895 1585 1933 sed
1607 1904 1753 1941 errant,
1780 1908 1867 1934 nam
1899 1897 2005 1934 tertia
2041 1895 2172 1946 syllaba
2202 1898 2263 1935 hic
2281 1898 2398 1938 brevis
2475 1897 2479 1949 ξ

1350 1946 1423 1992 est,
1453 1947 1605 1996 quaein
1624 1947 1837 1985 foeminino
1848 1947 2083 1996 diphthongo
2093 1947 2203 1996 longa
2215 1949 2279 1993 est,
2294 1960 2398 1987 nem·
2475 1951 2479 2004 ᾗ

1349 2009 1396 2046 pe
1418 1998 1456 2035 in
1477 1997 1618 2036 Boreae
1641 2010 1781 2044 uxore,
1808 2006 1850 2037 ut
1873 1997 1919 2036 ad
1941 1997 2055 2035 finem
2077 1997 2158 2036 libri
2177 1998 2267 2037 sexti
2288 2000 2413 2044 haber¹
2473 2007 2477 2051 ‚³

1349 2055 1420 2086 tur.
1449 2049 1659 2087 GLAREAN.
1713 2050 1836 2087 Etiam
1857 2050 1918 2086 hic
1928 2048 2046 2086 versus
2067 2057 2216 2088 notatur
2239 2048 2261 2087 a
2277 2062 2397 2100 gram·
2417 2097 2427 2100 ·

1350 2100 1505 2138 maricis.
1559 2100 1659 2138 Nam
1677 2112 1820 2138 nomen
1843 2098 2032 2149 orithyae,
2060 2099 2259 2138 secundam
2275 2103 2400 2140 &ter·-
2420 2148 2432 2154 .,
2472 2055 2478 2143 l

1348 2151 1437 2188 tiam
1456 2151 1584 2201 longas
1603 2151 1713 2189 habet
1726 2180 1737 2196 ,
1764 2151 1950 2201 inquiunt.
1980 2150 2153 2189 Scribitur
2171 2152 2270 2189 enim
2283 2152 2398 2191 Grae-

1350 2200 1392 2239 ce
1404 2197 1622 2248 O’psaeviox,
1649 2203 1752 2252 cujus
1784 2203 1836 2240 rei
1863 2202 2141 2250 exemplum&
2161 2201 2265 2252 supra
2285 2203 2396 2243 exstat

1351 2253 1443 2291 circa
1461 2253 1576 2292 finem
1595 2254 1676 2292 libri
1691 2253 1781 2292 sexti
1812 2253 1858 2292 de
1882 2254 2066 2303 Orithya,
2097 2263 2213 2292 uxore
2243 2254 2392 2294 Boreae.

1351 2305 1476 2353 Quare
1494 2306 1606 2343 etiam
1625 2304 1721 2350 sunt,
1741 2305 1806 2355 qui
1829 2303 1991 2341 orithiae
2004 2316 2067 2353 per
2087 2303 2099 2341 i
2129 2303 2303 2354 fimplex,
2319 2305 2393 2345 five

1350 2355 1547 2399 Latinum,
1570 2356 1768 2406 utrobique
1786 2355 1948 2394 scribant.
1977 2356 2060 2405 Ego
2082 2355 2190 2402 vero,
2212 2364 2253 2394 ut
2272 2368 2396 2408 neque

1345 2407 1505 2455 priorem
1531 2407 1735 2445 lectionem
1754 2406 1905 2445 asserere
1926 2407 2039 2445 velim
2054 2407 2125 2451 ‚ita
2140 2419 2264 2456 neque
2273 2409 2413 2447 habeo·-

1345 2469 1421 2505 quo
1446 2458 1684 2507 posteriorem
1703 2459 1799 2496 hanc
1818 2458 1997 2508 probem:
2026 2457 2126 2496 unde
2154 2459 2255 2496 enim
2279 2459 2391 2498 dedu-

1348 2507 1449 2547 ‹stum
1479 2509 1648 2559 Orithyae
1675 2522 1819 2548 nomen
1848 2509 2033 2555 dicamus,
2071 2517 2134 2547 aut
2162 2520 2275 2559 quam
2299 2510 2389 2561 Ety-

1347 2560 1551 2609 mologiam
1575 2559 1737 2599 habere?
1757 2559 1846 2599 illud
1875 2568 2001 2598 autem
2030 2559 2179 2599 interim
2197 2560 2415 2608 succurrit,2·

1345 2610 1503 2658 potuiffe
1526 2612 1636 2650 verba
1655 2612 1844 2660 transponi
1876 2611 2107 2651 librariorum
2123 2639 2135 2656 ‚
2155 2618 2196 2649 ut
2221 2610 2388 2661 saepefit.

1340 2661 1501 2707 incuria,
1530 2662 1683 2712 fierique
1696 2662 1866 2712 Orithyae
1882 2662 2003 2712 magni
2020 2663 2091 2700 ὅτε.
2120 2673 2165 2698 ex
2184 2663 2304 2712 magni
2313 2662 2389 2701 ori-

1343 2711 1469 2762 thyae,
1498 2721 1560 2751 aut
1580 2714 1690 2751 etiam
1707 2741 1718 2758 ‚
1739 2725 1785 2751 ex
1821 2713 1922 2759 rostro
1934 2712 2103 2761 orithyae
2123 2713 2253 2761 magni.
2289 2715 2383 2752 Nam

1346 2763 1515 2813 Orithyas
1543 2764 1710 2802 intercisa
1737 2764 1972 2813 diphthongo
1994 2792 2005 2809 ‚
2046 2764 2084 2801 ὃ(
2113 2764 2314 2812 penultima
2341 2763 2388 2804 ad
2462 2763 2466 2798 l

1346 2825 1493 2852 morem
1518 2814 1718 2864 Thyoneus,
1746 2823 1933 2864 correpta,
1962 2826 2095 2853 vereor
2117 2823 2157 2853 ut
2175 2814 2388 2853 satisdefen-
2460 2801 2466 2852 l

1348 2864 1384 2902 di
1405 2866 1523 2914 poffit.
1551 2865 1738 2915 Significat
1749 2874 1874 2904 autem
1901 2865 2099 2912 O‘psreoiag
2118 2877 2220 2910 eum,
2268 2866 2304 2904 ui
2323 2877 2388 2915 per

1349 2924 1497 2954 montes
1529 2917 1672 2955 festinat
1701 2925 1813 2966 atque
1845 2918 2028 2965 impetum
2050 2918 2158 2962 facit,
2184 2917 2227 2954 ab
2250 2918 2321 2961 ’ρος
2345 2918 2386 2953 δε

1351 2966 1410 3002 θύω
1425 2994 1434 3009 ,
1463 2968 1695 3018 primamque
1717 2967 1883 3005 extendit
1902 2969 1941 3005 in
1969 2968 2045 3005 hoc
2062 2969 2239 3011 nomine,
2267 2966 2386 3015 perin-

1349 3015 1395 3054 de
1415 3019 1511 3056 utin
1537 3019 1666 3064 Orion,
1694 3020 1732 3056 ὃς
1754 3018 1940 3057 fimilibus.
1967 3019 2191 3058 chrtrus.
2218 3016 2385 3065 Quidam

1349 3067 1407 3104 alii
1428 3069 1589 3119 vulgati,
1618 3068 1790 3106 orichiao.
1858 3069 1900 3106 In
1928 3082 2006 3107 uno
2035 3082 2122 3107 meo
2161 3070 2199 3106 &
2226 3076 2389 3118 utroque

1351 3116 1481 3157 Maffei
1503 3148 1512 3164 ,
1543 3120 1732 3158 orthiada.
1768 3120 1983 3159 CroFANus.
2033 3119 2260 3158 Vetustiores
2281 3119 2386 3167 pleri·

1351 3178 1445 3213 que,
1469 3170 1650 3216 Orithiae,
1678 3170 1762 3214 vel,
1790 3171 1944 3216 Oritiae,
1971 3171 2214 3214 ve1‚oriciae.
2244 3169 2388 3206 Orchia-
2456 3164 2460 3232 ξ

1353 3217 1416 3252 dae
1434 3219 1583 3259 Thuan.
1608 3223 1676 3260 sec.
1705 3221 1778 3259 Pal.
1807 3222 2012 3259 Othriadae.
2041 3231 2080 3258 ut
2104 3249 2114 3264 ,
2143 3220 2318 3258 pantheus
2340 3226 2386 3256 0-
2455 3237 2458 3264 l

1348 3266 1502 3305 thriaacs
1524 3272 1680 3321 Virgilio
1701 3273 1760 3310 ub.
1781 3285 1824 3310 11.
1847 3273 1931 3321 318.
1960 3272 2145 3308 orithidae
2171 3273 2278 3321 prim.
2297 3272 2385 3309 Mo·
2455 3265 2458 3319 ῐ

1348 3319 1411 3355 reti
1441 3319 1573 3372 aliique
1615 3323 1797 3362 nonnulli.
1832 3323 1939 3372 prim,
1972 3323 2178 3373 Hamburg.
2207 3321 2383 3410 Ortigdae.
2454 3322 2457 3376 ξ

2322 3382 2385 3421 ³¹1⁹.
2454 3388 2455 3424 l
