2483 3616
0 3145 9 3192 't

4 3195 9 3217 ,4

2 3218 9 3248 l

5 3327 12 3388 5¹.

324 163 1555 231 METAMORPHOSEON
1625 146 1771 221 Lm.
1823 168 1997 227 xm.
2105 185 2204 244 911

60 290 169 352 fitis
191 288 359 335 aedibus
377 289 504 348 finire
517 286 703 347 poffl’nt,
733 283 881 330 multis
902 283 1133 345 regionibus
1156 287 1377 347 transitis,
1411 282 1690 332 Ambraciam
1714 280 1899 343 adeunt,
1934 284 1951 313 ‘³
1982 291 2011 335 ὰ
2034 291 2115 336 diis
2128 302 2208 349 per

72 363 283 400 certamen
318 356 501 413 petitam
524 366 541 396 .·
584 351 630 394 in
672 363 799 410 quam
829 353 846 373 ⁶
879 348 1106 395 Ambracii
1135 351 1357 411 imaginem
1396 352 1441 395 in
1470 355 1629 411 saxum
1673 344 1923 406 conspiciunt
1950 354 2203 413 figuratum⁶

77 419 195 462 Hinc
227 419 273 462 in
306 417 566 471 Chaoniam,
611 411 622 437 ¹
656 415 700 459 in
733 413 816 476 qud
849 415 1062 459 oraculum
1086 414 1246 474 Jovis‚
1284 418 1302 447 ⁸
1333 414 1466 459 delati
1487 411 1722 472 adspiciunt
1743 410 2034 476 Moloffiregis
2047 420 2162 477 filios
2184 435 2201 464 s

73 477 96 506 θ’
129 482 202 546 qui
232 497 281 525 ne
302 481 484 534 flamma
517 476 848 537 consumerentur
869 510 886 536 ‚
929 479 1234 525 immortalium
1264 480 1431 524 numine
1449 476 1625 538 fabium
1657 476 1739 538 est,
1775 487 1825 525 ut
1854 481 1905 526 in
1924 482 2073 528 avium
2085 482 2205 543 figuwl

74 559 150 590 ras
185 551 192 569 ¹
212 552 615 590 transmutarentur.

226 785 329 836 700
368 765 750 906 HARenus
778 767 999 841 antiquo
1030 767 1181 839 signis
1206 764 1529 838 fulgentibus
1553 785 1674 823 aere

280 907 283 910 Ι
525 839 771 894 Summus
796 842 1035 894 inaurato
1062 851 1233 894 crater
1260 853 1370 894 erat
1396 839 1542 911 asper
1569 839 1812 896 acantho,

367 915 486 969 Nec
512 913 709 967 leviora
738 911 872 965 datis
896 912 1120 981 Trojani
1149 911 1290 965 dona
1315 912 1622 967 remittunt:

364 987 620 1059 Dantque
644 983 935 1048 sacerdoti,
969 983 1244 1039 custodem
1270 984 1430 1050 turiS,
1471 1002 1737 1051 acerram3

77 1212 254 1266 siquorum
282 1212 390 1251 turba
421 1225 488 1250 non
518 1210 621 1248 habet
646 1209 867 1260 exemplum,
896 1223 961 1259 quo
979 1207 1119 1259 probesj

79 1266 122 1302 ’τῦ
142 1266 282 1314 κτίζειν
302 1265 363 1301 hoc
391 1264 430 1300 in
449 1263 516 1300 loco
534 1262 627 1311 satis
638 1262 772 1311 sanum
792 1273 835 1301 (9·
854 1262 1025 1309 integrum
1052 1260 1121 1308 effe.

78 1316 139 1354 Ne
167 1318 246 1365 quis
276 1315 372 1353 dicat
400 1314 512 1352 nimis
539 1314 614 1350 hoc
645 1312 815 1356 Φορτικὸν
838 1310 932 1355 effe,
971 1311 1121 1349 credere

82 1377 213 1405 omnes
247 1366 379 1403 debent
418 1364 521 1402 illum
554 1362 678 1412 legisse
706 1364 868 1400 Graecos
903 1370 1043 1400 veteres
1078 1373 1122 1399 o-

81 1428 199 1455 mnes.
225 1416 285 1454 sed
307 1415 432 1454 falsum
452 1416 526 1453 hoc
545 1413 616 1452 effe
628 1414 850 1468 cqnvincam
864 1413 975 1451 illico.
1004 1412 1123 1461 Hesy—

81 1467 183 1506 chius
201 1468 238 1505 in
259 1466 510 1512 Βουκέφαλος,
539 1461 621 1512 ΑΦ’
640 1467 676 1501 οὑ
700 1464 805 1500 πόλιν
826 1465 862 1499 ἐν
880 1463 986 1505 Ινδοῖς
999 1464 1123 1499 κτίσαι

79 1519 237 1562 λέγεται
265 1517 543 1563 Βουκεφάλειιιν.
571 1517 607 1553 in
638 1528 680 1554 ea
702 1514 817 1564 phrasi
832 1513 1121 1552 subaudiendum

80 1567 151 1606 effe
164 1569 416 1614 ὀνομαζομένην
428 1596 438 1613 ,
467 1567 525 1605 vel
537 1565 653 1604 simile
665 1566 755 1615 quid
768 1594 779 1610 ‚
792 1565 910 1614 palam
924 1564 973 1602 est
985 1576 1030 1602 ex
1043 1565 1124 1612 Ap-

75 1620 178 1668 piani
188 1620 315 1657 verbis.
329 1619 386 1657 Ad
396 1618 554 1656 eundem
566 1616 673 1665 plane
687 1616 843 1654 modum
857 1616 992 1653 Latine
1003 1614 1122 1653 Festus

78 1664 270 1707 in'RoMA.
295 1673 335 1706 A
355 1682 439 1720 qua,
460 1678 501 1704 ut
522 1667 629 1704 ltalia
641 1666 691 1715 sit
707 1667 850 1714 potitus,
868 1666 986 1703 urbem
1007 1665 1124 1702 condi-

79 1719 169 1757 derit
197 1731 268 1760 σε.
295 1721 397 1769 plura
427 1719 513 1758 vide
546 1717 584 1756 in
614 1718 711 1755 notis
731 1717 776 1756 ad
796 1717 938 1766 Hygin.
956 1716 1123 1765 Mythol.

82 1781 159 1818 cap.
182 1770 215 1809 8.
242 1772 464 1808 Muncxfin.
873 1816 881 1823 ⁸

130 1819 148 1847 f
172 1827 211 1857 In
236 1836 301 1870 quo
329 1818 545 1869 oraculum]
575 1825 616 1856 In
636 1830 706 1868 qua
725 1824 767 1856 O.
788 1817 897 1863 Jovzs
918 1817 1121 1862 Dodonaei„

26 1889 32 1896 ·
79 1869 194 1928 ibique
211 1871 405 1920 adspiciunt
434 1872 594 1910 Raener.
623 1875 664 1906 In
683 1882 791 1919 quam
802 1867 841 1905 ob
860 1867 1037 1905 oraculum
1050 1869 1120 1914 Jo-

83 1934 142 1958 vts
161 1918 268 1958 delati
291 1921 435 1971 Micyll.

134 1978 154 2005 e
181 1971 338 2020 Βάαλ]
367 1971 464 2008 Elati
483 1972 601 2010 Parm.
618 1969 740 2019 Lugd.

134 2019 156 2046 ¹¹
183 2022 255 2067 Qi
283 2022 361 2071 ne]
400 2022 474 2069 Qu*
505 2021 579 2070 fine
611 2020 764 2071 flamma
782 2021 868 2057 dum
891 2021 977 2070 cons:
1003 2020 1126 2058 Parm-

87 2069 210 2157 bugd.
243 2071 369 2167 hsficyL
399 2073 465 2120 qui
498 2073 534 2110 in
564 2083 675 2120 marg.
708 2071 768 2122 qui
786 2071 943 2121 subjeffia
968 2070 1125 2122 flamma

114 2133 174 2156 um
195 2132 253 2156 con
271 2150 281 2158 .

137 2168 147 2197 i
176 2170 542 2220 Transm'utarentur]
572 2178 802 2210 Mutarentur
821 2173 978 2210 Raener.

137 2230 224 2266 700.
259 2223 431 2258 Hac‘ienus
469 2221 613 2270 antiquo
642 2222 983 2272 fignis'fulgentibus
1007 2222 1123 2272 aere.]

86 2269 197 2319 Signis
225 2271 436 2318 exstantibus
468 2270 543 2308 duo
566 2271 776 2311 Bafileenses
799 2275 837 2311 &
859 2285 951 2312 unus
971 2273 1128 2311 Moreti.

85 2322 284 2371 quomodo
306 2322 406 2370 supra
423 2321 515 2359 libro
535 2334 607 2359 xix.
635 2334 721 2372 235.

85 2415 88 2418 q
138 2378 238 2409 Forte
249 2372 325 2418 fuit
342 2374 449 2421 juxta
460 2370 567 2420 fignis
587 2372 797 2419 exstantibus
811 2374 904 2422 asper

137 2428 175 2459 A
180 2423 324 2472 ntiquus
344 2433 464 2459 crater.
487 2422 548 2459 ubi
560 2422 693 2471 aliquid
705 2422 875 2460 diximus.
884 2423 988 2470 asper,
1001 2423 1130 2461 videli-

89 2481 147 2512 cet
167 2475 315 2522 propter
346 2472 444 2521 figna
471 2472 656 2510 exstantia.
683 2471 731 2509 fic
748 2473 841 2521 asper
859 2486 1026 2509 nummus
1047 2474 1131 2510 Per-

88 2524 142 2563 fio
174 2523 244 2561 Sat.
265 2536 328 2561 111.
349 2535 407 2568 70.
435 2530 601 2560 recenter
628 2521 752 2566 cusus‚
789 2522 958 2559 nondum
981 2524 1132 2561 attritus.

86 2573 190 2622 Qid
217 2574 310 2623 asper
339 2574 424 2611 utile
442 2586 607 2610 nummus
625 2572 727 2609 habet
746 2581 762 2610 ἓ
791 2572 956 2610 Paulinus
979 2573 1024 2609 de
1044 2573 1132 2610 Vita

86 2624 131 2670 B.
168 2625 318 2662 Martini
360 2625 453 2662 libro
494 2635 558 2662 111.
606 2622 670 2661 ubi
709 2623 928 2661 convivium
968 2622 1133 2661 describit

24 2719 28 2726 .
86 2675 246 2727 Maximi
265 2676 412 2723 tyranni
426 2690 436 2717 ;

138 2731 212 2763 Ars
224 2727 362 2774 superat
377 2725 528 2774 pretium
542 2751 553 2768 ,
575 2722 682 2774 pretio
692 2721 862 2773 pretiosior
880 2737 938 2760 ars
951 2722 1004 2769 est.

140 2782 232 2813 Haec
251 2775 395 2812 radiant
410 2775 578 2824 gemmis,
605 2774 686 2811 haec
695 2774 843 2820 exstant,
870 2774 1013 2822 vascula
1029 2772 1134 2823 signis

89 2870 91 2872 q
142 2829 273 2874 Aspera
284 2828 369 2872 sunt
389 2826 562 2877 quaedam
585 2825 664 2872 visu
677 2853 686 2868 ‚
707 2825 769 2872 sed
789 2825 907 2861 laevia
929 2827 1042 2874 taciu.

91 2877 142 2916 ita
168 2876 369 2913 scribendus
400 2878 429 2913 is
455 2877 568 2913 locus.
593 2887 680 2913 nam
704 2877 740 2912 in
766 2875 907 2912 vetusto
928 2875 1058 2912 codice
1079 2875 1131 2911 le-

87 2928 240 2977 gebatur
253 2954 262 2969 ,
290 2929 364 2962 Ars
384 2935 458 2962 erat
470 2926 507 2962 in
514 2926 634 2974 pretio,
649 2927 800 2974 pretium
807 2923 977 2974 pretiosior
986 2936 1061 2960 arte
1073 2925 1127 2968 est.

89 2978 191 3022 ⁴unde
210 2978 352 3023 Juretus
374 2988 382 3012 ε
412 2981 484 3011 Ars
499 2986 572 3012 erat
592 2976 630 3011 in
644 2977 764 3024 pretio.-
786 2977 937 3025 pretium
953 2974 1129 3024 pretiofius

87 3038 171 3072 ,arte
188 3026 241 3074 est.
270 3038 345 3063 non
367 3025 462 3062 male
476 3052 486 3068 ,
509 3026 566 3063 sed
578 3037 765 3073 perperam
779 3027 877 3064 idem
891 3039 956 3075 pro
970 3025 1052 3062 haec
1069 3040 1129 3063 ex-

91 3077 186 3125 stant
226 3075 370 3125 vascula
396 3074 500 3122 signis
520 3102 532 3123 ‚
577 3076 795 3123 conjiciebat
816 3105 826 3120 ,
871 3077 954 3114 haec
984 3086 1129 3114 certant.

64 3165 66 3168 ,
91 3128 242 3166 fimas.
271 3125 488 3174 Fulgentibus
506 3137 589 3161 auro
607 3134 764 3173 quatuor
783 3126 912 3173 scripti.

92 3175 93 3179 ¹
150 3189 233 3222 701.
260 3183 422 3213 Summus
436 3179 597 3212 inaurato
618 3185 727 3211 crater
747 3184 820 3210 erat
836 3177 928 3222 asper
938 3177 1135 3226 Acantho]

100 3226 312 3270 Acanthus,
342 3226 386 3264 de
414 3238 491 3275 quo
519 3225 614 3273 apud
645 3227 772 3271 po'e'tas
799 3224 917 3261 sermo
948 3221 1021 3270 est,

1048 3228 1138 3276 quid
1195 3228 1310 3264 oculis
1347 3223 1483 3263 vidisse.

2068 1057 2214 1113 Dant

1175 1208 1353 1258 dignitate
1371 1209 1665 1248 animadversum
1686 1209 1746 1249 est.
1771 1209 1932 1258 Joannes
1947 1209 2064 1247 Maria
2074 1208 2220 1256 Jovius,'

1153 1266 1163 1273 ’·
1177 1260 1351 1304 Camers,
1379 1261 1433 1297 vir
1454 1261 1492 1297 &
1513 1261 1718 1309 ingeniosus
1736 1289 1746 1305 ‚
1775 1262 1812 1298 ὃ(
1838 1262 2061 1309 optimarum
2083 1260 2218 1297 artium

1175 1310 1296 1348 studiis
1326 1310 1510 1355 eruditus,
1538 1312 1750 1349 Acanthum
1767 1340 1778 1356 ,
1805 1324 1882 1362 quo
1909 1312 1956 1348 de
1981 1313 2120 1359 agitur,
2147 1307 2220 1346 effe

1176 1362 1250 1405 ait,
1278 1372 1391 1410 quem
1425 1362 1622 1400 Smilacem
1655 1362 1813 1411 asperam
1845 1361 2079 1400 Dioscorides
2098 1367 2220 1397 vocat.

1176 1412 1313 1450 Plinius
1342 1423 1420 1460 cap.
1449 1414 1487 1450 δε
1517 1413 1694 1450 lib,xx11.
1721 1413 1881 1451 Acanthi
1912 1411 2221 1459 descriptionem,

1177 1472 1218 1500 ut
1248 1474 1339 1499 mox
1369 1462 1583 1506 ostendam,
1612 1475 1781 1502 mancam
1811 1465 1849 1500 &
1875 1464 2029 1500 alienam
2050 1461 2219 1509 scriptam

1176 1513 1335 1563 reliquit.
1390 1513 1505 1563 Cujus
1534 1516 1625 1551 haec
1653 1514 1766 1552 suntt
1803 1513 1985 1550 Acanthos
2005 1511 2219 1563 est.topiaria

1178 1575 1221 1603 <9⁶
1251 1564 1387 1601 urbana
1419 1563 1548 1609 herba,
1583 1564 1674 1600 elato
1704 1565 1864 1614 longoque
1886 1563 1997 1610 folio,
2036 1561 2222 1610 crepidines

1177 1615 1400 1664 marginum,
1427 1615 1672 1664 assurgentium
1699 1615 1926 1663 pulvinorum
1952 1624 2042 1650 toros
2070 1612 2224 1658 vestiens.

1176 1670 1256 1701 Duo
1265 1678 1388 1714 genera
1407 1665 1478 1714 ejus
1483 1667 1593 1712 sunt,
1621 1665 1871 1705 aculeatum&
1883 1663 2040 1713 crispum,
2052 1663 2141 1713 quod
2150 1662 2226 1698 bre-

1176 1715 1269 1752 vius.
1296 1716 1446 1753 alterum
1463 1715 1544 1753 lene.
1564 1715 1655 1765 quod
1673 1716 1785 1764 aliqui
1804 1714 1987 1763 Paederosa
2004 1722 2141 1750 vocant.
2159 1711 2226 1749 alii

1174 1766 1479 1816 Melamphyllum.
1491 1766 1633 1803 Servius
1645 1766 1688 1805 ad
1701 1767 1850 1814 Virg.11.
1861 1763 2164 1813 Georgicsbsim.
2175 1763 2226 1799 ita

1174 1817 1292 1854 scribit
1306 1830 1314 1854 t
1334 1816 1522 1854 Acanthus
1531 1816 1633 1852 arbor
1641 1817 1684 1863 ost
1695 1817 1732 1853 in
1743 1821 1907 1866 Aegypta,
1915 1814 2225 1862 [εφφαρενῙνονιιίειαςΒ

1174 1878 1214 1903 ut
1222 1868 1322 1903 oliva
1333 1895 1343 1912 ,
1372 1868 1503 1904 laurus.
1516 1867 1698 1903 Acanthos
1708 1867 1802 1904 diota
1815 1895 1825 1912 ,
1854 1866 1935 1916 quia
1940 1864 2047 1914 spinis
2056 1864 2158 1912 plena
2170 1863 2226 1910 est.

1174 1917 1349 1955 Abundat
1359 1917 1423 1954 hac
1434 1917 1543 1954 etiam
1554 1918 1697 1954 Circina
1706 1917 1832 1966 insula.
1851 1918 1954 1954 Idem
1965 1915 2010 1953 ad
2023 1915 2152 1952 Ecl.1v.
2163 1926 2227 1951 200·

1173 1968 1363 2005 Acanthus
1383 1968 1426 2016 est
1434 1967 1539 2004 herba
1551 1995 1561 2012 ‚
1581 1981 1669 2017 quae
1679 1969 1717 2004 in
1727 1973 1877 2017 Aegypto
1889 1966 2054 2015 naftitur.
2069 1965 2168 2002 Idem
2180 1965 2227 2002 ad

1180 2031 1209 2062 1.
1222 2018 1473 2066 Aeneid.649.
1489 2018 1677 2055 Acanthus
1698 2019 1741 2065 esi
1757 2031 1860 2066 genus
1869 2016 2016 2065 virgulti
2019 2015 2225 2064 flexuosum.

1182 2069 1299 2107 Idem:
1313 2069 1356 2107 ad
1371 2069 1575 2117 Ecl,111.45.
1598 2074 1712 2105 Genus
1725 2068 1869 2119 estfloris
1882 2096 1891 2110 ‚
1904 2067 2059 2116 quiante
2073 2066 2227 2108 dixerat,

1181 2119 1276 2156 lenta
1308 2120 1406 2157 vitis.
1460 2120 1515 2157 Ex
1548 2132 1624 2169 quo
1652 2129 1820 2167 apparet,
1859 2118 2026 2155 Servium
2059 2116 2119 2153 fibi
2147 2127 2227 2152 non

1183 2170 1358 2209 constare.
1410 2170 1561 2207 Etenim
1584 2170 1695 2206 semel
1715 2170 1826 2212 dicit,
1857 2168 2066 2204 Acanthum
2083 2165 2152 2202 effe
2172 2177 2229 2202 ar-

1180 2221 1309 2261 borem
1323 2250 1333 2266 ,
1363 2220 1495 2259 deinde
1517 2221 1667 2258 herbam
1688 2248 1696 2263 ‚
1725 2219 1838 2256 rursus
1865 2229 1978 2266 genus
1999 2216 2144 2264 virgulti
2164 2215 2231 2252 fle·
2254 2249 2260 2257 ,

1182 2272 1338 2310 xuosum
1363 2300 1374 2316 ‚
1410 2270 1542 2321 quarto
1565 2299 1575 2314 ‚
1614 2282 1729 2318 genus
1760 2270 1870 2306 floris.
1926 2269 1966 2305 ln
1998 2267 2105 2304 Plinii
2137 2266 2228 2311 illis,

1183 2334 1278 2370 quae
1306 2324 1440 2367 citavi,
1469 2322 1609 2365 verbis,
1637 2321 1711 2358 duo
1744 2321 1935 2368 praecipua
1953 2317 2056 2361 sunt,
2083 2315 2229 2354 nisime

1183 2373 1327 2410 animus
1348 2373 1462 2415 fallit,
1491 2384 1585 2420 quae
1609 2371 1652 2409 ad
1673 2382 1797 2408 veram
1817 2368 2092 2418 perfectamque
2106 2367 2231 2414 Acan-

1184 2423 1238 2459 thi
1260 2423 1544 2470 descriptionem
1567 2421 1823 2459 desiderantur.
1850 2420 2020 2457 Alterum
2037 2445 2047 2461 ,
2071 2416 2154 2454 cum
2166 2419 2230 2462 ait,

1189 2474 1398 2510 Acanthum
1431 2471 1502 2509 effe
1528 2472 1676 2509 herbam
1698 2484 1706 2508 ε
1733 2471 1884 2509 alterum
1915 2468 2005 2507 vero
2022 2497 2031 2513 ‚
2058 2467 2162 2517 quod
2181 2467 2229 2505 de

1188 2523 1306 2560 fructu
1338 2535 1384 2560 ne
1405 2522 1557 2560 verbum
1577 2522 1726 2571 quidem
1750 2522 1850 2559 fecit.
1904 2520 2035 2557 Cetera
2051 2547 2061 2562 ,
2090 2518 2231 2566 utopi-

1187 2584 1279 2617 nor,
1305 2572 1402 2611 scite.
1455 2574 1551 2611 Puto
1572 2585 1643 2622 ego
1663 2573 1876 2610 Acanthum
1903 2571 2025 2619 potius
2044 2571 2136 2607 inter
2155 2569 2232 2606 fru-

1188 2623 1277 2660 tices
1299 2651 1310 2668 ‚
1347 2622 1462 2673 quam
1492 2624 1585 2660 inter
1614 2624 1764 2665 herbas,
1802 2623 1927 2660 locum
1959 2619 2058 2670 posse
2086 2619 2230 2657 habere.

1190 2673 1356 2712 Nascitur
1378 2675 1415 2711 in
1435 2674 1524 2711 locis
1543 2674 1691 2722 apricis,
1719 2673 1956 2715 vel'urbanis,
1985 2671 2045 2709 vel
2066 2669 2231 2707 silvestri-

1188 2723 1278 2769 bus,
1307 2726 1346 2762 &
1375 2724 1492 2761 arbori
1521 2726 1746 2773 parietique,
1774 2732 1814 2761 ut
1835 2724 1912 2760 fere
1939 2721 2070 2764 edera,
2097 2720 2232 2758 adhae-

1185 2785 1253 2812 ret:
1279 2775 1462 2823 habetque
1492 2774 1578 2813 folia
1610 2776 1716 2812 instar
1739 2774 1895 2817 ederae,
1922 2772 1981 2810 sed
2003 2771 2229 2820 angustiora;

1186 2825 1332 2863 aculeos
1359 2825 1419 2862 vel
1438 2825 1554 2873 spinas
1576 2826 1612 2862 in
1633 2834 1764 2863 trunco
1785 2823 1861 2862 five
1882 2823 2047 2865 calamo;
2077 2832 2230 2868 capreo-

1184 2875 1238 2912 los
1253 2904 1263 2918 ,
1290 2885 1330 2913 ut
1354 2877 1444 2912 vites
1458 2889 1467 2917 ;
1506 2875 1612 2913 flores
1636 2875 1831 2919 candidos,
1853 2886 1968 2922 paene
1979 2880 2016 2910 ut
2028 2872 2226 2919 ligustrum:

1184 2926 1344 2972 fructum
1383 2936 1556 2963 croceum
1599 2927 1825 2975 rutilumque
1849 2952 1859 2967 ,
1903 2924 1965 2972 qui
2005 2924 2040 2958 in
2080 2930 2228 2956 racemo

1184 2978 1404 3014 continetur.
1458 2976 1499 3013 In
1522 2977 1599 3024 ejus
1620 2977 1736 3013 baccis
1759 2973 1914 3023 parvulis
1943 2982 2036 3007 unus
2057 2969 2228 3012 nucleus,

1183 3028 1221 3064 in
1246 3026 1497 3065 mediocribus
1519 3027 1618 3069 bini,
1646 3028 1682 3063 in
1702 3023 1952 3071 grandioribus
1975 3019 2020 3057 ad
2042 3019 2230 3056 summum

1184 3079 1279 3114 terni
1307 3079 1564 3125 reperiuntur;
1606 3077 1668 3123 qui
1697 3076 1774 3112 satis
1793 3074 1871 3111 duri
1892 3073 1993 3113 sunt,
2020 3069 2230 3116 habentque

1189 3128 1306 3165 hilum
1338 3130 1414 3165 fere
1443 3136 1481 3163 ut
1510 3127 1589 3163 faba
1625 3127 1740 3162 aliave
1772 3124 1968 3171 legumina.
2020 3118 2091 3156 Sed
2124 3126 2230 3167 roget

1194 3179 1301 3226 quis,
1327 3179 1419 3214 haec
1448 3176 1545 3213 unde
1570 3174 1745 3223 colligis?
1774 3172 2018 3220 Responde0‚
2046 3180 2107 3206 me
2135 3169 2231 3207 hisce

1538 3225 1634 3261 Nam
1670 3225 1796 3270 Jovius
1828 3222 1945 3258 Idibus
1974 3219 2158 3267 Septemb.
2185 3219 2232 3258 ad

104 3276 171 3323 sit,
203 3275 223 3313 a
250 3277 424 3323 nemine,
458 3276 562 3326 quod
588 3275 722 3321 sciam,
749 3286 864 3325 usque
892 3276 964 3314 huc
994 3288 1061 3325 pro
1086 3277 1139 3316 rei
1193 3277 1323 3323 templi
1339 3277 1439 3315 Pacis
1458 3272 1913 3319 parietinasnmdeduxit:
1942 3269 2231 3310 ubiAcanthum

207 3331 301 3366 Tem.
320 3332 368 3377 11.

1450 3324 1606 3377 Zzzzz
2185 3321 2243 3368 ing'
