2483 3616
252 212 345 262 162

767 203 829 259 P.
906 201 1314 264 OVIDII
1387 188 1929 259 NASONIS

536 299 672 356 Fide
696 300 933 357 minister
948 345 960 365 ‚
1002 302 1073 356 ait
1091 342 1106 366 ,
1138 299 1398 372 jussorum
1419 311 1544 355 nate
1569 313 1848 360 meorum,

525 372 672 429 Pelle
698 393 934 440 moram,
970 376 1239 448 solitoque
1262 374 1406 428 celer
1432 371 1681 426 delabere
1706 369 1891 450 cursu:

537 447 802 522 Quaeque
828 462 974 503 tuam
999 461 1226 503 matrem
1250 447 1404 501 tellus
1432 447 1461 500 {1
1482 455 1633 517 parte
1659 440 1858 496 sinistra

396 518 497 590 840
535 520 793 594 Suspicit,
832 522 1141 594 (indigenae
1168 519 1428 575 Sidonida
1451 516 1673 572 nomine
1697 514 1913 596 dicunt)
2082 585 2096 595 .

532 593 696 649 Hanc
722 610 875 668 pete:
913 596 1173 669 quodque
1194 593 1386 667 procul
1413 603 1674 672 montano
1698 606 1936 661 gramine
1960 584 2099 660 pasoi.

533 669 863 723 Armentum
890 670 1065 741 regale
1091 668 1245 723 vides
1263 708 1279 730 ,
1313 664 1381 719 ad
1404 665 1564 718 litora
1590 675 1760 744 verte.
1811 735 1825 745 ο

533 740 716 796 Dixit:
759 742 815 795 δε
839 743 1038 814 expulsi
1059 741 1380 812 jamdudum
1404 750 1593 791 monte
1611 753 1828 808 juvenci

536 813 727 867 Litora
751 813 878 884 jufl'a
904 828 1124 885 petunt,
1160 812 1252 867 ubi
1279 811 1459 883 magni
1482 810 1586 865 filia
1617 809 1757 881 regis

389 883 489 953 845
528 884 784 949 Ludere,
822 886 1114 957 virginibus
1137 885 1322 959 Tyriis
1347 884 1630 947 comitata,
1667 880 1882 937 solebat.

529 958 657 1014 Non
680 958 818 1013 bene
847 960 1210 1026 conveniunt,
1245 977 1348 1015 nec
1373 959 1430 1014 in
1455 975 1560 1013 una
1583 956 1710 1013 sede
1735 967 2044 1020 morantur,

288 1131 372 1181 838.
398 1129 619 1181 subitoqmq
649 1129 735 1168 Lib.
764 1139 838 1168 vet.
850 1129 1031 1183 filitoque.
1068 1130 1285 1170 (lior-auus.

233 1182 400 1233 Solitoque
421 1182 601 1220 meliores.
631 1183 770 1220 HEINS.

263 1233 349 1282 839.
362 1236 528 1284 {Quaeque
548 1244 650 1271 tuam
672 1244 823 1271 matrem
836 1233 936 1270 tellus
956 1247 979 1271 a
996 1243 1097 1284 parte
1109 1233 1282 1286 fimstra]

232 1283 441 1334 Periphrafis
466 1314 474 1325 .
513 1285 632 1334 inquit
667 1285 857 1334 Rapliae'l,
883 1285 927 1333 est
947 1285 1172 1330 phoeniciae,
1193 1300 1282 1336 quae

233 1349 257 1372 a
274 1345 374 1384 parte
388 1334 528 1384 stnistra
543 1336 809 1386 Septentrionem
832 1336 950 1386 versus
963 1336 1152 1386 subjicitur
1163 1337 1280 1374 Ple'a'a-

234 1386 353 1432 dibus,
387 1401 539 1437 quarum
583 1401 656 1424 una
699 1387 741 1434 est
785 1390 889 1424 Ma‘z'a
932 1388 1102 1425 Mercurii
1151 1399 1280 1428 mater.

231 1436 339 1474 Haec
357 1438 427 1475 ille.
466 1438 597 1487 Ingens
618 1439 678 1475 hic
700 1438 889 1476 difficultas
911 1438 959 1475 est
974 1466 984 1483 ,
1013 1439 1052 1476 δε
1075 1450 1189 1489 quarn
1212 1451 1279 1477 ne-

228 1487 302 1525 scio
326 1489 405 1538 quis
429 1489 507 1526 satis
527 1489 729 1527 luculenter
762 1488 916 1526 cordato
946 1489 1076 1528 lediori
1108 1490 1278 1539 explicet.

228 1538 355 1576 Primo
378 1539 529 1589 quidem
563 1540 601 1577 in
623 1540 737 1577 verbo
763 1538 931 1590 finistra,
957 1540 1062 1591 quod
1082 1540 1189 1589 plane
1220 1554 1281 1579 re-

228 1589 382 1627 lativum
406 1590 477 1636 est,
506 1602 575 1628 nec
596 1591 641 1629 ad
663 1591 751 1640 quid
774 1593 950 1629 referatur
971 1620 981 1635 ‚
1008 1591 1087 1629 satis
1108 1591 1185 1630 sciri
1207 1605 1279 1641 po·-

228 1640 309 1678 test.
341 1641 474 1679 deinde
495 1649 574 1679 tota
607 1642 793 1680 Phoenice
825 1651 926 1681 extra
946 1642 1157 1681 Zodiacum
1192 1643 1241 1682 est
1264 1673 1276 1690 ,

226 1699 269 1728 ut
301 1692 462 1730 Pleiades
493 1705 574 1730 eain
608 1705 689 1731 non
719 1694 973 1744 contingant,
1010 1695 1147 1744 quippe
1179 1707 1277 1745 quae

227 1741 360 1780 Tauro
374 1744 632 1788 adscribuntur,
655 1744 682 1782 fi
703 1745 856 1783 fortaffis
879 1745 924 1783 de
947 1757 994 1784 eo
1015 1745 1163 1795 aspectu
1195 1747 1278 1796 quis

225 1792 428 1843 intelligere
450 1795 548 1833 velit.
584 1795 645 1833 sed
675 1796 745 1834 fuit
778 1796 874 1845 apud
899 1805 1040 1835 veteres
1070 1796 1273 1836 duodecim

226 1843 418 1893 fignorum
479 1846 524 1883 ad
568 1854 686 1883 terrae
735 1847 936 1885 habitabilis
981 1856 1101 1897 partes
1141 1876 1154 1894 ,
1198 1861 1279 1888 non

222 1894 428 1934 secundum
450 1896 717 1946 subjectionem
732 1926 743 1943 ,
771 1907 811 1936 ut
832 1899 882 1936 ita
904 1898 1025 1937 dicam
1042 1928 1056 1945 ,.
1080 1900 1279 1949 perpendi-

225 1947 387 1985 cularem
412 1948 641 1996 comparatio
665 1977 676 1993 ‚
712 1960 786 1999 qua
816 1948 891 1987 sola
923 1950 1062 1988 torrida
1091 1951 1200 1990 Zona
1220 1964 1278 1990 re-

222 1996 380 2045 spondet
405 2027 414 2043 ,
443 2007 479 2036 at
499 1998 700 2037 secundum
735 2012 867 2038 omnes
887 2002 1000 2039 trium
1021 2003 1181 2050 partium
1205 2011 1278 2041 ter-

220 2058 286 2086 rae
304 2049 505 2088 habitabilis
526 2051 695 2100 regiones
710 2059 772 2097 ‚ut
792 2051 919 2089 videre
941 2052 990 2090 est
1012 2053 1110 2102 apud
1123 2054 1278 2092 M.Ma-

218 2098 353 2138 nilium
377 2101 437 2139 lib.
460 2113 513 2139 xv.
547 2114 625 2151 cap.
649 2113 683 2151 3.
732 2103 911 2140 Ceterum
945 2115 988 2142 ea
1029 2103 1277 2144 consideratio

218 2161 299 2199 quo
321 2152 570 2190 fundamento
602 2153 759 2198 nitatur,
786 2154 948 2203 ingenue
969 2156 1090 2193 fateor
1112 2167 1175 2193 me
1196 2169 1277 2195 non

218 2200 424 2251 intelligere
439 2231 448 2247 ‚
478 2205 517 2241 &
546 2203 698 2252 perinde
720 2204 813 2241 inihi
835 2205 992 2243 arridere
1018 2234 1029 2252 ‚
1057 2213 1170 2256 atque
1191 2208 1277 2254 Julii

219 2251 373 2291 Firmici
395 2254 496 2292 mille
517 2254 576 2292 illa
609 2254 722 2292 millia
743 2256 1069 2304 praeceptionum,
1103 2269 1124 2295 e
1144 2258 1275 2307 quibus

219 2302 272 2341 est
294 2305 333 2341 &
354 2304 413 2343 illa
437 2305 566 2352 (verbi
585 2305 725 2354 gratia)
755 2305 816 2343 lib.
838 2319 930 2345 vm.
967 2320 1045 2358 cap.
1079 2320 1114 2359 3.
1140 2309 1204 2347 ubi
1222 2310 1275 2348 ita

220 2354 272 2391 ait
285 2383 298 2399 ,
325 2362 366 2392 In
389 2356 524 2394 Arietis
536 2366 638 2407 parte
657 2356 789 2394 decima
812 2358 924 2395 oritur
944 2360 1074 2405 mavis,
1087 2358 1199 2410 fiquis
1219 2376 1275 2398 er-

218 2418 261 2452 go
280 2406 405 2444 oriente
436 2407 502 2444 hac
516 2417 619 2458 parte
640 2418 746 2445 natus
767 2409 884 2455 suerit
914 2438 925 2455 ‚
954 2410 1015 2448 hoc
1036 2411 1080 2459 est
1094 2439 1105 2457 ‚
1124 2409 1161 2461 fi
1179 2411 1218 2448 in
1239 2427 1276 2449 e-

212 2455 276 2504 jus
297 2468 374 2494 ortu
394 2468 539 2508 partum
570 2460 741 2509 eruperit,
769 2460 836 2496 erit
861 2461 1074 2509 gubernator
1096 2491 1107 2507 ‚
1136 2462 1275 2500 naucle-

221 2519 304 2548 rus,
331 2508 388 2544 vel
410 2509 663 2546 navicularius.
712 2510 820 2548 Haec
839 2511 914 2549 ille.
953 2513 1075 2561 Quod
1096 2512 1122 2550 fi
1146 2513 1206 2551 Cui
1230 2525 1278 2551 ea.

218 2555 401 2596 stellarum
433 2560 557 2597 forma
594 2560 775 2599 videbitur
806 2562 940 2611 pecten
964 2592 976 2609 ,
1010 2563 1071 2601 hic
1090 2564 1277 2602 continuo

218 2606 327 2644 fimili
349 2609 490 2647 ratione
513 2610 626 2660 finget
647 2612 684 2650 in
708 2624 754 2650 eo
776 2612 989 2663 horoscopo
1011 2622 1141 2652 natum
1157 2643 1168 2659 ,
1195 2623 1278 2653 tex-

217 2665 342 2696 torem
354 2661 531 2699 futurum.
558 2662 884 2711 quemadmodum
898 2677 1010 2715 ,quas
1032 2665 1119 2703 duas
1137 2666 1278 2704 faciunt

216 2708 341 2755 ursas,
364 2711 573 2760 antiquitas,
600 2714 638 2750 &
659 2714 779 2751 nostra
800 2715 890 2751 item
914 2724 1011 2753 aetas
1033 2716 1185 2765 plaustra
1207 2728 1279 2754 vo-

216 2768 295 2799 cat.
329 2762 408 2810 Qui
429 2762 466 2799 in
488 2763 542 2800 his
563 2762 668 2812 signis
690 2772 797 2801 natos
820 2774 1016 2803 venatores
1038 2775 1190 2815 propter
1210 2779 1272 2804 ur-

214 2811 271 2849 sas
290 2811 387 2850 dicat
409 2813 552 2850 futuros
577 2842 590 2858 ‚
632 2814 838 2862 expediabit
860 2815 904 2852 ab
926 2816 1134 2854 adversariis
1157 2845 1169 2862 ‚
1206 2817 1271 2866 qui

213 2863 384 2913 aurigam
404 2864 486 2901 fore
509 2864 747 2902 contendant.
775 2866 892 2914 Quod
914 2865 1021 2915 siquis
1045 2866 1140 2905 forte
1163 2868 1271 2905 nasu-

213 2913 295 2951 1101*
321 2915 446 2963 inepta
477 2915 575 2952 haec
612 2915 774 2952 ursarum-
816 2918 986 2965 exempla
1032 2917 1234 2955 contendat
1257 2947 1271 2964 ,

211 2964 321 3014 quod
344 2977 386 3004 ea
407 2977 617 3016 numquam
638 2967 946 3017 occidant,atque
969 2968 1125 3017 proinde
1146 2979 1271 3017 neque

212 3015 401 3054 oriantur:
431 3018 587 3066 accipiat
624 3018 831 3066 angustiora
863 3018 976 3064 astra,
1002 3027 1043 3056 ut
1065 3019 1267 3065 Orionem,

210 3065 367 3113 Persea,
388 3069 459 3106 &c.
488 3080 576 3106 nain
599 3069 636 3106 in
659 3069 759 3106 idem
783 3068 875 3107 redit
893 3077 1166 3119 argumentum.
1189 3070 1269 3108 Ve-

210 3128 296 3154 rum
318 3131 397 3157 non
421 3120 469 3157 est
488 3120 595 3169 hujus
626 3119 722 3165 loci,
750 3120 838 3170 quid
861 3120 906 3158 de
931 3132 978 3157 eo
1014 3120 1190 3165 auciore,
1218 3133 1261 3158 ac

212 3166 262 3204 de
280 3180 323 3205 ea
344 3170 435 3208 item
467 3170 653 3221 disciplina
670 3171 825 3209 sentiam
857 3173 1096 3220 pronuntiare
1117 3199 1129 3216 ,
1156 3183 1262 3220 prae-

210 3215 334 3256 sertim
358 3233 445 3260 cum·
466 3234 549 3260 eam
571 3231 651 3260 tam
677 3222 838 3260 sanciam
861 3222 978 3260 videri
998 3222 1151 3268 veliunt
1173 3223 1263 3260 Ma-

210 3269 380 3322 venium
408 3273 623 3312 Lollianum
660 3272 902 3324 jurejurando
916 3303 927 3319 ,
950 3274 1120 3323 Orphei,
1138 3273 1265 3312 Plato*

213 3319 340 3369 :msque
361 3323 494 3372 exilire,
522 3326 738 3366 convenerit
750 3354 768 3374 ‚A
789 3337 839 3366 ne
858 3325 951 3366 haec
972 3325 1182 3367 veneranda
1203 3326 1264 3377 (ut

2269 1029 2392 1088 Ma-

1335 1129 1427 1169 illius
1439 1130 1556 1170 verbis
1565 1129 1718 1182 loquar)
1732 1129 2062 1168 communicentur
2070 1127 2307 1177 profanis,vel
2317 1129 2395 1167 im-

1338 1182 1413 1220 ritis
1434 1183 1576 1222 auribus
1607 1183 1838 1221 intimentur.
1880 1181 1963 1218 Nae
1983 1179 2042 1217 ille
2066 1179 2128 1217 diu
2149 1180 2355 1229 expectabit
2378 1208 2391 1226 ,

1340 1233 1465 1273 donec
1486 1236 1556 1273 hac
1580 1234 1799 1273 conditione
1822 1233 1898 1282 ejus
1930 1231 2034 1269 sacris
2064 1230 2197 1268 initiari
2229 1231 2389 1280 cupiam.

1340 1285 1433 1323 Non
1458 1286 1507 1324 est
1529 1286 1621 1323 mihi
1643 1286 1798 1324 dubium
1829 1312 1839 1328 ‚
1865 1283 1957 1333 quin
1988 1281 2147 1319 Ovidius
2178 1289 2319 1320 veteres
2350 1283 2391 1321 iri

1336 1335 1412 1373 hoc
1434 1337 1576 1375 secutus
1597 1336 1639 1374 fit
1654 1366 1665 1383 ,
1686 1335 1793 1388 quod
1812 1334 2011 1372 Manilium
2033 1333 2122 1370 loco
2144 1332 2299 1382 allegato
2322 1332 2399 1371 do·

1337 1385 1448 1425 cuiffe
1471 1388 1709 1426 ostendimus.
1752 1386 1814 1426 sed
1834 1384 1965 1423 lectori
1995 1384 2099 1421 suum
2123 1383 2165 1421 fit
2190 1383 2391 1433 judicium.

1336 1438 1517 1488 Longum
1538 1440 1651 1477 etiam
1683 1439 1818 1484 fuerit,
1845 1436 1936 1488 quid
1956 1444 2054 1473 aetas
2086 1435 2208 1491 nostra
2241 1435 2288 1473 de
2309 1435 2397 1491 ’hae‘

1335 1489 1403 1538 (ut
1425 1502 1512 1528 cum
1544 1490 1658 1540 vulgo
1690 1489 1840 1536 dicam)
1869 1486 2137 1542 respondentia
2157 1487 2355 1536 praecipiat
2378 1514 2399 1533 ,,

1333 1552 1500 1579 enarrare
1514 1570 1525 1587 ,
1552 1553 1723 1592 quaeque
1743 1540 1941 1590 negotium
1972 1537 2062 1575 nihil
2082 1537 2260 1592 adjuvent
2272 1549 2392 1583 ,con-

1331 1591 1424 1630 sulto
1448 1593 1669 1631 omittimus.
1697 1593 1883 1630 GLAREN.
1912 1590 2039 1627 Locus
2060 1588 2120 1624 hic
2140 1596 2236 1625 inter
2257 1588 2389 1626 obscu-³

1332 1644 1446 1681 riores
1466 1656 1560 1682 unus
1584 1644 1645 1682 est.
1693 1644 1795 1681 Nam
1832 1653 1919 1679 cum
1940 1647 2023 1678 tota
2051 1638 2254 1694 Phoenicia
2286 1647 2388 1678 extra

1330 1694 1539 1732 Zodiacuin
1560 1694 1625 1733 sita
1645 1693 1687 1732 fit
1702 1724 1712 1741 ‚
1737 1695 1812 1732 hoc
1835 1692 1884 1731 est
1899 1721 1909 1738 ‚
1933 1692 2023 1729 citra
2055 1689 2268 1746 Tropicum
2300 1702 2389 1729 can-

1331 1746 1382 1783 cri
1399 1775 1409 1792 ,
1435 1746 1553 1784 Tauri
1575 1754 1702 1784 autem
1724 1745 1867 1794 signum
1890 1744 1984 1781 intra
2004 1740 2388 1797 Aequinoctialem&

1329 1797 1541 1846 Tropicum
1564 1797 1727 1836 eundem
1748 1795 1960 1839 claudatur,
1987 1791 2009 1831 a
2032 1791 2165 1830 finisti-a
2179 1821 2189 1838 ‚
2215 1792 2291 1830 hoc
2312 1793 2389 1850 est,

1334 1846 1357 1886 Ξι
1380 1849 1637 1898 Septentrione
1651 1877 1662 1894 ,
1690 1858 1730 1887 ut
1752 1847 1932 1896 Raphaeli
1952 1845 2096 1894 placet,
2110 1843 2275 1901 Pleiades·
2296 1844 2393 1894 aspi-

1334 1912 1418 1938 cere
1433 1929 1443 1944 ,
1471 1900 1546 1938 five
1562 1900 1697 1938 habere
1719 1900 1779 1937 illa
1798 1911 1878 1937 non
1899 1896 2033 1946 potuit.
2063 1897 2192 1944 Quare
2214 1895 2391 1944 qnidam,

1331 1951 1477 2001 longius
1507 1952 1619 2001 paulo
1649 1952 1764 2001 petita
1795 1948 2062 2003 expositione,
2088 1946 2298 2003 mal-uerunt
2329 1946 2395 1984 lo·

1334 2014 1421 2041 cum
1441 2004 1542 2041 hunc
1566 2003 1613 2041 de
1632 2015 1677 2041 ea
1702 2011 1882 2041 terrarum
1913 1998 2138 2054 subjectione
2159 1996 2363 2053 intelligere
2374 2027 2396 2045 ,.

1333 2066 1406 2104 qua
1438 2055 1530 2092 aliae
1561 2055 1635 2092 aliis
1657 2053 1829 2092 sideribus
1848 2064 1891 2090 36
1914 2050 2019 2100 signis
2043 2047 2224 2104 subjectae
2255 2048 2394 2105 dicun-

1333 2113 1394 2143 tur
1415 2135 1425 2151 ‚
1462 2106 1677 2154 astrologica
1709 2105 1854 2144 ratione
1878 2132 1889 2149 ‚
1926 2114 2006 2140 non
2036 2107 2278 2156 geometrica.
2326 2099 2393 2138 Sic·

1332 2157 1535 2195 Phoenicia
1556 2156 1576 2194 a
1600 2156 1759 2200 sinistra,
1785 2156 1860 2193 hoc
1891 2153 1940 2190 est
1971 2152 1992 2190 a
2023 2151 2275 2201 septentrione
2305 2151 2384 2200 Cy-

1332 2220 1440 2256 prum
1453 2208 1563 2246 habet
1577 2220 1695 2257 ‚quae
1718 2206 1831 2245 insula
1852 2203 2059 2244 Ple‘iadibus
2079 2201 2281 2257 secundum
2293 2201 2392 2258 Pto-

1330 2259 1524 2297 lomaeum
1545 2259 1742 2308 subjicitur.
1781 2256 1854 2296 Sed
1874 2255 1966 2294 mihi
1986 2254 2080 2309 haec
2110 2260 2295 2308 argutiora
2325 2264 2383 2290 vi-

1330 2309 1474 2348 dentur.
1500 2311 1578 2348 Alii
1597 2318 1722 2347 autem
1738 2338 1748 2354 ,
1770 2318 1933 2358 quorum
1956 2315 2127 2359 opinioni
2147 2304 2187 2340 &
2205 2302 2284 2360 ipse
2301 2314 2390 2341 ina-—

1328 2362 1381 2410 gis
1408 2362 1573 2406 accedo,
1597 2360 1772 2398 sinistram
1798 2358 1863 2397 hic
1893 2369 1962 2406 pro
1985 2353 2140 2392 meridie
2170 2362 2389 2411 accipiunt,

1326 2412 1440 2462 idque
1460 2412 1521 2450 vel
1538 2411 1749 2460 simpliciter
1762 2424 1770 2448 t
1783 2421 1870 2448 nam
1895 2410 1934 2446 &
1955 2407 2030 2463 hoc
2047 2404 2145 2455 apud
2164 2404 2296 2461 poetas
2318 2405 2385 2443 ali-

1329 2464 1413 2501 cubi
1445 2463 1605 2501 inveniri
1635 2462 1784 2499 tradunt
1800 2477 1811 2505 ;
1840 2459 1904 2497 vel
1932 2467 2044 2496 etiam
2086 2464 2127 2494 ut
2159 2467 2384 2512 aceipiamus

1330 2514 1536 2551 Phoenices
1567 2513 1673 2550 vultu
1704 2524 1747 2549 ac
1781 2523 1846 2549 ore
1879 2511 1918 2548 in
1940 2508 2175 2546 occidentem
2199 2506 2320 2563 versos
2341 2518 2382 2546 m

1331 2564 1464 2602 sinistra
1485 2571 1586 2614 parte
1608 2563 1698 2601 caeli
1720 2562 1887 2601 Pleiades
1907 2560 2041 2598 habere
2065 2587 2078 2603 ,
2103 2556 2178 2595 five
2196 2557 2388 2614 suspicere.

1330 2627 1562 2666 quamquam
1580 2614 1695 2653 rursus
1716 2626 1796 2652 non
1817 2624 1954 2661 negem
1968 2611 2090 2666 ,hunc
2110 2608 2239 2647 locum
2259 2617 2381 2665 ⁸etiam

1330 2667 1534 2704 secundum
1556 2665 1689 2703 statum
1721 2666 1761 2701 &
1781 2663 1968 2712 aspectum
1999 2662 2104 2708 Jovis
2129 2670 2267 2715 exponi
2297 2659 2382 2708 pos-

1330 2718 1378 2754 se.
1406 2719 1507 2755 Nam
1526 2716 1554 2752 fi
1576 2715 1707 2752 demus
1718 2715 1856 2760 Jovem
1877 2712 1898 2749 e
1920 2712 2071 2749 summo
2091 2722 2134 2748 ac
2155 2709 2284 2747 medio
2297 2721 2383 2748 cae-

1326 2767 1352 2804 11
1366 2795 1377 2812 ,
1403 2768 1477 2804 hoc
1498 2766 1548 2803 est
1561 2793 1571 2807 ‚
1598 2765 1642 2802 ab
1664 2776 1708 2801 ea
1729 2773 1830 2813 parte
1846 2793 1856 2809 ,
1871 2775 1984 2813 quam
2017 2761 2171 2799 circulus
2200 2769 2381 2817 aequator

1327 2817 1493 2855 describit
1506 2845 1517 2862 ,
1543 2815 1775 2853 Mercurium
1799 2815 1994 2853 demittere
2008 2842 2027 2859 ‚.
2045 2811 2250 2850 secundum
2270 2811 2380 2861 ipsius

1325 2868 1457 2906 statum
1481 2869 1521 2906 8<
1541 2868 1686 2906 vultum
1703 2895 1714 2912 ,
1743 2867 1807 2915 qui
1838 2865 1990 2915 quando
2018 2864 2173 2901 Graecia
2197 2864 2236 2900 &
2257 2863 2387 2919 Athe-r

1325 2919 1531 2966 nae‚unde
1553 2918 1673 2956 modo
1695 2917 1896 2955 advenerat
1918 2915 2124 2953 Mercurius
2148 2942 2159 2959 ‚
2187 2922 2376 2970 citeriores

1323 2970 1405 3008 sunt
1431 2982 1546 3020 quam
1567 2969 1768 3007 Phoenicia
1792 2997 1802 3012 ,
1830 2969 1869 3005 in
1900 2967 2085 3004 orientem
2119 2964 2341 3022 versusserit
2361 2994 2378 3011 ,

1326 3019 1345 3058 ἐι
1368 3021 1500 3059 sinistra
1510 3021 1753 3059 Phoeniciam
1777 3020 1816 3056 &
1837 3019 2057 3068 Aegyptum·
2068 3016 2269 3060 habebic‚a
2283 3016 2375 3053 dex-

1322 3079 1377 3109 tra
1397 3081 1524 3109 autem
1547 3084 1606 3110 eas
1627 3081 1736 3109 terras
1757 3069 1832 3108 five
1861 3069 1991 3107 insulas
2013 3096 2023 3111 ,
2061 3079 2156 3116 quae
2188 3066 2285 3104 ultra
2312 3078 2374 3104 ae-

1316 3123 1583 3172 quinoffialem
1616 3122 1702 3160 sitae
1732 3121 1830 3160 sunt..
1863 3120 1934 3159 Sed
1964 3128 2092 3157 tamen
2115 3126 2239 3155 totum
2271 3117 2381 3156 hunc*

1314 3174 1442 3210 locum
1475 3174 1555 3211 aliis¹
1582 3171 1889 3211 considerandum
1913 3170 2094 3225 relinquo.
2131 3169 2372 3226 'Micrutm

1318 3225 1488 3262 Laevam
1521 3224 1617 3261 coeli
1645 3231 1790 3272 partein.
1820 3222 2054 3277 Astrononir
2069 3221 2267 3276 Orientem
2298 3231 2372 3258 vo-

1318 3283 1403 3313 cant
1417 3304 1430 3321 ,
1455 3275 1622 3312 dextram
1655 3274 1905 3312 Occidentem
1920 3302 1930 3318 ‚
1960 3270 2159 3310 Meridiem
2181 3279 2340 3309 anticam
2357 3297 2376 3315 ,

1318 3327 1626 3377 Septentrionem
1656 3326 1853 3379 posticam3
1873 3324 1967 3367 Plin.
1985 3323 2047 3366 lib.
2067 3334 2117 3363 11.
2141 3334 2220 3374 cap.
2243 3320 2373 3410 5452?
