2483 3616
367 166 1610 242 METAMORPHQSEON
1683 168 1821 229 Lm.
1893 175 1953 233 ΙΙ.

2109 200 2165 234 12
2172 204 2205 252 9

358 286 527 345 Nota,
554 278 809 351 jovisque
837 274 945 329 mei
973 273 1222 328 testatum
1247 271 1486 328 dedecus
1512 271 1654 328 esset.

352 355 518 413 Haud
543 355 760 423 impune
788 347 953 402 feres:
995 346 1224 401 adimam
1251 344 1349 400 tibi
1373 362 1569 418 nempe
1595 347 1852 419 figuram3

206 440 315 503 1475
353 430 476 501 Qua
500 426 626 488 tibi,
661 422 874 496 quaque
900 420 1073 492 places
1093 418 1309 482 nostrO,
1347 419 1687 491 importuna,
1724 423 1930 479 marito.

226 499 228 502 ’
355 500 536 558 Dixit:
577 498 663 560 &,
701 491 917 549 adversa
940 491 1136 565 prensis
1162 494 1191 545 a
1214 491 1395 546 fronte
1419 492 1644 564 capillis,

351 572 546 629 Stravit
571 569 720 625 humi
744 583 982 639 pronam.
1010 564 1265 619 tendebat
1291 563 1504 619 brachia
1528 565 1779 638 supplex3

353 645 576 702 Brachia
601 653 898 714 coeperunt
924 637 1088 709 nigris
1124 637 1433 692 horrescere
1457 638 1621 702 villis,

353 717 691 789 Curvarique
714 730 927 776 mmm,
954 710 1010 764 &
1032 709 1268 765 aduncos
1291 710 1530 766 cre-scere
1555 711 1610 765 in
1634 728 1838 784 ungues
1851 717 1871 779 ,’

207 793 314 862 480
350 791 664 861 Officioque
687 785 891 859 pedum
914 782 1091 854 fungi:
1128 782 1449 855 laudataque
1474 784 1751 856 quondam

348 865 459 920 Ora
479 862 629 934 Jovi‚
666 861 773 914 lato
798 856 914 912 fieri
940 856 1205 910 deformia
1230 854 1380 910 rictu.

352 938 505 993 Neve
527 951 715 1008 preces
741 931 941 985 animos
955 968 970 992 ‚
1010 927 1066 981 δε
1088 927 1246 982 verba
1268 929 1510 999 potentia
1533 927 1779 994 fleetant,

350 1009 506 1065 Poffe
536 1006 684 1080 loqui
712 1003 947 1074 eripitur.
987 1017 1097 1054 vox
1119 999 1400 1062 iracunda,
1443 1001 1765 1073 minaxque,

348 1083 618 1155 Plenaque
643 1075 858 1132 terroris
880 1091 1042 1129 rauco
1066 1072 1136 1127 de
1162 1084 1380 1145 gutture
1406 1070 1592 1128 fertur.

59 1303 144 1340 irem
164 1299 296 1339 laudat.
323 1299 436 1348 Cujus
457 1297 567 1336 verba
589 1296 702 1345 (cum
727 1293 833 1345 ipfius
865 1293 946 1333 libri
967 1293 1093 1343 paffim

61 1350 317 1397 inveniantur)
337 1350 411 1387 huc
431 1348 627 1387 adferenda
639 1360 717 1386 non
739 1346 859 1384 censui
873 1345 1019 1390 ‚locum
1041 1344 1097 1382 in-

63 1402 184 1440 dicare
216 1408 421 1439 contentus.
468 1400 645 1438 Adimam
660 1398 827 1447 figuram.
860 1396 917 1434 Sic
951 1396 1097 1434 Plautus

63 1452 102 1490 in
125 1452 398 1500 Amphitryone
420 1451 510 1489 dixit
535 1465 543 1488 :
580 1449 687 1486 Hodie
719 1448 807 1486 mihi
830 1450 988 1494 formam
1019 1445 1098 1482 adi-

59 1502 155 1540 mis?
182 1502 268 1540 Alio
292 1501 410 1540 modo
432 1502 537 1550 Virg.
556 1500 622 1540 lib.
655 1512 710 1537 1x.
741 1498 933 1536 Mortalem
954 1496 1096 1546 eripiam

55 1554 225 1601 formam.
253 1552 319 1590 lllo
341 1553 461 1602 priore
485 1551 601 1589 modo
623 1550 718 1587 infra
737 1550 798 1586 hic
819 1548 974 1586 Noster:
1004 1547 1098 1584 Adi-

57 1614 232 1654 muntque
257 1603 399 1652 figuras.
450 1603 669 1642 Cxomws.
717 1607 844 1650 Nempe
875 1599 938 1655 hic
970 1598 1098 1635 melius

57 1665 176 1703 quam
199 1667 366 1704 namque:
395 1653 444 1691 est
466 1653 565 1691 enim
589 1651 798 1690 affirmantis
823 1679 833 1695 ,
861 1651 898 1687 &
919 1656 1009 1686 item
1032 1660 1103 1685 no-

62 1711 116 1741 tat
134 1704 236 1754 quod
267 1713 378 1742 certo.
414 1703 475 1742 sed
496 1703 601 1741 simul
631 1702 680 1740 est
710 1701 880 1739 minantis
901 1701 940 1738 ὃς
967 1699 1101 1738 stoma-

58 1754 212 1792 chantis.
235 1755 302 1793 Inf.
326 1767 379 1792 1v.
407 1767 486 1803 194.

114 1806 347 1854 Nempe‚tuis
367 1819 481 1843 omnes
502 1806 561 1857 qui
587 1814 695 1842 terras
718 1802 852 1853 ignibus
873 1801 973 1847 uris,

111 1857 223 1892 Ureris
243 1856 318 1904 igne
340 1870 442 1893 novo.

58 1905 191 1944 Livius
213 1918 340 1944 xxxiv.
364 1920 397 1956 ς.
422 1913 552 1957 Nempe
582 1919 710 1943 aurum
740 1914 920 1942 matronae
948 1904 1096 1942 contule-

60 1967 157 1993 rant.
186 1957 329 1995 Curtius
362 1970 397 1995 x.
417 1970 453 1994 2.
499 1964 541 1994 In
562 1962 735 2007 Europam
762 1956 947 2005 properatis
974 1982 985 2000 n
1020 1969 1090 2004 rege

63 2007 188 2053 deserto
202 2021 300 2052 ‚cum
326 2008 483 2057 pluribus
507 2007 658 2054 vestrum
679 2007 881 2054 defuturum
917 2007 1090 2042 viaticum

55 2057 192 2102 fuerit,
220 2059 256 2094 ni
278 2072 332 2094 aes
354 2059 507 2095 alienum
530 2057 657 2107 luiffim
680 2086 689 2102 ‚
715 2066 828 2106 nempe
861 2056 896 2092 in
931 2055 1089 2105 Asturica

56 2108 220 2154 praeda.-
257 2108 317 2145 ubi
348 2108 422 2146 vid.
454 2108 743 2145 Freinshemium
765 2106 954 2144 irridendo
987 2112 1090 2154 iaepe

64 2155 175 2192 etiam
197 2157 352 2202 inservit,
384 2167 423 2195 ut
446 2171 554 2196 xxrr.
586 2159 681 2194 Met.
704 2169 763 2205 93.
791 2156 871 2200 178.
895 2157 977 2206 338.
1006 2157 1089 2194 Val.

66 2202 165 2242 Flac.
181 2217 241 2243 VI.
263 2208 344 2245 282.
367 2209 404 2246 ὃς
426 2209 517 2246 alibi.
540 2209 800 2246 BURMANNUS.

116 2255 198 2301 476.
228 2257 391 2305 Adversa
406 2257 531 2307 prensis
552 2259 578 2296 ὰ
593 2261 714 2305 fronte
736 2256 895 2306 capillis]
924 2258 1089 2307 Plerique

65 2311 228 2349 veteres,
252 2316 422 2354 arreptam
463 2309 522 2346 vel
552 2309 750 2357 adveern.
798 2308 1024 2345 florentinus
1056 2309 1090 2346 S.

60 2354 209 2400 Marci,
235 2356 405 2403 ava-sam.
443 2357 515 2394 duo
546 2360 605 2396 alii
626 2371 671 2396 ex
706 2358 1087 2407 melioribus,aversa.

60 2404 172 2454 Lego
188 2433 198 2448 ‚
217 2407 358 2455 arreptis
380 2405 526 2454 adversa
541 2410 658 2454 fronte
679 2408 817 2457 capillis.
843 2408 902 2446 lib.
929 2421 983 2446 1V.
1009 2408 1090 2458 558.

111 2456 223 2503 HuJus
244 2466 285 2491 ut
305 2465 482 2504 arreptam
507 2456 665 2493 laniabat
689 2458 814 2494 vertice
837 2460 978 2497 crinem.

61 2504 127 2543 nisl
149 2506 286 2551 mavis,
312 2515 448 2555 arrepta
473 2505 600 2556 prenfis
621 2507 646 2543 a
658 2508 777 2554 fronte
805 2508 945 2557 capillis.
971 2516 1012 2546 ut
1031 2508 1090 2546 lib.

63 2567 121 2595 IX.
147 2567 226 2602 117.

238 2608 468 2659 Prenfivnque
488 2605 562 2656 ipfis
584 2607 646 2643 dea
661 2607 771 2655 saeva
804 2607 932 2657 capillis
953 2608 1089 2645 Traxit.

57 2655 270 2696 Hemsms.
307 2659 407 2696 Nihil
430 2666 595 2695 mutem:
623 2657 732 2693 stabat
765 2658 864 2693 enim
886 2659 987 2706 virgo
1011 2658 1091 2695 vul-

60 2713 101 2744 tu
121 2707 158 2745 in
180 2709 338 2746 Dianam
362 2708 465 2746 verso
492 2737 502 2753 ‚
541 2706 616 2754 (ita
638 2707 738 2744 enim
761 2709 897 2745 centies
919 2708 1084 2755 adversas

61 2758 206 2804 ponitur
229 2771 248 2795 a
267 2760 389 2796 Poetis
404 2787 414 2802 ,
442 2758 487 2796 de
508 2769 579 2806 qua
602 2768 697 2794 voce
719 2756 804 2794 vide
827 2757 871 2794 ad
898 2769 927 2794 1.
949 2758 1085 2795 Amor.

64 2817 120 2844 xx.
145 2809 224 2856 11.)
253 2820 338 2846 cum
361 2820 442 2846 eam
456 2808 625 2856 arriperet
637 2808 753 2845 comis
768 2820 775 2844 :
789 2806 836 2844 sic
849 2807 977 2846 Claud.
1005 2820 1083 2846 111.

62 2854 167 2905 Rapt.
191 2870 273 2914 393.

112 2913 272 2945 Protinus
292 2910 431 2959 arsuras
450 2908 598 2957 adversa
613 2910 730 2956 fronte
750 2908 909 2958 cuproffits

113 2958 277 3010 ¹Faucibus
299 2960 425 3009 injecit.

63 3003 124 3041 ubi
145 3018 180 3043 V.
201 3008 407 3047 Heinfium.
437 3009 514 3058 jam
537 3021 628 3047 vero
652 3011 690 3048 in
720 3011 789 3048 hac
814 3023 851 3047 re
884 3011 1021 3048 Po'e'tae
1041 3023 1084 3048 u-

61 3062 194 3110 troque
216 3059 330 3097 modo
367 3060 483 3097 solent
505 3059 632 3097 efferre
652 3061 881 3099 locutionem
898 3089 908 3106 ‚
925 3063 1085 3111 prendere

60 3105 197 3153 capillos
219 3134 230 3152 ,
267 3110 326 3146 vel
341 3111 489 3160 arripere
520 3111 734 3161 &prendere
765 3112 892 3162 capillis
923 3113 1085 3163 aliquem.

62 3165 124 3193 vr.
148 3169 230 3204 552.

111 3210 366 3263 arreptamque
386 3223 479 3248 coma
493 3238 503 3258 ,
522 3209 627 3261 flexis
641 3211 712 3261 pest
734 3222 826 3263 terga
849 3213 981 3251 lacertis

112 3257 230 3293 Vincla
249 3267 325 3307 pati
345 3261 437 3308 cogit.

161 3312 254 3346 Tem.
280 3314 329 3348 LI.

2035 1164 2195 1224 Mens

1149 1292 1211 1329 ubi
1234 1292 1273 1330 &
1289 1290 1434 1328 vvariant
1453 1288 1582 1338 scripti.
1601 1289 1661 1328 lib.
1674 1301 1756 1328 xri.
1777 1293 1864 1341 223]

1204 1349 1443 1393 Raptaturque
1464 1342 1564 1378 comis
1579 1350 1639 1390 per
1660 1341 1738 1378 vim
1771 1356 1865 1379 nova
1888 1352 1995 1393 nupta
2008 1342 2193 1396 prehenfissj

1153 1406 1262 1432 X111.
1285 1406 1371 1440 410.

1257 1446 1424 1481 Trae‘l‘ata
1446 1445 1548 1481 comis
1571 1442 1731 1491 antistita
1753 1443 1889 1482 Phoebi.

1153 1495 1236 1533 Val.
1259 1495 1352 1532 Flac.
1381 1507 1434 1532 11.
1458 1507 1517 1532 21.

1257 1545 1424 1594 Prensum
1446 1545 1509 1594 ipse
1531 1545 1633 1582 comis
1656 1552 1835 1595 Neptunus
1857 1546 1896 1584 in
1918 1546 2033 1586 altum

1208 1596 1377 1644 Abstulit.

1157 1660 1217 1686 vr.
1246 1648 1326 1696 189.

1210 1699 1351 1748 Caspius
1374 1704 1531 1737 Aeaeum
1553 1707 1697 1748 correpto
1717 1698 1810 1736 crine
1833 1699 1994 1749 Moneftn

1211 1749 1378 1797 Abstulit.

1155 1813 1216 1840 Ἡ.
1244 1800 1329 1838 616.
1723 1847 1725 1850 .

1251 1858 1414 1902 correpto
1437 1851 1528 1890 crine
1551 1853 1731 1890 redactam

1207 1909 1367 1952 Occupat.

1148 1954 1297 2002 Apulej.
1313 1966 1328 1990 ἕ
1341 1966 1353 1990 1
1365 1966 1395 1991 1.
1412 1955 1507 1992 Met.
1530 1954 1618 1991 illico
1630 1952 1792 1992 manibus
1804 1953 1973 1991 ambabus
1985 1953 2103 2005 capillo
2123 1969 2183 1992 ar-

1149 2015 1281 2054 reptam
1310 2004 1383 2049 (ita
1404 2003 1538 2049 scribe,
1567 2017 1645 2042 non
1677 2004 1882 2054 abreptam)
1916 2004 2026 2054 lapide
2048 2006 2184 2055 effligere

1143 2055 1250 2103 gestit.
1289 2054 1345 2091 Sic
1367 2054 1464 2102 apud
1485 2055 1636 2092 Phaedr.
1658 2055 1743 2092 Fab.
1768 2055 1895 2092 ultima
1909 2083 1919 2098 ‚
1943 2067 2009 2103 pro
2031 2056 2182 2105 arripuit

1147 2119 1265 2144 aurem
1290 2134 1300 2149 ‚
1340 2105 1496 2143 malebat
1528 2120 1610 2142 aare
1642 2103 1824 2142 Heinsius.
1863 2106 2053 2143 Homerus
2079 2106 2180 2144 Iliad.

1146 2156 1195 2194 Α,
1237 2168 1317 2204 197.
1354 2155 1476 2196 Ξκνθῆς
1516 2156 1556 2192 ἑὲ
1589 2157 1698 2201 κόμης
1724 2155 1787 2192 ἕλε
1821 2156 2018 2196 Πηλείωνα.
2046 2156 2179 2193 BURM.

1198 2207 1281 2253 482.
1314 2213 1411 2243 Neve
1428 2216 1536 2256 preces
1557 2207 1690 2243 animos
1722 2217 1765 2245 ey
1792 2205 1899 2242 verba
1916 2200 2096 2256 precantia
2111 2205 2181 2255 flem

1147 2257 1284 2306 frana]
1316 2258 1405 2294 Non
1430 2256 1541 2294 video
1558 2256 1652 2306 quid
1672 2257 1765 2293 inter
1781 2266 1889 2306 preces
1921 2258 1960 2293 ὃς
1996 2256 2103 2292 verba
2123 2257 2180 2295 in-

1145 2307 1242 2345 terfit
1269 2308 1460 2358 precantia.
1507 2309 1634 2356 Quare
1657 2306 1787 2344 censeo
1809 2306 2035 2343 scribendum
2054 2335 2064 2351 ‚

1199 2365 1297 2395 Neve
1317 2369 1425 2395 truces
1446 2359 1579 2397 animos
1594 2368 1655 2408 per
1677 2357 1785 2394 verba
1800 2357 1979 2407 precantia
1995 2355 2132 2406 fleffiat.

1145 2409 1216 2446 Ars
1236 2409 1363 2446 Amat.
1385 2421 1441 2447 11.

1199 2461 1322 2496 Prima
1344 2470 1453 2496 truces
1474 2460 1607 2496 animos
1621 2461 1741 2506 fertur
1762 2457 1899 2507 mollisse
1921 2458 2092 2509 voluptas.

1148 2510 1277 2546 Statius
1300 2510 1421 2546 Theb.
1450 2521 1511 2546 Χῖ.

1199 2565 1249 2595 Ite
1269 2569 1379 2595 truces
1399 2559 1538 2595 animae
1551 2587 1561 2603 ‚
1580 2558 1785 2608 frenestaque
1807 2564 1960 2595 Tartara
1983 2558 2059 2595 leto.

1147 2608 1290 2645 Flectere
1302 2610 1394 2655 feros
1415 2609 1548 2645 animos
1570 2608 1659 2645 dixit
1681 2608 1840 2646 similiter
1862 2610 1995 2647 Noster
2018 2609 2176 2657 Epistola

1147 2658 1342 2696 Phaedrae.
1368 2659 1407 2695 in
1429 2658 1619 2697 Catalectis
1640 2659 1785 2697 Pithoei
1806 2659 1850 2697 de
1873 2661 2033 2699 Ratione
2047 2660 2176 2699 Tabu=

1145 2708 1225 2753 lae,
1252 2720 1332 2757 pag.
1352 2708 1413 2755 46.

1197 2759 1306 2796 Flecte
1327 2770 1434 2797 truces
1455 2761 1611 2804 animos;
1641 2771 1682 2797 ut
1703 2761 1783 2797 vere
1805 2758 1919 2798 ludere
1932 2760 2038 2811 poffis.

1142 2810 1336 2858 Perperam
1360 2810 1468 2848 Pleeie
1487 2811 1558 2848 illic
1578 2811 1718 2860 legitur.
1751 2812 1789 2848 in
1812 2824 1888 2849 uno
1920 2821 2047 2849 tamen
2071 2825 2173 2858 meo,

1143 2862 1250 2897 verba
1261 2860 1435 2910 superflua
1456 2862 1562 2899 dicat.
1599 2862 1708 2899 Forte
1733 2890 1743 2906 ,
1771 2863 1878 2899 verba
1902 2863 2077 2913 superflua
2108 2866 2173 2900 [ltc-m

1140 2922 1232 2948 cant.
1274 2912 1477 2950 Hmnsxus.
1516 2912 1631 2950 Recte
1654 2911 1825 2949 Heinsius
1857 2913 1946 2950 vidit
1978 2923 2105 2962 preces,
2133 2915 2171 2950 Sc.

1141 2962 1247 2998 verba
1265 2963 1443 3011 precantia
1460 2975 1541 3000 non
1565 2961 1664 3011 posse
1687 2975 1765 3000 uno
1789 2965 1827 3000 &
1850 2962 1984 3000 eodem
2019 2964 2055 3000 in
2090 2975 2169 2999 ver-2

1140 3012 1177 3048 su
1198 3013 1354 3050 tolerari.
1381 3025 1449 3050 nec
1469 3013 1635 3051 satisfacit
1648 3014 1870 3063 Schepperus
1892 3013 1987 3061 apud
2000 3013 2170 3057 Fabrum,

1140 3062 1204 3112 qui
1221 3062 1280 3099 lib.
1308 3075 1363 3100 11.
1388 3065 1456 3112 Ep.
1480 3076 1538 3108 71.
1561 3064 1667 3101 verba
1689 3065 1847 3113 rogantia
1870 3064 1927 3100 vel
1949 3064 2085 3098 orantia
2117 3063 2171 3098 lem

1141 3113 1204 3161 git.
1230 3113 1317 3162 quid
1339 3115 1439 3151 enim
1462 3115 1519 3152 illa
1542 3127 1561 3151 a
1584 3115 1746 3163 precibus
1770 3115 1896 3152 distant
1919 3112 1933 3147 Ρ
1972 3124 2015 3148 ex
2038 3112 2095 3148 illa
2116 3113 2170 3149 le-

1144 3163 1291 3207 ctione,
1320 3165 1424 3201 verba
1441 3164 1615 3214 superflua
1637 3166 1767 3203 videor
1791 3164 1879 3200 inihi
1913 3173 2038 3197 veram
2060 3162 2169 3211 scrip-

1132 3222 1253 3251 turam
1273 3212 1373 3262 poffe
1397 3215 1550 3263 exsculpi
1566 3230 1575 3257 ;
1590 3227 1675 3252 nam
1700 3214 1878 3260 scripserat
1900 3211 2057 3248 Ovidius
2078 3240 2088 3256 ,
2124 3226 2168 3252 er

1136 3264 1243 3304 verba
1258 3265 1413 3314 potentia
1427 3280 1437 3309 3
1461 3263 1637 3314 ‚gloss-item
1670 3266 1920 3312 interpretatus
1960 3271 2035 3301 erat
2048 3264 2166 3318 sapere

2095 3322 2140 3351 aa
2152 3342 2166 3360 g,
