2483 3616
334 181 1539 252 METAMORPHOSEON
1610 182 1751 238 Lm.

1826 184 1926 242 VI,
2087 186 2184 251 387

337 284 557 360 Ipsa'fibi
582 279 794 354 plaudat
818 278 1113 351 crepitante
1137 277 1341 332 ciconia
1365 275 1550 330 rostro,

419 356 528 428 Qui
556 353 786 426 superest
816 353 952 406 solus
981 350 1221 423 Cinyran
1245 349 1403 404 habet
1428 349 1646 420 angulus
1667 347 1885 402 orbum:

341 430 493 501 Isque
522 425 715 498 gradus
738 425 952 496 templi,
989 436 1227 478 natarum
1252 420 1490 476 membra
1515 421 1752 483 suarum,

201 517 299 555 100
335 498 706 571 AmplecienS,
743 498 976 568 saxoque
997 495 1175 567 jacens
1194 535 1210 559 ‚
1246 494 1516 549 lacrimare
1541 493 1771 548 videtur.

337 571 547 626 Circuit
573 584 834 626 extremas
858 569 986 623 oleis
1007 567 1268 641 pacalibus
1291 584 1422 621 oras

333 642 378 697 Is
402 643 594 698 modus
619 643 722 704 est3
766 642 1022 715 operique
1048 641 1136 694 sua
1158 639 1284 694 facit
1307 639 1494 694 arbore
1517 638 1695 694 finem.

404 715 650 771 Maeonis
677 716 869 770 elusam
894 713 1129 784 defignat
1153 712 1383 783 imagine
1408 713 1542 767 tauri

329 786 614 861 Europen:
654 805 844 842 verum
868 800 1107 847 taurum,
1143 784 1279 839 freta
1304 802 1427 838 vera
1451 799 1677 857 putares„

205 876 303 926 ξος
341 860 451 932 Ipsa
475 860 751 916 videbatur
777 873 938 914 terras
960 855 1190 929 special-e
1213 856 1442 920 relicias,

337 932 411 988 Et
437 933 661 987 comites
686 933 911 987 clamare
933 930 1070 992 suaS‚
1108 927 1413 1002 taciumque
1439 929 1613 983 vereri

330 1004 636 1060 Adfilientis
659 1021 823 1076 aquae
839 1026 860 1066 ;.
893 1002 1213 1071 timidasque
1236 1001 1494 1055 reducere
1506 1002 1718 1072 plantas„

335 1077 486 1132 Fecit
516 1078 571 1132 δε
595 1077 837 1131 Asterien
862 1074 1031 1147 aquil-'51
1054 1072 1284 1128 luci-ante
1311 1073 1509 1128 teneri:

333 1148 486 1203 Fecit
508 1148 723 1203 olorinis
750 1146 940 1202 Ledan
965 1146 1217 1200 recubare
1241 1145 1334 1200 sub
1361 1145 1476 1199 alis:

198 1239 294 1280 110
331 1220 595 1291 Addidit,
631 1232 691 1278 ut
713 1218 882 1294 Satyri
906 1220 1101 1278 celatus
1124 1219 1353 1291 imagine
1378 1216 1660 1291 pulchram

49 1421 201 1462 Centur.
219 1435 272 1461 v1.
290 1423 325 1461 8.
344 1423 389 1462 de
413 1423 570 1462 Gruibus
585 1421 657 1461 late
674 1423 770 1472 agit,
797 1422 857 1462 sed
875 1434 968 1473 quae
988 1422 1078 1462 nihil

45 1472 92 1510 ad
108 1473 201 1512 hanc
225 1473 396 1512 fabulam.
424 1475 686 1512 BURMANNUS.

97 1535 154 1570 92.
181 1523 375 1573 populisque
391 1525 466 1573 suis
483 1524 629 1561 indicere
647 1524 812 1575 bellum.]
867 1524 1003 1562 Bellum
1022 1524 1078 1562 in-

47 1572 154 1609 dicere
175 1575 361 1623 eleganter
386 1575 527 1613 dicitur.
578 1575 635 1611 M.
663 1576 808 1613 Tullius
835 1577 872 1614 in
900 1576 1002 1613 Orat.
1028 1575 1074 1613 de

44 1621 245 1678 i'rovinciis
265 1624 398 1663 consul.
440 1624 575 1662 Bellum
594 1624 732 1670 indixi,
760 1636 864 1675 atque
883 1625 1002 1663 intuli.
1028 1627 1075 1663 Et

43 1673 151 1710 mitio
172 1687 217 1712 11.
239 1675 275 1711 in
298 1675 395 1712 Ant..
426 1677 592 1724 Qonam
617 1689 687 1711 meo
707 1677 787 1723 fato
809 1683 849 1714 P.
869 1682 910 1713 C.
924 1675 1003 1723 fieri
1021 1676 1076 1713 di-

47 1734 147 1779 cant,
174 1734 215 1760 ut
234 1737 328 1760 nemo
358 1725 412 1762 his
438 1725 542 1763 annis
571 1725 700 1773 viginti
731 1727 810 1777 reip.
832 1726 930 1773 hostis
939 1727 1076 1772 fuerit,

46 1785 107 1820 qut
129 1786 196 1810 non
216 1772 342 1811 bellum
362 1776 474 1813 eodem
493 1784 636 1825 tempore
646 1776 734 1813 mihi
752 1790 882 1827 quoque
892 1777 1076 1815 indixerit?

47 1822 176 1861 Livius
196 1824 253 1861 lib.
276 1838 330 1863 11.
357 1826 402 1864 de
431 1826 609 1864 Porsena:
639 1832 707 1863 Hoc
734 1827 799 1864 tibi
823 1829 995 1876 juventus
1013 1834 1079 1865 Ro-

22 1903 23 1906 ,
46 1884 153 1910 mana
172 1874 357 1912 indicimus
382 1875 522 1914 bellum.
551 1876 768 1915 ememus.

94 1934 155 1973 93.
181 1924 351 1975 Pinxit.]
406 1927 601 1971 Meliores,
637 1927 765 1975 Pingit.
792 1927 1009 1977 Berneggeri
1039 1929 1078 1966 &

45 1971 248 2029 Baiileenfis
276 1988 368 2014 unus
388 1978 496 2015 etiam
511 2005 520 2021 ‚
535 1976 658 2024 finxit.
684 1978 744 2015 sed
764 1979 870 2016 male.
898 1978 1078 2027 quidquid

48 2034 148 2060 enirn
182 2025 362 2064 coloribus
391 2028 626 2075 exprimitur,
657 2027 752 2076 pingi
771 2029 912 2067 dicitur.
940 2028 986 2065 fic
1003 2029 1077 2077 sup.

46 2081 106 2127 7⁴1·
135 2074 338 2129 HEiNsrus.
390 2077 445 2114 Ita
462 2078 500 2115 δε
521 2077 649 2116 Claud.
673 2091 701 2116 1.
730 2079 836 2128 Rapt.
855 2079 940 2127 265.
967 2081 1078 2117 etiam

48 2128 94 2158 de
116 2122 294 2161 Lanificio
312 2137 439 2174 agens:

98 2177 256 2228 Nec-non
275 2187 317 2213 (φ
335 2176 454 2223 patrui
472 2177 582 2227 pingit
593 2179 753 2227 fizcraria
773 2177 867 2216 ditis.

52 2220 114 2259 ubi
134 2229 242 2259 etiam
263 2224 406 2263 codices
420 2253 430 2270 ‚
450 2228 566 2276 fingit.
594 2230 803 2267 BuRMAuN.

101 2283 161 2320 93.
190 2273 424 2330 Antigonen]
455 2278 719 2317 Laomedontis
740 2279 850 2318 filiam
867 2308 877 2324 ,
905 2280 1071 2330 adquam

47 2321 224 2370 quosdam
255 2323 314 2361 llla
336 2325 478 2373 Virgilii
497 2327 555 2364 lib.
576 2341 602 2366 Ι.
625 2341 685 2378 31.
723 2336 919 2381 Spretaeque
941 2331 1073 2380 injuria

36 2373 175 2417 formae
192 2373 323 2410 referre
347 2375 487 2412 Servius
517 2377 674 2416 adnotat.
701 2380 804 2428 quod
830 2381 997 2418 Donatus
1018 2394 1073 2419 re-

45 2421 147 2458 fellit.
175 2421 220 2458 de
242 2423 308 2460 hac
326 2425 374 2461 ita
391 2425 562 2464 scribit&
583 2428 723 2466 Servius
751 2441 795 2466 ex
824 2430 964 2467 Codice
985 2432 1074 2469 Lei·
1114 2429 1120 2434 ’

45 2470 209 2526 ἀςηῑιριά
229 2485 275 2527 11.
295 2474 431 2523 Georg.
453 2487 532 2523 320.
561 2478 621 2515 ubi
649 2478 799 2514 candida
824 2480 904 2514 avis
931 2480 1073 2518 dicitur.

46 2525 185 2578 Ciconta
208 2550 219 2566 ,
263 2523 301 2558 td
326 2524 369 2570 est
395 2526 576 2574 Antigona
611 2527 692 2574 filia
723 2528 960 2565 Laomedontis
990 2530 1074 2577 regis

47 2574 164 2626 Troyae
179 2599 189 2615 ‚
217 2586 302 2621 quae
320 2573 443 2612 habuit
462 2589 593 2612 comam
613 2591 776 2625 magnam
800 2606 810 2622 ‚
838 2588 879 2615 ut
900 2578 1022 2614 diceret
1035 2581 1074 2626 se

42 2617 189 2678 firnilem
206 2624 347 2667 Junoni
360 2653 370 2668 ,
398 2626 452 2662 cui
470 2626 637 2675 displicuit
648 2627 844 2675 stmilitudo
853 2630 922 2676 ejus
936 2656 945 2672 ‚
966 2642 1073 2677 quam

47 2680 162 2707 contra
171 2672 221 2719 se.
239 2684 282 2728 φ’
298 2676 458 2712 mutavit
483 2689 614 2713 comam
641 2678 837 2725 Antigonae
859 2679 898 2714 in
906 2679 1075 2727 serpentes

48 2732 197 2758 nocentes
217 2736 245 2760 ez
259 2752 269 2767 ‚
297 2736 339 2763 (φ
349 2725 458 2773 postea
477 2727 691 2775 miseratione
709 2727 848 2765 deorum
866 2728 964 2776 versa
982 2728 1075 2775 estin

28 2796 29 2801 η
49 2782 150 2807 avem
174 2800 184 2816 ,
214 2786 299 2828 quae
317 2776 407 2811 veris
428 2786 571 2825 tempore
586 2777 630 2813 ab
652 2777 779 2824 Africa
801 2778 910 2814 venit.
962 2779 1075 2816 Men-

50 2819 135 2858 dosa
152 2821 232 2860 sunt
253 2824 311 2860 llla
339 2825 468 2871 verba,
497 2840 602 2876 quam
632 2838 750 2864 contra
772 2829 819 2875 se.
855 2829 976 2872 forte,
1003 2842 1073 2878 qua

47 2880 166 2906 contra
175 2871 447 2926 serefferebatum
484 2877 567 2922 vel,
594 2891 700 2928 quam
719 2888 836 2915 contra
849 2878 1075 2927 sejabiaba13

48 2928 111 2957 aut
130 2920 243 2958 fimile
264 2924 362 2970 quid.
389 2925 648 2965 BURMANNUS.

97 2981 157 3016 95.
185 2970 307 3021 Iliam]
338 2973 379 3011 In
395 2987 472 3013 uno
493 2989 578 3014 meo
593 3005 604 3021 ‚
621 2977 703 3014 Ilios.
733 2979 846 3015 Cxof.

98 3019 157 3063 96.
185 3022 418 3078 Laomedonve
430 3027 557 3075 paren]
572 3029 851 3074 Gronovianus,
871 3030 967 3078 suus.
993 3041 1074 3070 non

52 3066 160 3104 male.
179 3076 219 3105 ut
238 3070 365 3120 Virgil.
389 3086 444 3111 11.
467 3077 620 3114 Aeneid.
641 3090 722 3126 522.

227 3121 355 3167 Nonfi
370 3123 432 3171 ipse
451 3137 543 3161 meus
563 3139 652 3163 nunc
671 3128 803 3174 adforet
823 3131 966 3176 Heffor,

50 3177 109 3201 nec
119 3165 256 3212 prosunt
277 3169 363 3208 Ιίιοη
381 3174 450 3210 &c.
477 3175 611 3222 Regius
632 3177 760 3215 codex.

103 3215 163 3263 96.
190 3219 327 3254 sumtis.
337 3218 353 3268 ]
364 3221 489 3276 subicis
507 3236 598 3276 unus
611 3226 764 3265 Heinfii.
774 3227 861 3267 Vid.
871 3229 914 3268 ad
925 3231 1073 3280 1V.561.'

97 3263 268 3304 Burman
276 3280 354 3308 uus.
1064 3281 1071 3284 ’

1984 1289 2170 1366 juppi..

1180 1421 1241 1471 98.
1269 1421 1344 1471 Qu·
1358 1420 1501 1471 ficperest
1514 1419 1607 1470 fhlus
1629 1420 1798 1470 Cinyran.
1818 1418 1835 1470 ]
1891 1419 2044 1469 Cinyras
2064 1418 2172 1468 Assy-

1128 1475 1269 1512 riorum
1289 1485 1352 1510 rex
1374 1472 1461 1510 filias
1487 1472 1611 1509 habuit
1630 1472 1888 1521 pulcherrimas
1903 1498 1913 1515 ,
1942 1482 2035 1519 quae
2053 1471 2086 1508 se
2107 1472 2170 1515 jun

1129 1525 1221 1563 noni
1243 1524 1422 1572 praeferre
1441 1523 1543 1560 ausae
1566 1524 1725 1560 fuerunt.
1750 1521 2055 1570 quareindignata
2070 1522 2169 1568 Juno

1133 1587 1190 1613 eas
1214 1576 1251 1612 in
1270 1573 1399 1622 gradus
1428 1573 1557 1620 templi
1585 1573 1636 1610 sui
1660 1574 1933 1615 commutavit,
1960 1583 2002 1608 ac
2028 1581 2170 1619 patrem

1131 1626 1262 1674 gradus
1282 1624 1375 1672 ipsos
1394 1635 1461 1672 pro
1478 1623 1633 1661 filiarum
1654 1624 1864 1671 corporibus
1879 1622 2168 1670 amplectentem

1129 1677 1259 1714 itidem
1279 1675 1317 1712 in
1334 1674 1458 1711 saxum
1482 1674 1739 1711 commutavit.
1766 1674 1933 1710 Rssoxus.
1952 1673 2011 1709 De
2030 1673 2170 1720 Cinyra

1132 1727 1224 1764 infra
1247 1724 1406 1773 pluribus
1429 1736 1588 1772 agemus.
1619 1725 1796 1761 Ceterum
1821 1724 2170 1761 videtur&n0men

1133 1789 1217 1814 cum
1239 1776 1379 1813 fabulae
1400 1783 1617 1822 argumento
1636 1776 1848 1812 convenire.
1887 1774 2039 1822 Cinyras
2068 1774 2170 1810 enim

1133 1827 1209 1864 ἀπὸ
1232 1827 1295 1862 τοῦ
1311 1824 1493 1869 κινύρεσθοιι
1512 1824 1627 1862 dictus
1638 1825 1686 1861 est
1701 1852 1710 1868 ,
1737 1824 1840 1874 quod
1852 1823 2005 1861 verbum
2020 1824 2170 1861 Graecis

1133 1877 1256 1925 lugere
1279 1877 1317 1913 ὅ(
1342 1877 1520 1925 conqueri
1538 1874 1722 1924 significat.
1750 1877 1876 1923 Quare
1898 1874 2069 1912 falluntur
2084 1875 2170 1923 ,qui

1134 1933 1314 1975 Cynaram
1325 1938 1390 1975 per
1410 1940 1430 1962 a
1445 1954 1455 1971 ,
1483 1927 1520 1963 in
1541 1926 1742 1974 penultima
1756 1953 1766 1970 ,
1794 1925 1963 1962 scribunt.
1990 1925 2168 1962 Mrcut.

1134 1979 1223 2015 Non
1244 1977 1292 2014 est
1311 1977 1408 2014 idem
1431 1989 1516 2014 cum
1538 1976 1711 2025 Myrrhae
1731 1985 1853 2025 patre,
1881 1976 1926 2013 de
1955 1987 2031 2025 quo
2051 1976 2111 2014 lib.
2133 1990 2171 2014 x.

1133 2040 1167 2065 v.
1191 2040 1275 2077 299.
1306 2027 1479 2064 FARNAB.
1794 2027 1797 2030 ’

1190 2091 1269 2116 101.
1297 2078 1387 2114 oleis
1400 2075 1613 2127 pacalibus.]
1628 2075 1825 2113 Baccalilms
1843 2075 2141 2124 Cantabrigienfis
2156 2090 2167 2117 ;

1137 2129 1175 2165 &
1194 2130 1242 2167 ita
1264 2127 1470 2177 conjecerat
1490 2129 1716 2164 Gronovius.
1742 2126 1802 2164 sed
1824 2127 1968 2174 vulgata
1990 2127 2087 2163 bona
2109 2126 2171 2164 est.

1134 2179 1232 2217 Vide
1251 2179 1310 2217 lib.
1332 2191 1391 2216 xv.
1414 2191 1494 2226 591.
1524 2178 1732 2214 HEmsxus.
1783 2176 1969 2213 Bucarihus
1988 2177 2134 2222 Junian.

1186 2242 1266 2268 101.
1293 2229 1428 2266 Circuit
1453 2238 1623 2265 extremas
1645 2255 1655 2271 ,
1683 2226 1780 2275 cra]
1832 2227 1987 2274 Scaliger
2006 2227 2168 2271 πάρεργει

1129 2280 1289 2329 Ρίξίιιῑειε
1303 2308 1313 2325 ,
1324 2279 1475 2326 intelligi
1493 2280 1529 2316 in
1541 2279 1702 2326 margine
1728 2286 1932 2320 annotarat,
1945 2287 2038 2324 quae
2051 2286 2171 2314 extre-

1129 2343 1188 2369 ma
1210 2359 1221 2376 ,
1248 2340 1288 2369 ut
1318 2331 1516 2378 plurimum
1546 2329 1584 2365 ὃς
1621 2330 1802 2375 margines
1830 2338 2010 2374 occupare
2038 2326 2169 2366 solent.

1129 2381 1231 2418 DAN.
1260 2382 1469 2418 Hfixnsms.
1522 2379 1576 2415 Ita
1597 2380 1897 2422 nupspyouvocat
1918 2377 2104 2414 Lucianus
2120 2378 2166 2415 in.

1127 2431 1259 2467 Domo
1293 2442 1373 2479 pag.
1399 2442 1485 2477 909.
1521 2427 1682 2476 picturae
1719 2435 1977 2465 ornamentum
2001 2455 2011 2471 ,
2064 2427 2168 2476 quod

1126 2480 1295 2518 Perseum
1325 2479 1605 2517 interficientem
1637 2477 1839 2515 monstrum
1864 2477 2100 2526 exprimebat.
2126 2478 2182 2515 &.

1125 2530 1175 2567 ita
1193 2541 1280 2578 cape
1306 2530 1365 2567 illa
1383 2529 1542 2566 Moschii
1564 2527 1664 2576 Idyll.
1692 2540 1735 2564 11.
1757 2541 1813 2575 55.

1178 2577 1356 2626 Α’μφὶὸὲ
1378 2578 1548 2621 δινήεντος
1565 2578 1632 2614 ὑπὸ
1654 2577 1808 2626 {specum
1830 2580 2001 2624 exactiore

1180 2629 1338 2675 Ε’ρμεὶης
1357 2630 1503 2671 ἤσκητο.
2033 2633 2038 2638 ”

1128 2680 1177 2717 Et
1193 2681 1281 2718 vers.
1303 2681 1362 2718 61.

1178 2732 1315 2776 Χρύσοιο
1335 2732 1505 2776 venaticam
1525 2733 1723 2779 περίσκεπε
1741 2730 1878 2778 χείλεα
1898 2734 2051 2778 ταρσοῖςζ

1129 2781 1226 2818 Vide
1245 2781 1329 2828 Jun.
1358 2781 1403 2820 de
1434 2782 1566 2820 pictur.
1597 2796 1663 2821 111.
1693 2794 1769 2831 cap.
1794 2794 1827 2827 7.
1863 2784 1923 2821 ubi
1944 2784 2055 2823 docet
2072 2785 2165 2822 haec

1129 2832 1369 2880 negligentius
1397 2833 1496 2881 pingi
1539 2833 1666 2871 solere.
1712 2834 1750 2870 ὃς
1783 2834 1870 2870 hinc
1902 2835 2041 2883 explica
2078 2836 2165 2872 illud

1131 2881 1323 2930 Sophoclis
1341 2883 1378 2919 in
1400 2882 1553 2921 Philoct.
1573 2897 1655 2931 474.
1678 2883 1714 2919 ἐν
1727 2886 1889 2932 παρέργῳ
1912 2885 1964 2920 eoo
1985 2898 2040 2928 με.
2066 2896 2166 2932 pone

1131 2943 1193 2969 me
1213 2934 1252 2970 in
1277 2942 1377 2981 parte
1407 2935 1509 2971 navis
1536 2936 1656 2972 minus
1692 2935 1872 2971 honorata
1896 2962 1906 2978 ‚
1944 2935 2167 2982 ubicumque

1130 2983 1207 3027 vis,
1235 2991 1275 3021 ut
1294 2982 1392 3020 recte
1418 2984 1642 3022 Scholiastes.
1670 2984 1937 3022 unanimus.

1185 3045 1266 3080 104.
1293 3034 1502 3083 Europam]
1544 3040 1698 3084 Europen
1726 3035 1801 3072 duo
1824 3035 1980 3072 codices,
2016 3033 2170 3071 Hans.-

1183 3095 1267 3130 104.
1295 3089 1417 3120 Verum
1436 3085 1620 3135 taurum]
1651 3085 1807 3122 Martial.
1835 3097 1864 3121 1.
1892 3084 1957 3131 Ep.
1984 3093 2064 3119 110.

1173 3141 1256 3172 Aut
1275 3144 1460 3183 utramque
1472 3135 1611 3184 putabis
1631 3136 1686 3183 effe
1710 3147 1844 3172 veram.

1177 3189 1257 3221 Aut
1275 3194 1460 3231 utramque
1469 3185 1608 3232 putabis
1627 3185 1682 3232 effe
1692 3184 1827 3229 ficiam.
1854 3182 2011 3219 DOUZA.

1183 3244 1264 3280 105.
1292 3232 1478 3281 Relicta]
1508 3240 1675 3270 Paternus
1694 3232 1875 3268 Barberin.

1184 3293 1266 3331 107.
1294 3281 1512 3332 Timidasque
1534 3283 1705 3321 recondere
1719 3282 1867 3328 plantas.
1880 3280 1894 3331 ]
1908 3282 2019 3322 Multi
2038 3295 2082 3320 ex
2096 3286 2160 3322 ve?

1626 3332 1689 3381 ,ΕΛ-ἑ
1703 3341 1720 3368 C
1755 3342 1767 3383 3
2034 3335 2163 3384 tusszioj
