2483 3616
257 224 362 276 324
766 198 827 255 P.
902 194 1306 255 ov1D11

1378 190 1912 252 NASONIS

547 300 764 359 Ossibus
788 300 944 356 illidit
967 298 1178 356 mediae
1203 298 1441 352 cervicis.
1480 309 1533 351 at
1557 296 1643 353 ille

543 374 840 430 Procubuit
866 387 1037 427 terrae
1053 411 1068 435 ,
1106 369 1321 425 mafiati
1344 369 1749 440 morejuvenci.

544 447 791 503 ”Demere
815 444 1050 501 tentabat
1075 444 1208 498 laevi
1231 459 1450 516 quoque
1475 441 1671 496 robora
1692 443 1853 515 postis

553 520 850 592 Cinyphius
874 518 1096 573 Pelates,
1136 515 1365 570 tentanti
1389 515 1613 569 dextera
1633 514 1737 569 fixa
1760 515 1835 570 est

411 610 503 667 125
547 589 1172 664 Cuspide‘Marmai-id-ae
1197 587 1461 659 Corythi;
1496 586 1752 660 lignoque
1777 588 2023 644 cohaesit.

555 664 825 720 Haerenti
847 665 980 720 latus
1005 661 1170 718 hausit
1195 660 1365 716 Abas:
1392 676 1493 714 nec
1518 659 1863 724 corruit‘ille3

546 738 660 792 Sed
686 738 954 792 retinente
977 752 1199 791 manum
1222 732 1457 788 moriens
1481 731 1512 785 ὲ
1535 731 1685 805 poste
1708 733 1982 805 pependit.

561 810 828 864 Sternitur
852 808 908 862 δε
935 807 1246 871 MelaneUS‚
1267 804 1482 861 Perse'i'a
1506 803 1670 859 castra
1691 804 1928 870 secutUS,

559 881 632 935 Et
657 880 1023 935 Nasamoniaci
1047 879 1275 952 Dorylas
1299 876 1580 934 ditissimus
1602 876 1745 949 agri;

412 973 512 1020 130
548 953 716 1009 Dives
743 954 855 1026 agri
880 953 1136 1026 Dorylas:
1167 970 1287 1026 quo
1312 949 1747 1024 nonpposs'ederat
1773 951 1906 1005 alter

260 1167 372 1205 etiam
397 1167 524 1207 malim
540 1196 550 1212 ,
581 1165 681 1204 laevo
705 1168 859 1218 pestere,
892 1166 918 1204 fi
947 1166 1057 1205 liceat
1084 1177 1149 1215 per
1181 1165 1303 1205 libros.

261 1218 475 1257 Hermus.
506 1226 710 1257 Moventem
730 1218 903 1256 Cantabr.
923 1218 962 1255 δε
983 1217 1059 1255 duo
1082 1217 1154 1255 alii.

298 1283 398 1321 118.
426 1283 585 1335 Casuque
599 1283 678 1331 fuit
703 1280 1023 1331 miserabile,e9·’c.]
1037 1280 1164 1327 Forte,
1176 1281 1310 1331 inquit,

259 1333 338 1382 lyra
378 1333 497 1372 emisit
532 1346 683 1372 carmen
714 1333 810 1371 triste
827 1361 838 1377 ‚
882 1334 920 1370 &
953 1331 1131 1369 morienti
1170 1343 1312 1370 conve-

258 1384 376 1421 niens.
409 1385 578 1423 Remus.
631 1385 742 1422 Hanc
774 1392 979 1421 extremam
1015 1394 1060 1420 ex
1087 1382 1221 1432 quinto
1243 1394 1314 1420 vo-

257 1434 400 1471 lumine
431 1435 646 1484 particulam
681 1446 767 1472 cum
798 1435 1027 1483 legeremus:
1056 1433 1215 1484 casuque
1233 1433 1312 1480 fuit

259 1485 452 1534 miserabile
481 1500 643 1531 carmen,
677 1485 859 1523 recordati
888 1484 1011 1522 sumus
1043 1483 1304 1533 Tragoediae,

258 1535 334 1573 hoc
353 1534 403 1573 est
417 1564 428 1581 ‚
459 1538 560 1575 tristis
593 1538 631 1575 ὃς
663 1535 819 1573 luctuosi
846 1535 963 1573 exitus
986 1535 1109 1572 Marci
1131 1535 1244 1573 Craffi
1266 1535 1306 1572 in

257 1586 395 1624 Parthis
407 1588 596 1626 interemti
609 1616 620 1632 ‚
634 1587 679 1625 de
697 1599 774 1637 quo
793 1586 886 1625 haec
903 1585 1085 1635 praeclare
1105 1585 1202 1634 apud
1222 1584 1307 1623 Plu-

258 1638 428 1675 tarchum
450 1639 489 1676 in
511 1639 607 1677 hanc
625 1637 842 1676 sententiam
864 1636 1064 1674 scribuntur
1078 1649 1086 1674 ε
1100 1642 1193 1674 Cum
1215 1650 1308 1674 nun-

260 1688 332 1724 tius
353 1702 375 1724 a
396 1689 523 1726 Surina
544 1690 659 1739 missus
673 1717 683 1733 ,
731 1688 791 1739 qui
820 1686 933 1736 Craffi'
951 1696 1053 1737 caput
1064 1686 1226 1734 serebat,
1259 1688 1309 1724 ad

259 1739 438 1787 Hyrodem
464 1740 667 1790 pervenisset
685 1767 697 1784 ,
730 1752 847 1777 eorum
878 1746 1000 1788 Regem
1023 1738 1185 1774 convivio
1207 1751 1308 1776 accu-

258 1788 401 1826 bantem
433 1790 574 1839 offendit
597 1819 608 1836 ,
656 1801 700 1830 ω’
728 1790 845 1838 Jasbn
876 1787 1073 1838 Trallienfis
1095 1788 1308 1836 fabularum

259 1842 378 1885 affor,
406 1842 542 1879 remotis
557 1843 637 1891 jam
652 1839 772 1886 mensis
794 1867 804 1884 ‚
833 1840 1008 1889 Euripidis
1021 1839 1189 1887 fabulam
1201 1840 1242 1876 de
1244 1841 1310 1887 fu-

260 1891 322 1927 riis
345 1896 489 1939 Agaves
519 1891 717 1936 abiitabat,
744 1904 888 1940 cumque
918 1890 962 1927 ab
984 1889 1141 1927 omnibus
1155 1890 1304 1939 summa

254 1941 481 1990 jucunditate
511 1955 554 1983 (φ
585 1943 721 1979 laetitia
745 1941 999 1991 probarentur,
1025 1941 1175 1989 scylaces
1205 1951 1307 1992 caput

260 1991 374 2040 Craffi'
392 1993 431 2029 in
451 1994 605 2031 medium
621 1993 771 2043 projecit.
808 1991 923 2041 Jafim
945 2006 1026 2028 vero
1048 1990 1308 2042 dimffls,quae

260 2043 425 2080 manibus
445 2054 528 2080 tunc
545 2043 697 2093 gestabat
710 2072 721 2088 ‚
748 2042 860 2079 Iustus
879 2041 1087 2092 infi'gnibus,
1117 2042 1229 2091 Craffi
1247 2057 1305 2080 ca-

251 2094 326 2142 pite
345 2094 383 2131 in
405 2094 566 2131 manibus
579 2095 698 2143 sumto
712 2122 722 2138 ,
759 2092 857 2145 quasi
867 2095 992 2140 furens
1011 2093 1214 2130 debacchari
1235 2108 1304 2130 coe-

248 2144 307 2192 pit
323 2158 385 2188 ‚ac
408 2145 528 2182 multis
551 2155 650 2195 caput
671 2145 762 2183 illud
783 2145 857 2181 telis
873 2145 1041 2194 perfhdit,
1054 2144 1199 2193 versuse
1213 2150 1302 2181 Tra-

253 2194 372 2242 goedia
402 2195 599 2245 hujusmodi
631 2197 831 2233 decantans.
884 2196 1039 2232 Ferimus
1074 2209 1090 2231 e
1124 2195 1298 2232 montibus

257 2244 399 2282 hinnuli
410 2248 580 2296 praedam
599 2245 843 2296 feliczffimam.
896 2244 1125 2294 Hujusmodi
1146 2257 1234 2294 ergo
1254 2245 1298 2283 fi·

255 2305 342 2333 nem
374 2298 488 2335 Crassi
519 2297 704 2346 expeditio
735 2295 835 2346 quafi
867 2296 1081 2345 Tragoedia
1111 2295 1296 2345 quaedam

252 2345 373 2383 sortita
388 2347 436 2385 est
450 2376 460 2392 ‚
481 2347 526 2385 ad
547 2360 662 2397 quem
683 2359 783 2386 nunc
812 2347 970 2385 alludere
983 2347 1129 2384 videtur
1156 2347 1295 2385 Poe'ta:

253 2395 424 2441 jaconus
453 2412 475 2435 A
503 2399 653 2437 Caucis.
691 2398 857 2448 Quidam
872 2397 927 2435 ad
943 2397 1128 2435 historiam
1148 2397 1222 2434 hoc
1243 2397 1301 2434 lo-

255 2457 303 2483 co
326 2447 513 2496 respexisse
531 2454 684 2498 poetam
707 2449 850 2487 volunt.
887 2447 1033 2485 Eodem
1058 2448 1157 2485 enim
1181 2448 1300 2486 modo

254 2497 296 2532 δε
319 2498 430 2535 Craffi
458 2500 640 2538 interfecti
671 2507 802 2549 caput,
841 2506 881 2536 ut
911 2499 1122 2536 Plutarchus
1140 2498 1258 2535 scribit
1281 2526 1292 2542 ‚

254 2544 438 2587 Trallibus
465 2551 618 2598 quidam
649 2551 770 2588 histrio
792 2551 831 2588 in
854 2549 1000 2587 scenam
1022 2550 1169 2587 allatum
1186 2577 1196 2593 ‚
1225 2561 1292 2598 pro

251 2595 405 2636 Penthei
438 2602 555 2648 capite
583 2601 780 2639 dilaniavit.
815 2600 887 2638 Sed
908 2601 981 2638 hoc
1001 2600 1293 2650 puroaespcepyc‘z·

253 2659 364 2691 τερον.
391 2650 573 2689 Mrem.

312 2709 392 2764 ⁴118.
409 2712 566 2761 Casuque
576 2713 669 2749 canit
681 2713 870 2762 miserabile
891 2712 1060 2763 carmem]
1084 2714 1139 2751 Ita
1160 2725 1294 2751 omnes

255 2758 374 2807 scripti
393 2759 493 2803 libri3
522 2763 644 2812 itaque
674 2763 875 2812 legendum
897 2777 905 2801 :
941 2776 1019 2801 non
1042 2772 1167 2801 autem
1185 2792 1194 2808 ,
1221 2770 1294 2801 Ca-

244 2811 355 2859 suque
374 2811 455 2853 fuit.
483 2811 650 2850 me«.
682 2814 792 2850 Canit
814 2825 859 2850 ex
879 2814 1089 2852 melioribus
1103 2843 1113 2857 ‚
1134 2815 1173 2852 &
1197 2826 1290 2851 mox

254 2867 325 2896 Nec
338 2858 438 2908 finit.
466 2861 504 2898 &
523 2863 607 2911 posti
628 2874 694 2911 pro
719 2863 805 2913 poste
828 2892 839 2907 ,
865 2863 1064 2913 quomodo
1092 2865 1288 2902 Priscianus

252 2910 414 2959 agnoscit
438 2911 498 2949 lib.
520 2924 590 2950 vu.
613 2925 647 2961 p.
670 2914 752 2957 768.
781 2914 981 2951 Hmnsxus.
1030 2914 1287 2961 Cacophanon

252 2961 326 3003 est,
353 2962 431 3010 casu
453 2963 558 3000 canit.
584 2963 670 3000 licet
691 2963 734 3000 ab
759 2964 820 3000 illo
853 2976 930 3001 non
954 2962 1175 3000 abhorruiffe
1194 2965 1290 3000 mul-

250 3020 308 3049 tos
318 3012 427 3049 sciam
441 3039 453 3057 ,
480 3014 565 3051 vide
587 3014 712 3051 Weitz
735 3015 781 3052 ad
802 3014 946 3062 Virgilii
964 3015 1124 3061 Copam.
1147 3025 1182 3049 v.
1211 3025 1238 3050 r.
1253 3016 1292 3050 &

248 3061 411 3100 Broulzh.
443 3063 490 3101 ad
517 3064 642 3102 Tibul.
663 3076 690 3101 1.
722 3076 751 3102 1.
773 3076 806 3114 3.
833 3063 936 3113 quod
965 3062 990 3100 fi
1020 3075 1097 3100 non
1127 3062 1293 3101 offendat

249 3111 328 3150 soni
357 3113 452 3151 istius
480 3114 624 3152 iteratio
645 3143 656 3156 .
684 3116 842 3164 argutius
876 3112 962 3151 effet
983 3142 993 3158 ‚
1030 3114 1173 3164 casuque
1194 3115 1290 3151 cadit

251 3176 298 3200 m.
319 3177 480 3209 carmen,
509 3165 570 3203 sed
590 3164 783 3215 simplicius
806 3165 954 3202 mallem
977 3165 1036 3201 hic
1057 3165 1201 3213 legere,
1232 3178 1290 3201 ca-

242 3215 352 3263 suque
361 3215 459 3263 fugit
479 3211 669 3264 miserabile
692 3230 853 3253 carmen:
883 3215 964 3253 casu
986 3215 1053 3252 viri
1074 3215 1120 3252 ad
1139 3223 1288 3260 terram„

250 3263 289 3317 &c
310 3265 396 3302 inde
418 3275 540 3304 morte
570 3267 745 3317 sequuta,
774 3279 923 3304 carmen
954 3265 1096 3315 aufugit
1119 3293 1129 3309 ,
1157 3268 1196 3303 δε
1223 3266 1287 3302 de-

248 3312 312 3352 sut.
338 3326 425 3352 nam
447 3317 611 3363 casu-suit
625 3346 636 3364 ,
662 3330 740 3357 non
752 3318 933 3367 intelligo,
946 3328 1015 3355 nec
1030 3316 1205 3355 Latinum
1220 3328 1287 3366 pu-

2194 1023 2410 1094 Latiu3‚

1357 1170 1414 1202 to.
1438 1163 1517 1210 fuit
1547 1174 1638 1201 vero
1670 1162 1852 1213 profugit
1870 1161 1999 1201 millies
2023 1174 2044 1201 a
2065 1162 2212 1202 librariis
2233 1163 2404 1213 politum.

1360 1213 1549 1252 Pontanus
1580 1214 1701 1263 capit,
1747 1222 1789 1252 ut
1816 1215 1866 1252 ita
1895 1214 2094 1259 ceciderit,
2129 1222 2169 1251 ut
2191 1215 2229 1252 in
2261 1215 2406 1255 historia

1364 1264 1425 1302 vel
1446 1264 1590 1309 fabula,
1626 1276 1740 1314 quam
1773 1265 1951 1310 canebat,
1986 1265 2089 1303 locus
2118 1264 2250 1303 tristior
2272 1293 2283 1310 ,
2310 1267 2409 1316 quali

1364 1315 1601 1364 praenuntius
1633 1315 1785 1365 quidam
1818 1316 1916 1354 necis
1944 1315 2021 1364 ejus
2057 1315 2246 1354 incideret.
2271 1316 2331 1354 sed
2364 1329 2408 1356 ex

1368 1377 1475 1404 more
1500 1366 1632 1403 Ovidii
1654 1366 1734 1415 casu
1754 1367 1814 1403 hic
1833 1379 1910 1404 non
1935 1379 2001 1415 pro
2022 1366 2138 1409 sorte,
2162 1365 2222 1404 sed
2234 1368 2409 1417 prolapsu

1367 1416 1405 1454 in
1435 1424 1570 1454 terram
1603 1416 1711 1455 debet
1740 1417 1832 1466 capi.
1868 1429 1956 1455 nam
1986 1416 2173 1467 praecedit
2203 1419 2350 1455 concidit
2372 1421 2410 1457 &

1366 1467 1467 1515 casu,
1504 1468 1576 1505 ἃς.
1602 1467 1653 1505 ita
1680 1468 1781 1505 enim
1814 1477 1979 1516 repetere
2010 1467 2138 1505 similia
2160 1469 2296 1506 centies
2317 1469 2410 1509 Ovi-

1362 1517 1464 1555 dium
1489 1518 1567 1567 jam
1589 1518 1692 1568 saepe
1713 1518 1932 1557 adnotatum
1956 1520 2035 1557 fuit.
2066 1519 2198 1557 Bsz.

1419 1581 1501 1617 119.
1529 1569 1676 1619 Ferox.]
1707 1576 1812 1607 Ferus
1838 1582 1933 1607 unus
1956 1568 2109 1608 Heinfii.

1419 1632 1500 1658 120.
1527 1626 1707 1671 Raptaque
1735 1621 1776 1657 de
1806 1621 1892 1657 duro
1921 1620 2056 1668 robusta
2092 1620 2253 1670 repagula
2281 1619 2407 1673 poste}

1364 1670 1473 1719 Lego
1489 1699 1499 1715 ‚
1523 1671 1628 1720 posti,
1667 1682 1712 1708 ex
1733 1670 1915 1709 Prisciano
1948 1671 2009 1709 lib.
2030 1683 2109 1708 vxi.
2138 1671 2290 1709 Cousr.
2312 1673 2406 1710 Fau.

1363 1721 1462 1759 Vide
1496 1722 1621 1759 Gifan.
1654 1721 1734 1759 Ind.
1767 1723 1915 1759 Lucret.
1946 1722 1985 1760 in
2012 1722 2087 1759 colli
2120 1723 2158 1759 δε
2181 1722 2261 1759 luci.
2313 1728 2410 1760 Dure

1364 1780 1506 1817 autem,
1527 1772 1631 1822 quod
1654 1772 1888 1811 Constantius
1899 1773 2023 1818 habet,
2045 1773 2082 1810 in
2095 1773 2196 1811 nullo
2210 1772 2409 1812 codicere-

1362 1824 1449 1872 peri.
1478 1835 1569 1860 mox
1598 1824 1733 1861 iterum
1773 1823 1949 1862 Heinsius
1984 1824 2168 1869 malebat,
2204 1824 2304 1861 laevo
2326 1838 2409 1875 quo-

1365 1888 1428 1924 que
1449 1874 1568 1911 robora
1586 1875 1678 1923 posti.
2394 1907 2395 1910 ,

1416 1937 1498 1963 120.
1526 1925 1671 1973 Robusta
1691 1924 1891 1975 repagula.]
1920 1924 2108 1975 Repagula
2128 1924 2299 1963 dicuntur
2320 1925 2410 1964 affe-

1360 1987 1415 2013 res
1430 1976 1518 2025 ,qui
1539 1976 1662 2013 clausis
1683 1977 1777 2014 ostiis
1799 1985 2051 2025 opponuntur.
2073 1977 2242 2013 Remus.
2270 1975 2408 2015 Vestes

1362 2025 1437 2063 sive
1460 2027 1582 2064 obices
1605 2026 1726 2064 dicere
1747 2027 1839 2065 vult.
1862 2038 1975 2076 porro
1998 2026 2102 2073 Prisc.
2122 2026 2186 2065 lib.
2210 2038 2245 2072 7.
2267 2038 2304 2075 p.
2318 2028 2402 2074 768.

1359 2077 1472 2115 citato
1491 2077 1565 2115 hoc
1577 2077 1680 2115 versu
1694 2106 1704 2122 ,
1726 2089 1793 2126 pro
1821 2077 1906 2127 poste
1920 2106 1929 2121 ,
1948 2077 2031 2127 posti
2051 2077 2138 2125 legit
2160 2076 2321 2115 ablativo
2345 2090 2406 2117 ca·

1360 2127 1412 2165 su.
1439 2128 1618 2165 Mmur.
1671 2127 1841 2178 Repagula
1862 2157 1872 2173 ,
1910 2128 2049 2178 inquit,
2093 2128 2258 2176 Raphae‘l
2277 2126 2404 2167 afferes

1356 2177 1551 2224 dicuntur,
1579 2179 1703 2216 obices
1733 2178 1846 2216 credo
1880 2179 1960 2216 vult
1990 2178 2134 2224 dicere,
2161 2178 2247 2228 quia
2269 2191 2315 2217 ex
2338 2192 2403 2218 ve·

1357 2228 1470 2266 <stibus
1493 2238 1555 2267 aut
1573 2229 1710 2267 sublicis
1731 2229 1835 2278 saepe
1848 2228 1955 2267 fiunt.
1976 2230 2122 2267 Dextro
2143 2237 2269 2267 autem
2282 2230 2398 2278 poste,

1353 2279 1426 2324 ait,
1454 2281 1539 2329 quia
1561 2280 1636 2318 bini
1665 2279 1746 2318 sunt
1772 2281 1810 2317 in
1843 2280 1955 2329 portis
1983 2280 2125 2329 postes,
2151 2279 2213 2318 sed
2234 2280 2330 2319 obex
2355 2281 2402 2321 ad

1356 2329 1540 2368 dextrum.
1568 2332 1776 2369 GLAREAN.

1408 2393 1485 2418 121.
1514 2380 1642 2429 Offibus
1663 2380 1801 2430 illifit.]
1841 2380 1884 2418 In
1915 2393 1993 2419 uno
2027 2381 2177 2420 Caelest.
2206 2380 2302 2432 elifit.
2351 2383 2398 2422 In

1356 2430 1568 2476 Vaticano,
1597 2432 1740 2469 duobus
1773 2431 1865 2469 meis
1895 2433 1934 2469 &
1964 2431 2059 2470 Abb.
2078 2430 2233 2480 immzfit.
2285 2433 2398 2483 Apud

1356 2481 1577 2520 priscianum
1597 2482 1657 2520 lib.
1680 2494 1752 2519 vn.
1777 2482 1826 2519 est
1855 2483 2015 2531 superior
2043 2483 2178 2520 lectio:
2207 2494 2320 2532 quam
2347 2484 2399 2522 se—

1347 2543 1453 2582 quor.
1484 2534 1704 2571 C10FANUS.
1757 2532 1881 2581 Irafixit
1903 2533 2054 2571 Thuan.
2075 2533 2174 2570 elidit
2196 2532 2368 2573 Leidens.

1402 2608 1484 2632 122.
1515 2595 1701 2632 Procubuit
1721 2593 1845 2643 terra.]
1863 2600 1987 2631 Terrae
2007 2595 2188 2632 meliores.
2221 2602 2262 2633 ut
2285 2594 2390 2644 saepe

1347 2645 1442 2683 alibi.
1470 2647 1676 2683 Hmusms.
1738 2644 1839 2682 Vide
1864 2644 1910 2682 ad
1931 2645 1990 2682 lib.
2008 2657 2062 2683 11.
2078 2656 2162 2694 347.

1404 2723 1483 2753 124.
1511 2710 1740 2761 Cinipheus.]
1778 2710 1982 2759 Cinyphius.
2031 2713 2170 2757 Κῖνυψ,
2209 2713 2390 2761 Κίνυφος,

1349 2763 1526 2807 Κινύφιος.
1553 2761 1601 2798 sic
1634 2759 1799 2809 Cinyphii
1832 2761 2039 2799 membrana
2070 2763 2222 2812 chelydri
2241 2765 2301 2802 lib.
2319 2777 2392 2803 vn.

1346 2824 1431 2857 272·
1455 2813 1504 2850 ita
1538 2812 1576 2849 δε
1596 2811 1687 2848 libro
1711 2822 1773 2847 xv.
1797 2821 1881 2859 755.
1907 2811 2136 2851 scribendum
2160 2815 2391 2864 Cinyphium-

1346 2878 1409 2915 que
1420 2862 1560 2908 Jubam
1574 2890 1584 2907 ‚
1606 2862 1686 2910 jam
1709 2861 2003 2901 animadvertisse
2025 2865 2281 2902 amiciffimum
2294 2878 2390 2915 quo·

1346 2927 1419 2964 que
1449 2915 1581 2961 Janum
1604 2912 1761 2950 Vlitium
1790 2911 1835 2949 ad
1857 2923 1893 2949 v.
1914 2925 2048 2953 xxxw.
2085 2916 2201 2952 Gratii
2223 2916 2314 2954 curis
2335 2916 2386 2954 se·

1346 2965 1471 3002 cundis
1490 2963 1616 3007 video,
1644 2962 1708 3012 qui
1726 2962 1797 3000 illic
1819 2963 2068 3003 consulendus⁴
2109 2966 2319 3015 Cinyphiam
2330 2966 2386 3016 Je-

1341 3026 1453 3064 getem
1478 3014 1611 3051 Noster
1634 3015 1743 3051 Pont.
1762 3013 1821 3050 lib.
1849 3025 1904 3050 11.
1930 3016 2033 3065 Eleg.
2055 3028 2127 3053 vn.
2151 3018 2262 3054 etiam
2281 3017 2382 3055 dixit.

1345 3065 1443 3114 apud
1464 3065 1660 3114 Virgilium
1684 3064 1822 3112 Georg.
1843 3076 1907 3101 111.
1929 3078 2014 3116 312.
2051 3066 2216 3116 Cyniphii
2240 3067 2326 3103 hirci
2343 3068 2382 3106 in

1347 3116 1549 3154 veterrimis
1595 3113 1781 3153 codicibus
1826 3115 2002 3162 pertinaci
2049 3129 2171 3154 errore
2204 3117 2383 3155 dicuntur.

1344 3167 1535 3216 Cinyphius
1557 3166 1740 3215 Bagradra
1753 3193 1763 3208 ,
1777 3165 1815 3202 ἃ
1829 3168 1994 3218 Cyniphii
2013 3168 2087 3216 agri
2107 3167 2202 3215 apud
2226 3168 2380 3206 Statium

1342 3217 1402 3255 lib.
1425 3230 1480 3255 1v.
1504 3217 1695 3254 Silvarum.
1722 3227 1790 3264 pro
1808 3216 1921 3254 Coriti
1941 3218 2053 3254 etiam
2078 3218 2177 3256 malo
2193 3246 2204 3262 ,
2224 3218 2380 3267 Corythi.

1343 3279 1431 3304 nam
1442 3268 1669 3314 vetustiores,
1682 3266 1831 3306 Corithi.
1856 3267 1940 3307 vide
1954 3269 2071 3308 Notas
2081 3269 2142 3307 lib.
2157 3281 2229 3306 vu.
2243 3268 2289 3306 vs.
2299 3269 2380 3318 362.

1342 3318 1544 3357 Hzmsxus.

2174 3382 2254 3418 ης.
2279 3373 2378 3406 Mar·
