2483 3616
765 132 829 189 P.
901 124 1317 189 OV=1D11

1388 121 1918 203 NA50N15

565 224 713 284 'Cum
740 226 888 281 videt
912 220 1271 282 AEesoniden:
1312 218 1654 292 extinttaque
1682 219 1898 277 flamma
1920 218 2132 276 revixit.

565 298 638 358 Et
665 298 894 355 rubuere
923 313 1121 369 genae;
1162 307 1392 368 totoque
1418 293 1698 349 recanduit
1722 310 1832 348 ore.

323 502 438 554 Ἠελῖῳ
457 499 490 542 δ’
513 498 691 551 οἷκοῖμαιντι
711 501 782 540 τέκε
811 496 919 540 ’anna->3
937 496 1100 543 ss’ueoevi'm

333 560 461 611 Γεςο-ηὶς
483 555 643 608 Κίςκᾶοτε
657 586 666 603 ,
694 560 728 608 ‘3
747 553 877 596 Ain'rba
895 555 1064 602 βασιλῆα.

274 622 443 660 Homeri
465 631 588 658 autem
613 618 742 670 Odyff.
760 620 807 658 K.
828 621 909 669 136.
928 621 986 657 hi:

326 685 470 740 ssignnff
488 686 697 736 ἐϋπλόκαμος
711 715 719 731 ‚
750 682 824 725 ὃεινῆ
840 686 913 725 θεὶς
925 713 936 732 7
949 677 1115 725 xv’d‘rko‘ms

336 744 513 788 Αὐτοκοις,
537 738 634 786 wira
655 739 832 790 ὃλσίφρονος
850 735 991 779 Abina.

334 797 459 846 Α”μφω
484 793 514 832 δ’
532 792 724 839 ἐκγεγοέτᾶκκ
748 794 982 842 φαεσιμβρότὸ
1009 790 1143 841 ἦελιόιο,

333 853 464 903 Μητξός
483 854 512 886 τ’
542 853 577 887 ἐκ
599 849 719 900 Πέξο-ης
739 846 806 884 πίἂ
827 848 976 888 Ω’κεοινός
998 849 1069 886 τέκε
1090 844 1207 886 malda.

277 917 456 956 Eumelus
478 923 602 953 autem
621 923 726 951 vetus
745 916 857 961 poeta
872 939 883 957 ‚
912 915 1023 950 etiam
1041 915 1250 963 Antiopem
1265 925 1337 952 vo-

280 977 359 1012 cat,
387 967 520 1005 AEetae
549 972 731 1008 matrem,
758 964 877 1012 ipsum
905 964 1145 1002 Corinthium
1176 965 1282 1010 facit,
1315 963 1336 1002 ὲ

281 1019 466 1056 Corintho
491 1025 614 1053 autem
645 1017 682 1053 in
712 1015 877 1052 Colchos
897 1014 1109 1063 profestum
1141 1016 1202 1053 ait.
1231 1017 1334 1064 cujus

276 1068 422 1112 versus,
451 1078 491 1105 ut
510 1066 661 1116 quidem
682 1067 720 1103 in
744 1073 952 1103 comment.
978 1064 1125 1104 Pindari
1151 1068 1333 1112 citantur,

281 1120 330 1157 ita
353 1119 389 1156 se
411 1119 567 1161 habent,
597 1117 754 1165 Olymp.
773 1129 864 1153 xm.
886 1128 943 1165 75.

335 1185 424 1225 A'aa'
446 1186 499 1225 ‘o'rz
520 1183 550 1222 δ’
567 1180 717 1230 Αἰῆτης,
748 1189 780 1237 ις.)
802 1183 931 1227 Amen}
952 1184 1120 1231 ἔξεγενᾶντο

330 1239 474 1281 Ηελιέτε
488 1271 497 1287 ,
526 1245 558 1292 ng
579 1241 758 1282 Α’ντιόπης.
802 1240 878 1279 τότε
900 1239 929 1277 δ’
951 1239 1075 1290 οἷνὸιχοι
1094 1238 1209 1291 χῶρᾶυ

333 1295 481 1336 Λεία-ατο
499 1297 609 1333 παισὶν
631 1296 686 1336 ἑοῖς
704 1296 868 1345 Υ”περιόνος
888 1295 1021 1341 iynx&
1040 1292 1114 1335 υἱός,

334 1352 390 1388 H‘v
409 1353 466 1400 μὲν
485 1349 538 1399 ’ἔχ’
554 1348 742 1399 ΑἸο-ωπΘῃ
770 1348 907 1388 rath-lm
929 1348 999 1401 vrc'pe
1023 1349 1077 1400 ἓίῳ
1096 1350 1235 1400 Α’λωεῖ,

334 1403 410 1443 Tbas*
433 1404 462 1442 δ’
481 1402 633 1455 Ε’φύρίκ]
646 1435 656 1452 .,
679 1401 860 1443 κτείς-ευτ’
883 1402 986 1457 Αἰήτῃ
998 1404 1091 1444 δῶκεν
1112 1399 1264 1444 ἅπασαν.

335 1457 456 1501 Αἰήτης
476 1458 503 1497 δ’
528 1457 571 1512 οἷς
588 1457 662 1497 {nair
680 1456 784 1499 Bov'rw
805 1457 1173 1511 παρέδωκεφυλεέῖσειν,

335 1517 467 1554 Eia-ow
487 1512 724 1555 xv'rbi’Hmar’
742 1511 759 1556 ’ἦ
779 1516 810 1561 ἐξ
832 1513 947 1552 αὗτοΐό
966 1532 1012 1556 τις
1035 1511 1129 1556 ἄλλος

332 1574 475 1619 Ηποιῒς,
506 1571 523 1610 ἦ
546 1571 647 1611 ἦωνὸς.
677 1569 722 1607 ὅδ’
743 1570 830 1609 ‘dnm
851 1569 1010 1618 Κολχίδι
1029 1573 1147 1616 γαῖα),

282 1633 410 1682 Atque
431 1635 518 1671 hinc
536 1635 674 1673 saelum
686 1635 746 1673 alii
767 1635 942 1681 tradunt,
970 1645 1010 1673 ut
1031 1636 1251 1674 Corinthum
1266 1648 1334 1685 po-

283 1684 356 1721 stea
380 1686 519 1722 venerit
543 1685 705 1731 Medea,
733 1698 964 1737 regnumque
985 1695 1178 1735 paternum
1201 1689 1335 1735 repeti-

284 1735 404 1779 verit,
431 1748 542 1784 quam
557 1746 682 1774 tamen
706 1737 890 1774 Corinthii
929 1738 1016 1774 urbe
1047 1738 1266 1787 ejecerunt,
1293 1749 1336 1775 ac

282 1783 418 1822 liberos
440 1786 554 1829 illius,
582 1799 629 1823 ne
652 1788 732 1835 quis
764 1785 963 1831 successor,
992 1795 1054 1825 aut
1084 1789 1210 1826 haeres
1243 1789 1336 1827 illius

286 1835 442 1883 amplius
472 1836 736 1884 relinqueretur
757 1863 767 1879 ,
806 1837 1047 1883 occiderunt,
1083 1839 1195 1886 sparsa
1217 1838 1336 1877 fabula

285 1885 388 1934 quasi
407 1897 426 1922 a
446 1894 562 1922 matre
594 1898 639 1923 ex
669 1886 804 1924 invidia
834 1888 1017 1925 interfeeti
1037 1888 1194 1927 fuillent.
1223 1899 1335 1939 atque

286 1936 381 1972 haec
401 1935 446 1973 de
465 1935 601 1981 AEeta,
646 1937 684 1973 δε
717 1937 792 1986 ejus
821 1949 967 1986 genere.
994 1940 1220 1978 MicrLLus.
1273 1941 1334 1978 De

285 1986 433 2024 Hecate
474 1987 586 2024 multa
618 1986 706 2024 scitu
751 1988 857 2035 digna
887 1989 1036 2037 collegit
1064 1991 1268 2029 Parrhafius
1296 1993 1334 2029 in

286 2037 534 2074 Claudianum
556 2037 616 2074 lib.
643 2050 672 2074 1.
693 2050 774 2087 v.5.
815 2039 930 2087 Cujus
951 2040 1042 2077 haec
1060 2041 1160 2079 sunt:
1190 2043 1335 2079 Hecate

283 2087 403 2124 Persei
423 2089 536 2125 fratris
560 2088 701 2125 Aeetae
720 2089 950 2127 Colchorum
964 2092 1055 2139 regis
1075 2091 1147 2130 filia
1172 2093 1265 2137 fuit,
1295 2102 1336 2130 ut

286 2136 493 2185 Dionysius
535 2138 699 2176 Milesius
729 2139 767 2177 in
800 2140 1055 2189 Argonaut—ico
1085 2143 1207 2180 refert,
1259 2144 1338 2188 Ea,

286 2187 377 2224 dum
400 2200 492 2237 >vaga
514 2199 580 2237 per
600 2188 703 2227 saltus
721 2201 917 2228 venaretur
931 2219 940 2236 ,
968 2192 1198 2245 ⁴aconitivim
1221 2195 1338 2242 prima

286 2238 550 2286 deprehendit:
582 2240 686 2277 &ita
707 2249 839 2278 necato
860 2251 1031 2290 parente,
1060 2253 1214 2291 regnum
1227 2256 1340 2281 occu-

285 2290 414 2338 pavit,
443 2288 463 2326 a
496 2289 566 2327 suis
593 2291 630 2327 in
663 2291 811 2329 coelum
844 2292 924 2341 post
955 2301 1118 2331 mortem
1141 2295 1272 2339 relata,
1300 2303 1340 2332 ut

286 2339 387 2387 apud
408 2340 622 2378 Diodorum
649 2340 817 2391 legimus.
846 2342 1008 2391 ejusdem
1039 2345 1203 2383 nominis
1229 2345 1339 2383 altera

290 2401 336 2426 ex
350 2389 484 2427 Asteria
499 2418 507 2434 ‚
523 2391 693 2432 Latonae
712 2392 836 2430 sorore
857 2396 894 2431 &
915 2394 1046 2432 Perseo
1067 2394 1208 2433 Titane
1228 2405 1311 2433 nata
1327 2424 1337 2441 ,

290 2440 531 2488 cuiJuppiter
562 2442 746 2480 elementa
772 2443 946 2493 subjecit,
973 2446 1016 2482 &
1047 2445 1168 2483 Coelo
1199 2447 1339 2484 Erebo-

289 2501 364 2538 que
388 2500 579 2537 potentem
603 2494 691 2530 fecit
706 2521 716 2538 ,
747 2502 788 2531 ut
812 2496 909 2532 canit
927 2495 1061 2533 Maro:
1085 2496 1184 2535 unde
1207 2498 1339 2535 &He-

293 2548 372 2576 cate
393 2540 486 2578 <licta
504 2570 514 2586 ‚
539 2551 576 2579 ut
597 2543 766 2581 discimus
785 2557 830 2582 ex
854 2545 1036 2583 Hefiodo.
1064 2548 1167 2597 Virg.
1183 2547 1338 2586 AEneid.

293 2600 349 2626 lv.
379 2594 440 2625 Ter
454 2602 589 2628 centum
601 2604 699 2630 tonat
722 2608 775 2631 ore
795 2601 881 2632 Deos
904 2610 914 2639 ;
945 2596 993 2633 fic
1015 2598 1114 2635 enim
1136 2610 1204 2636 nos
1227 2599 1340 2636 inter·

295 2641 425 2687 pretati
443 2641 562 2680 sumus
585 2671 595 2687 ,
625 2653 664 2680 ut
692 2645 787 2682 dicat
818 2647 988 2684 Hecaten
1010 2646 1030 2684 a
1052 2648 1130 2697 saga
1157 2657 1212 2687 ter
1230 2650 1341 2686 invo-

294 2697 413 2726 catam
428 2717 436 2733 ‚
464 2704 575 2741 quam
599 2705 662 2741 per
682 2706 817 2732 centum
841 2697 992 2735 obscure
1013 2700 1164 2748 quidem
1178 2727 1188 2744 ,
1205 2699 1263 2737 sed
1276 2712 1341 2749 pe-

295 2739 461 2777 ritissime
492 2742 690 2790 designavit
714 2772 724 2788 ,
763 2746 809 2783 ad
831 2748 1087 2795 amplissimarn
1111 2751 1214 2788 Deae
1233 2760 1341 2800 pote-

293 2791 447 2834 statem,
475 2792 513 2828 δε
541 2794 703 2830 nominis
731 2797 910 2834 rationem
941 2798 1046 2836 simul
1070 2800 1243 2838 alludens.
1300 2801 1341 2840 Id

295 2841 341 2879 ab
363 2840 493 2876 ἑκκτὶν
516 2843 666 2879 trahitur
682 2871 691 2887 ‚
719 2845 821 2891 quod
850 2847 946 2894 apud
976 2849 1138 2888 Graecos
1157 2852 1255 2889 idem
1278 2864 1342 2890 va-

295 2892 348 2929 let
380 2891 483 2939 quod
516 2901 679 2930 centuni.
730 2894 930 2933 Ternarius
960 2909 1071 2944 porro
1104 2913 1277 2939 numerus
1305 2904 1341 2940 in

297 2941 479 2992 ejusmodi
501 2942 602 2980 sacris
621 2943 853 2982 adhibebatur
877 2958 921 2982 ex
946 2949 1040 2990 ritu,
1066 2957 1106 2985 ut
1124 2962 1169 2986 ex
1194 2953 1344 2989 Home-

297 3005 363 3037 ro,
394 2992 564 3036 Nasone,
594 2993 748 3030 Tibullo
764 3022 773 3038 ,
805 2996 955 3042 Papinio
984 2998 1179 3045 colligitur;
1204 3002 1345 3038 &Por-

297 3043 448 3092 phyrius
467 3043 525 3080 ille
549 3043 786 3092 Philosophus
807 3047 841 3081 in
866 3045 1056 3093 Responsis
1074 3049 1217 3086 abunde
1240 3050 1345 3087 diffe-

295 3096 353 3133 rit.
408 3093 489 3131 Nec
510 3093 608 3131 obest
627 3094 730 3143 quod
755 3093 774 3131 a
800 3098 909 3141 poeta
930 3096 1044 3134 statim
1065 3097 1269 3146 subjicitur:

351 3144 653 3193 Tergeminamque
675 3152 823 3181 Hecaten
849 3147 920 3182 tria
941 3146 1086 3194 virginis
1107 3161 1166 3184 ora
1190 3150 1344 3188 Dianae.

304 3196 403 3233 Nam
434 3196 482 3232 sui
513 3198 623 3233 moris
647 3196 718 3240 est,
747 3205 787 3233 ut
806 3197 914 3234 etiam
937 3197 1148 3236 Macrobius
1170 3200 1347 3238 observa-

300 3248 377 3292 rit,
406 3246 441 3283 in
463 3247 592 3296 quibus
612 3258 689 3286 non
714 3248 888 3287 convenit
906 3248 1001 3288 inter
1021 3248 1177 3298 doctos,
1201 3259 1347 3301 utram-

2348 367 2423 424 Ut

1387 503 1463 542 que
1482 491 1701 529 sententiam
1717 492 1937 541 complecti:
1966 504 2043 542 quo
2054 492 2124 538 fit,
2137 499 2177 531 ut
2191 491 2251 530 fibi
2271 492 2428 542 plerum&

1388 554 1462 591 que
1490 553 1567 579 non
1596 543 1763 580 constent
1784 570 1795 587 ,
1831 551 1872 581 ut
1903 543 2048 581 Servius
2071 571 2081 587 ,
2110 545 2148 581 ὅ(
2168 544 2321 592 31114)οῆ
2346 556 2428 586 eum

1383 593 1635 630 Grammatici
1654 603 1888 632 notaverunt.
1944 594 2062 631 Notat.
2088 593 2239 631 diversas
2261 595 2297 632 in
2315 596 2431 635 Heca-

1389 652 1426 681 te
1446 645 1668 692 opiniones,
1705 645 1745 682 ὃ(
1773 657 1879 690 eam,
1907 655 2019 694 quam
2041 644 2200 693 superius
2229 644 2430 692 attulimus.

1392 695 1432 732 δε
1454 706 1585 733 eorum
1608 722 1618 739 ‚
1655 696 1719 745 qui
1751 706 1835 733 cum
1865 696 2016 743 Junone
2051 696 2304 745 conjungunt,
2331 704 2370 734 ut
2390 696 2432 737 sit

1393 748 1522 782 eadem
1553 746 1653 792 Juno
1676 774 1687 791 ,
1726 745 1875 791 Diana,
1910 747 1949 784 ὃ(
1980 746 2216 795 Proserpina,
2247 757 2290 783 ex
2309 746 2431 796 quibus

1393 796 1540 833 Hecate
1566 824 1575 840 ‚
1612 807 1652 834 ut
1685 795 1734 834 est
1765 797 1861 846 apud
1886 799 2082 835 Lucanum
2102 824 2112 841 ,
2142 808 2342 834 commune
2365 809 2433 847 nuq

1393 858 1482 884 men
1505 846 1693 885 efficiatur.
1748 847 1891 886 Idcirco
1913 859 1960 885 ne
1986 848 2199 886 alterutrum
2214 850 2323 895 po'e'ta
2336 846 2432 888 dam-

1390 906 1494 936 naret
1514 925 1525 942 ,
1561 906 1759 947 utrumque
1785 899 1888 936 dixit.
1940 898 1984 935 In
2008 899 2101 935 haec
2130 898 2311 936 divertere
2332 898 2433 939 libuit

1389 957 1539 998 propter
1559 960 1623 986 eos
1638 976 1648 993 ‚
1677 950 1741 998 qui
1762 949 1989 987 anicularum
2010 948 2241 986 delirrameta
2261 947 2381 988 senati
2403 948 2424 988 ὶ

1391 999 1521 1037 Servio
1541 997 1783 1037 discesserunt.
1807 1000 1978 1039 Hecaten
2001 999 2125 1037 Noae
2156 1000 2320 1050 genitam
2341 1001 2434 1046 canit¹

1388 1050 1616 1100 Bachyllides
1635 1078 1644 1094 ,
1671 1051 1767 1097 Jove
1787 1051 1826 1088 &
1847 1050 1988 1088 Asterie
2011 1051 2182 1089 Musaeus
2204 1078 2214 1094 ,
2243 1049 2375 1088 eodem
2395 1051 2431 1089 δε

1390 1102 1526 1138 Cerere
1546 1101 1730 1149 Orpheus.
1758 1101 1971 1139 Pherecides
1996 1102 2148 1139 Aristaei
2176 1101 2309 1139 Peonis
2328 1100 2431 1140 filiam

1389 1151 1508 1190 tradit.
1543 1152 1682 1189 Eadem
1702 1151 1836 1191 Perseis
1857 1152 2057 1202 appellatur
2080 1151 2099 1189 a
2123 1161 2237 1201 patre.
2283 1151 2432 1200 Apollo·

1393 1203 1474 1240 nius
1503 1202 1708 1251 Argonaut.
1740 1215 1822 1241 111.
1853 1207 1981 1240 πότνια
2003 1203 2060 1239 esic
2085 1204 2231 1248 Περσῆι.
2261 1202 2298 1240 &
2320 1204 2355 1239 in
2377 1213 2428 1242 xv.

1395 1255 1617 1290 νυκτιπόλου
1642 1255 1827 1298 Hero-icae
1847 1255 1950 1299 ’όργιοι
1973 1256 2092 1297 κούρης
2109 1282 2121 1299 ,
2149 1253 2187 1292 id
2209 1254 2256 1292 est
2271 1281 2282 1298 ‚
2311 1252 2432 1292 Noffl-

1394 1316 1508 1353 vagae
1531 1304 1641 1341 testor
1659 1305 1845 1342 Perseidos
1874 1306 1977 1354 orgia
1997 1305 2133 1343 Divae.
2187 1306 2271 1342 Nec
2288 1303 2382 1341 aliud
2398 1303 2432 1342 in

1394 1354 1587 1392 Call-andra
1601 1383 1611 1399 ‚
1641 1367 1725 1392 cum
1744 1355 1865 1394 Persei
1883 1355 2079 1405 Virginem
2094 1355 2183 1393 dicit
2196 1354 2432 1404 Lycophron,

1393 1406 1586 1443 intellexit.
1640 1406 1688 1444 Et
1708 1406 1878 1456 Papinius
1892 1407 1932 1445 in
1953 1407 2177 1446 evocatione
2200 1406 2372 1444 Manium
2391 1415 2432 1443 ex

1388 1457 1548 1505 persona
1570 1455 1759 1495 Tiresiae:

1846 1525 1898 1559 Tu
1917 1521 2034 1569 separe
2061 1530 2155 1557 coetu

1444 1566 1576 1618 Elysios
1597 1569 1716 1619 Persea
1728 1569 1799 1619 pios
1814 1599 1824 1616 ,
1852 1571 2019 1622 virgaque
2035 1571 2169 1621 potenti

1443 1619 1600 1657 Nubilus
1619 1626 1736 1658 Arcas
1756 1632 1851 1670 agat-¹
2480 1659 2481 1662 ,

1392 1683 1435 1722 In
1479 1695 1556 1732 quo
1586 1680 1696 1732 Persei
1720 1681 1882 1735 'quoque
1914 1686 1987 1736 legi
2027 1685 2146 1734 potest
2177 1712 2188 1729 ‚
2226 1693 2268 1723 ut
2297 1685 2437 1732 inacta:

1390 1735 1546 1783 Phylli,
1585 1735 1780 1783 Amarylli.
1842 1737 1945 1774 Hinc
1975 1745 2125 1785 apparet
2155 1748 2218 1773 eos
2239 1736 2311 1774 falli
2335 1764 2345 1780 ,
2381 1737 2437 1785 qui
2472 1739 2476 1777 i

1394 1787 1532 1834 Perftae
1552 1785 1751 1834 legendum
1783 1795 1935 1835 putant3
1965 1788 2003 1824 ὃ(
2032 1787 2214 1825 inerudite
2235 1786 2438 1831 Bacchum,

1391 1836 1452 1873 vel
1476 1836 1706 1874 Mercurium
1737 1836 1790 1874 bis
1822 1838 2019 1876 inculcant.
2071 1838 2247 1885 Orphe-us
2268 1838 2305 1874 in
2330 1839 2440 1886 Argo-

1389 1887 1544 1925 nautico
1573 1886 1704 1934 triplex
1727 1899 1810 1925 eam
1834 1896 1944 1936 caput
1964 1888 2098 1925 habere
2118 1888 2222 1935 fingit
2237 1915 2247 1930 ‚
2280 1887 2438 1925 dextrum
2468 1898 2479 1925 ν

1390 1937 1507 1987 equi,
1535 1936 1715 1974 sinistrum
1755 1939 1852 1975 canis
1872 1966 1882 1983 ,
1920 1938 2091 1975 medium
2120 1937 2285 1976 hominis
2314 1936 2440 1988 &quiq
2467 1947 2474 1977 l

1391 1988 1477 2027 dem
1495 1987 1626 2025 rustici.
1654 1987 1816 2026 Ovidius
1833 1990 1871 2026 in
1890 1987 2021 2026 Fastis:

1444 2056 1517 2087 Ora
1544 2050 1644 2087 vides
1668 2057 1813 2089 Hecates
1834 2053 1872 2089 in
1898 2062 1967 2089 tres
1987 2052 2168 2102 vergentia
2182 2053 2331 2100 formas.

1395 2112 1624 2151 Alcamenes
1656 2115 1829 2152 omnium
1854 2116 1992 2163 primus
2024 2115 2192 2153 Hecatae
2215 2117 2383 2154 triforme
2406 2113 2442 2153 fiss

1396 2175 1512 2211 gnum
1541 2164 1642 2202 fecit.
1698 2163 1740 2201 Id
1763 2166 1918 2203 Athenis
1937 2166 2118 2204 visebatur
2133 2167 2240 2216 juxta
2261 2166 2439 2204 vietoriae
2468 2179 2472 2193 ·

1396 2214 1548 2251 statuam
1565 2241 1576 2258 ‚
1599 2226 1715 2265 ⁴quam
1730 2243 1739 2258 ‚
1765 2216 1865 2266 quod
1880 2218 1941 2254 alis
1964 2216 2131 2261 carebat,
2152 2217 2369 2267 implumem
2381 2227 2438 2254 vo·
2468 2242 2472 2261 2

1397 2265 1549 2309 cabant,
1578 2274 1618 2302 ut
1650 2265 1763 2303 docet
1795 2268 1994 2305 Pausanias.
2049 2268 2218 2305 Hecatae
2243 2279 2352 2306 canes
2378 2268 2438 2305 im·
2467 2278 2470 2291 ¹

1397 2315 1652 2361 molabantur,
1680 2325 1721 2354 ut
1740 2317 1953 2357 Mimorum
1988 2321 2101 2368 poe'ta
2130 2318 2249 2357 scribit
2271 2319 2438 2368 Sophron.
2468 2327 2469 2331 ’

1397 2365 1622 2404 Cromnos.
2468 2405 2470 2408 ,

1447 2426 1504 2465 75.
1533 2419 1632 2464 Qas
1653 2431 1774 2455 nemus
1794 2418 2011 2468 umbrofitm,
2038 2420 2234 2470 sbcretaque
2249 2419 2346 2469 silva
2364 2429 2438 2468 tege.-
2462 2440 2466 2452 ›

1395 2465 1495 2515 bat.]
1528 2469 1654 2506 Locus
1675 2470 1735 2507 hic
1754 2481 1798 2506 ex
1819 2482 1882 2513 eo,
1905 2472 1969 2519 qui
1990 2472 2027 2508 in
2042 2471 2202 2509 Medeae
2213 2471 2359 2520 epistola
2379 2468 2438 2514 est,
2462 2499 2463 2502 η

1397 2519 1435 2554 ὃς
1461 2518 1521 2554 ille
1542 2530 1587 2555 ex
1611 2519 1686 2557 hoc
1706 2531 1825 2569 aeque
1844 2521 2057 2560 illustratur:

1446 2568 1504 2616 Est
1527 2581 1648 2606 nemus
1669 2582 1711 2610 cy
1727 2570 1831 2620 piceis
1844 2598 1854 2614 ‚
1884 2571 2122 2616 &frondibus
2141 2572 2228 2610 ilicis
2253 2580 2370 2610 atrum
2380 2585 2394 2615 ;

1502 2619 1567 2656 Vix
1592 2620 1677 2657 illuc
1697 2621 1810 2658 radiis
1826 2621 1910 2658 Solis
1929 2623 2027 2660 adire
2048 2623 2137 2661 licet.

1447 2674 1536 2706 Sunt
1557 2670 1598 2706 in
1616 2685 1650 2707 eo
1680 2672 1848 2718 (fuerant
1878 2675 1990 2720 certe)
2019 2673 2164 2710 delubra
2188 2673 2350 2717 Dianae,

1502 2725 1627 2758 Aurea
1646 2721 1830 2759 barbarica
1849 2723 1924 2771 stat
1946 2730 2023 2761 Dea
2039 2726 2143 2772 sabla
2163 2738 2285 2762 manu.
2313 2722 2420 2764 11>qu
2462 2728 2463 2763 i

1397 2779 1486 2818 Vid.
1510 2782 1547 2818 ὃς
1569 2781 1725 2819 Parthas,
1741 2783 1907 2830 Quaefit.
1923 2796 1987 2833 per
2016 2785 2198 2833 Epist.1.v.
2435 2831 2441 2837 ι
2460 2826 2461 2833 ¹

1451 2843 1510 2879 75.
1539 2836 1740 2882 secretaque
1750 2831 1890 2884 silva.]
1936 2836 1974 2872 In
2013 2835 2240 2873 Lovanienfi
2259 2842 2332 2873 erat
2353 2862 2364 2879 ,
2386 2844 2440 2871 ve·

1389 2881 1503 2929 stuta,
1529 2883 1632 2931 quod
1647 2895 1690 2920 an
1716 2895 1783 2931 pro
1806 2884 1942 2931 vetusta
1960 2886 2121 2924 librarius
2145 2887 2306 2935 ceperit,
2331 2897 2371 2923 an
2386 2895 2440 2919 ve·
2459 2910 2461 2912 v

1390 2932 1478 2977 stita
1501 2933 1638 2971 nescio.
1664 2933 1724 2971 sed
1746 2934 1812 2971 nisi
1830 2936 1975 2984 vulgata
1997 2936 2094 2973 reeta
2114 2936 2155 2974 fit
2170 2965 2180 2982 ‚
2199 2947 2270 2985 ego
2289 2934 2439 2974 mallem,
2458 2954 2459 2967 ι

1390 2982 1607 3029 sacrataque
1622 2981 1732 3030 stlva.
1756 2996 1843 3021 narn
1865 2997 1955 3022 mox
1974 2987 2067 3024 vers.
2087 2999 2146 3034 95.
2174 2998 2312 3024 numen
2329 2985 2362 3022 in
2383 2978 2460 3021 illo!

1398 3032 1488 3067 luco
1512 3031 1614 3068 fuifl'e
1640 3033 1741 3070 dicit.
1768 3036 1818 3072 ita
1844 3036 1941 3083 apud
1960 3036 2092 3087 Virgil.
2122 3037 2183 3074 lib.
2209 3050 2239 3075 1.
2266 3036 2347 3074 681.
2373 3033 2459 3072 Cor?

1401 3079 1500 3117 dices
1516 3081 1634 3129 scripti
1656 3094 1723 3130 pro
1741 3111 1752 3127 ,
2456 3095 2458 3107 ⁸

1453 3146 1535 3178 Aut
1547 3143 1650 3193 ficper
1671 3146 1824 3184 Idalium
1841 3149 2066 3199 sec-ratasede
2086 3150 2282 3195 recondam,

1401 3191 1539 3230 habent
1555 3195 1708 3240 sacrata.
1738 3198 1776 3234 &
1798 3211 1843 3235 11.
1862 3213 1946 3248 157.

1456 3247 1523 3280 Fas
1543 3244 1634 3284 mihi
1655 3248 1844 3298 Grajorusn
1857 3252 2007 3300 sacrata
2029 3249 2193 3305 refialvere
2205 3251 2304 3302 jura,

2328 3307 2440 3348 Etiam
