2483 3616
285 207 380 271 550
764 179 1296 252 P.OVIDII

1366 186 1897 247 NASONIS

577 311 816 369 Destinat
841 312 979 366 hunc
1016 307 1198 363 Minos
1222 304 1460 359 thalamis
1485 322 1769 360 removere
1793 300 2094 377 pudorem;

573 385 971 457 Multiplicique
999 382 1194 444 domO,
1227 378 1508 451 caecisque
1531 377 1807 432 includere
1834 374 2002 431 tediis,

576 459 864 518 Daedalus,
903 456 1118 528 ingenio
1141 452 1316 509 fabrae
1339 450 1716 505 celeberrimus
1740 451 1892 511 artis,

439 540 537 588 160
577 533 734 587 Ponit
760 548 916 602 opus:
959 529 1240 601 turbatque
1264 536 1445 588 notaS‚
1485 522 1765 605 &lumina
1794 522 2001 577 flexum

571 606 736 660 Ducit
760 604 814 658 in
839 621 1077 658 errorem
1100 601 1365 656 variarum
1390 595 1612 666 ambage
1637 614 1858 651 viarum.

570 679 697 734 Non
720 678 864 731 secus
892 695 950 730 ac
978 674 1203 748 liquidus
1230 670 1473 743 Phrygiis
1501 668 1826 723 Maeandros
1851 669 1907 724 in
1935 668 2069 724 arvis

571 750 774 811 Ludit;
817 750 871 802 δε
896 749 1144 818 ambiguo
1169 745 1314 819 lapsu
1337 743 1626 815 refluitque
1654 741 1910 815 fluitque:

571 825 980 893 Occurrensque
1008 821 1100 876 fibi
1124 833 1371 876 venturas
1400 815 1622 891 adspicit
1650 816 1844 872 undas:

282 1039 379 1072 narn,
391 1027 511 1072 :issar
526 1026 630 1069 Χκῖρε
649 1023 690 1060 δὲ
709 1024 888 1070 Kalpas-roe
902 1022 1068 1069 ποταμὸς
1089 1021 1189 1068 μέγα
1203 1050 1212 1067 ,
1228 1021 1320 1060 haec

283 1088 407 1121 notat,
424 1077 591 1120 Πστκμὶς
603 1078 743 1120 Κρήτης
762 1078 824 1112 καὶ
844 1076 949 1118 πάλις
970 1076 987 1118 ἦ
1010 1075 1211 1120 Καίρατος,
1231 1072 1322 1111 οὕτω

278 1130 461 1173 λεγομένη.
501 1127 603 1165 Idem
632 1127 736 1165 Silius
762 1127 822 1165 lib.
850 1139 893 1164 11.
919 1138 980 1175 93.

322 1184 403 1214 Cres
419 1188 492 1214 erat
513 1178 674 1227 aerifimis
695 1176 867 1215 Curetum
887 1178 1053 1214 adverbis
1074 1176 1118 1213 ab
1137 1175 1253 1214 antris
1266 1204 1277 1222 ,

326 1229 484 1266 Diclaeos
506 1229 637 1276 agitare
653 1238 739 1279 puer
759 1228 946 1266 levioribus
962 1229 1066 1265 annis

327 1287 484 1317 Pennata
495 1279 612 1328 saltus
632 1280 780 1329 assuetus
800 1279 975 1317 arundine
996 1281 1143 1328 Mopsus.

281 1331 360 1368 Nec
390 1332 497 1369 Creta
528 1339 673 1369 tantum
704 1330 800 1368 dieta
836 1330 995 1375 Curetis,
1032 1330 1091 1368 sed
1112 1330 1318 1368 Acarnania

278 1393 437 1431 quoque.
473 1387 614 1419 Curetes
640 1382 766 1427 enim,
794 1382 859 1431 qui
887 1390 982 1420 trans
1012 1381 1223 1419 Acheloum
1251 1381 1320 1418 flu-

277 1435 376 1470 vium
410 1433 618 1471 habitabant
639 1461 650 1477 ,
687 1433 896 1471 Acarnanes
923 1433 1023 1471 dicti.
1073 1433 1259 1471 Pausanias
1281 1433 1320 1469 &

275 1483 418 1521 Plinius.
471 1484 645 1533 Denique
684 1485 723 1521 ὅ(
749 1483 882 1527 A'e'ria,
907 1484 946 1521 δε
977 1489 1240 1532 Macaronesus,
1279 1483 1319 1520 &

275 1533 427 1570 chtonia
440 1561 451 1578 ,
475 1535 512 1572 δε
527 1534 642 1574 Idaea.
662 1534 838 1574 videndus
857 1535 1058 1584 Stephanus
1084 1534 1318 1584 Byzantinus.

275 1586 420 1623 fimus.

329 1648 406 1684 155.
436 1636 673 1687 foedumque]
702 1637 744 1675 In
775 1637 1023 1675 Gronoviano
1043 1644 1132 1681 erat,
1146 1635 1318 1673 crebrum—

279 1700 340 1734 que
352 1701 362 1729 3
383 1688 474 1724 forte
494 1700 560 1736 pro
583 1699 789 1737 tetrumque.

334 1739 409 1785 156.
434 1740 564 1775 Matris
585 1738 839 1788 adulterium]
871 1739 983 1783 Sunt,
1008 1739 1071 1788 qui
1093 1739 1131 1776 in
1155 1738 1311 1776 dubium

276 1797 475 1834 revocent,
502 1801 577 1836 quo
598 1791 752 1827 nomine
773 1790 946 1838 appellata
968 1791 1072 1828 fuerit
1091 1789 1149 1827 illa
1163 1802 1226 1833 ‚ex
1239 1801 1312 1838 qua

278 1836 453 1886 susceptus
495 1840 543 1876 est
575 1840 821 1878 Minotaurus.
875 1841 948 1878 Alii
982 1840 1186 1889 intelligunt
1212 1840 1308 1878 Pali-

276 1890 395 1935 phaen
411 1917 419 1932 ‚
449 1888 506 1926 alii
527 1890 616 1928 vero
638 1891 858 1940 Clymenen.
886 1891 933 1928 Et
945 1891 1038 1930 forte.
1049 1891 1207 1930 Ovidius
1218 1891 1306 1940 ipse,

278 1950 363 1976 cum
383 1940 455 1977 hoc
477 1940 572 1978 varie
594 1940 613 1978 a
635 1941 872 1990 Scriptoribus
902 1942 1072 1981 traditum
1102 1941 1173 1981 effe
1201 1942 1307 1981 vide-

276 1999 331 2026 ret
345 2017 354 2032 ,
380 1990 548 2040 ambigue
570 1991 700 2029 dixerit
717 1993 823 2040 Epist.
844 2006 877 2030 x.
895 2005 953 2041 9¹·

328 2041 396 2076 Cui
409 2050 508 2089 pater
527 2042 570 2088 est
591 2042 708 2079 Minos
721 2071 731 2086 ‚
760 2044 814 2079 cui
835 2054 946 2080 mater
958 2044 1038 2091 filia
1058 2044 1194 2083 Phoebi.

275 2090 400 2146 Atque
427 2093 492 2140 Ep.
522 2104 573 2129 1v.
604 2105 660 2141 57.
696 2093 918 2143 Pafiphae'n,
948 2105 986 2133 ut
1018 2108 1131 2146 quain
1161 2096 1311 2146 plurimi

276 2141 332 2177 alu
357 2142 543 2186 auctores,
572 2152 703 2181 vocat:

324 2191 488 2241 Pastpha'e'
505 2205 616 2230 mater
634 2195 761 2244 decepto
776 2195 921 2242 subdita
943 2206 1042 2235 tauro

375 2243 493 2280 Enixa
511 2244 553 2290 est
575 2255 667 2282 utero
687 2246 813 2283 crimen
841 2249 1070 2299 onusquesuo.

276 2293 357 2335 Ac,
385 2296 486 2343 quod
509 2296 569 2332 hic
600 2296 692 2335 dixit
720 2297 967 2346 opprobrium,
995 2300 1067 2339 illic
1088 2301 1245 2341 Crimen.
1272 2302 1312 2340 &

279 2344 388 2382 rursus
417 2358 465 2382 11.
488 2346 568 2383 Art.
587 2359 648 2395 23.

327 2395 501 2433 Daedalus
523 2407 562 2433 ut
584 2396 702 2447 clausit
724 2410 917 2450 conceptum
939 2402 1081 2441 crimine
1101 2403 1252 2450 matris,

381 2446 653 2497 Semibovemque
671 2449 791 2488 virum
803 2479 813 2497 ‚
832 2452 1110 2507 semivirumque
1128 2455 1261 2494 bovem.

281 2493 492 2533 Cxormus.

337 2546 583 2601 1564Monstri
600 2550 791 2603 biformia]
843 2555 1071 2601 Minotauri,
1099 2557 1164 2606 qui
1192 2555 1316 2595 media

282 2602 380 2640 parte
402 2607 516 2650 virum
533 2601 678 2654 ,altera
704 2611 848 2642 taurum
880 2618 963 2654 prae
978 2607 1012 2645 se
1032 2608 1183 2645 ferebat.
1235 2609 1316 2657 Qui

286 2652 367 2679 avet
388 2644 580 2696 scire‚qu1s
598 2651 659 2687 hic
675 2653 781 2690 fuerit
796 2666 858 2698 ‚ac
879 2669 955 2705 quo
979 2657 1096 2696 modo
1117 2670 1317 2696 emanave-

285 2695 328 2730 rit
354 2693 441 2731 haec
461 2696 598 2753 fabula,⁴
627 2703 819 2748 cognoscet
839 2705 858 2742 ὲ
879 2707 1008 2746 Servio
1028 2710 1066 2747 in
1090 2722 1143 2748 vx.
1157 2709 1316 2749 Aeneid.

287 2755 342 2789 ¹4·
364 2755 570 2792 exponente
592 2748 698 2786 illud:

324 2806 511 2862 *Daedalus
528 2837 538 2852 ,
566 2820 605 2846 ut
618 2813 723 2858 fama
742 2815 784 2859 est
797 2844 807 2860 ,
826 2819 963 2867 fugiens
984 2823 1119 2861 Mino'ia
1136 2839 1253 2874 regna.

280 2856 379 2894 Vide
400 2858 437 2894 ὃ(
459 2858 727 2907 Palaephatum.
756 2866 921 2907 CIOFAN.

334 2919 412 2963 157.
441 2908 599 2955 Destinat
620 2912 713 2968 lmnc
736 2916 850 2969 Minos
871 2919 1058 2971 thalami.]
1073 2923 1113 2960 ln
1129 2936 1206 2962 uno
1226 2938 1315 2965 meo

282 2957 414 3006 legitur
428 2985 438 3002 ,
462 2960 641 2998 Thalamis
662 2963 819 3010 Destinat
840 2966 952 3012 hunc,
980 2983 1051 3009 eye.
1104 2975 1162 3010 De
1179 2976 1252 3012 hoc
1266 2977 1318 3014 la-

279 3008 453 3107 lgigrrgintho
481 3009 529 3048 fic
560 3017 756 3060 poetarum
789 3017 953 3066 princeps
983 3020 1075 3058 libro
1108 3024 1240 3072 quinto
1260 3026 1319 3069 ᾖε.

281 3114 298 3124 ²
329 3117 373 3148 Ut
395 3113 570 3168 quandam
592 3119 698 3152 Creta
709 3117 829 3162 fertur
851 3117 1069 3168 labyrinthus
1087 3122 1124 3158 in
1145 3123 1221 3160 alta

328 3163 519 3201 Parietibus
541 3175 676 3202 textum
702 3168 803 3205 caecis
824 3169 910 3213 iter,
938 3171 1186 3223 ancipitemque

327 3213 429 3250 Mille
448 3216 515 3251 viis
536 3215 685 3265 habuisse
705 3218 846 3255 dolum.-
876 3235 943 3270 qua
960 3220 1058 3270 signa
1073 3225 1240 3272 sequendi

320 3264 477 3326 rfalleret
491 3267 706 3316 indeprensus
731 3271 1016 3309 &irremeabilis
1044 3288 1146 3313 error.
1176 3278 1288 3314 CroF.

286 3311 461 3352 Ίηαίαιηις
483 3319 586 3357 multi
610 3329 776 3360 veterum
799 3333 882 3361 cum
904 3324 1011 3373 prim.
1033 3325 1123 3377 Reg.
1138 3328 1174 3366 ὅ(
1190 3328 1319 3369 Urbin.

1362 2057 1425 2095 'De
1453 2059 1661 2108 parentibus
1682 2068 1809 2098 autem
1837 2058 1994 2097 Daedali
2021 2057 2122 2095 varie
2142 2055 2187 2094 ab
2215 2049 2442 2101 austoribusis»
2470 2064 2483 2073 ‘¹

1364 3278 1484 3329 flexu,
1514 3290 1623 3332 atque
1636 3286 1778 3335 ambage
1795 3285 1902 3323 simul
1922 3291 2105 3331 ponantur
2123 3280 2255 3330 absque
2276 3275 2419 3332 copula·
2458 3279 2466 3306 ’·

2346 888 2415 947 Et

1376 1021 1484 1068 prim.
1514 1021 1550 1057 V
1555 1021 1686 1059 atican.
1708 1019 1746 1058 &
1769 1020 1878 1069 prim.
1909 1017 2049 1057 Medic.
2068 1025 2104 1057 at
2123 1016 2286 1067 Neapol.
2314 1019 2417 1060 Cant.

1374 1071 1444 1162 [pc.
1466 1073 1609 1111 Medic.
1632 1072 1770 1121 primus
1789 1069 1892 1110 Bafil.
1906 1070 1944 1108 ὃς
1964 1078 2036 1108 tres
2048 1070 2122 1115 alii,
2143 1069 2312 1109 thalamo.
2322 1070 2380 1111 lib.
2391 1083 2418 1112 1.

1419 1124 1487 1162 rist.
1508 1137 1572 1161 111.
1590 1137 1602 1162 1
1637 1152 1645 1160 .

1426 1181 1469 1211 Ut
1491 1135 1727 1212 tamen3l1anc
1745 1174 1864 1211 animo
1886 1172 2012 1211 nubem
2037 1171 2132 1210 dolor
2155 1171 2219 1222 ipse
2237 1172 2395 1214 removit.

1376 1226 1590 1264 Guntherus
1607 1235 1732 1264 tamen
1748 1226 1878 1274 Ligur.
1895 1224 2067 1262 v11.686.

1427 1282 1459 1312 T
1455 1278 1695 1328 eutonicaeque
1710 1287 1817 1328 parat
1828 1275 1940 1326 gentis
1959 1288 2135 1313 removere
2147 1274 2326 1325 pudorem.
2417 1286 2428 1307 r

1374 1328 1588 1366 Hfimsms.
2410 1338 2426 1349 '²

1431 1378 1511 1428 158.
1537 1377 1720 1429 Caecisique
1743 1378 1918 1416 includere
1934 1376 2061 1427 testis]
2075 1376 2194 1415 Caecis
2209 1382 2328 1426 quart.
2339 1375 2428 1415 M’e-z.

1375 1430 1444 1468 dic.
1468 1431 1506 1468 ὅ(
1528 1431 1742 1481 quindecim
1757 1431 1828 1469 alii.
1856 1439 1896 1469 ut
1911 1429 2163 1480 labyrinthum
2187 1439 2296 1466 caeca
2315 1435 2416 1468 vocet

1373 1481 1480 1520 tecit-a.
1509 1483 1547 1521 &
1570 1482 1613 1521 fit
1633 1482 1827 1532 appositio.
1854 1491 1894 1521 ut
1912 1482 2142 1527 lib.111.204.

1425 1539 1609 1583 Repetatne
1626 1533 1789 1580 domum,
1821 1532 1949 1583 regalia
1970 1534 2071 1571 recia.
2127 1531 2276 1569 H1-21Ns.

1375 1584 1651 1637 Multiplicisque
1670 1585 1764 1623 domi
1791 1586 1896 1623 caecis
1922 1584 2005 1621 incl.
2038 1582 2216 1623 Ambros.
2245 1579 2425 1632 multificss

1375 1650 1440 1687 que
1459 1637 1610 1675 Palatin.
1630 1637 1730 1676 unde
1746 1635 1931 1675 Gebhard.
1950 1634 2211 1685 multifidaque.
2418 1658 2419 1661 =
2439 1666 2443 1671 .
2476 1643 2483 1672 ,3

1430 1700 1511 1736 159.
1544 1687 1725 1725 Daedalus
1742 1687 1914 1738 ingenia]
1954 1688 2058 1726 Hinc
2087 1684 2270 1724 Daedalea
2290 1679 2441 1788 vocang·

1369 1740 1503 1778 Graeci
1530 1752 1643 1788 opera
1673 1739 1872 1785 αὐτόμαται
1893 1767 1904 1785 ,
1950 1739 2026 1777 hoc
2055 1738 2128 1783 est,
2155 1748 2252 1788 quae
2295 1735 2399 1785 spont

1366 1791 1428 1829 sua
1451 1800 1676 1837 moventur,
1705 1800 1768 1831 aut
1790 1803 1927 1830 vocem
1949 1790 2076 1829 edunt.
2096 1787 2284 1838 dequibus
2302 1786 2438 1839 Plato-f

1367 1843 1422 1880 nis
1442 1842 1531 1895 illud
1550 1854 1595 1880 ex
1618 1843 1739 1881 fabula
1760 1842 1922 1894 quadam
1941 1841 1986 1880 ab
2007 1841 2137 1880 iisdem
2156 1840 2310 1878 citatur:
2407 1839 2433 1882 J·
2482 1870 2483 1874 ,

1415 1894 1530 1934 Otia-oc,
1546 1894 1604 1936 τῖς
1622 1893 1653 1929 εἶ
1673 1897 1767 1940 λέγε
1790 1897 1918 1941 ταχὺ,
1947 1893 1986 1931 ‘ri
2012 1894 2141 1939 σιγᾶς
2172 1889 2232 1928 οὐκ
2253 1888 2360 1934 ἐρεῖςὶ
2421 1896 2429 1922 -’
2475 1881 2483 1970 l

1415 1938 1543 1990 Ε’ρμῆς
1564 1944 1682 1991 ἔγωγε
1709 1945 1894 1982 Δαιδάλου
1907 1972 1918 1989 ,
1946 1943 2062 1991 Φωνῆν
2080 1943 2175 1989 ἔχων
2188 1969 2200 1987 ,
2379 1950 2381 1953 ’
2422 1951 2431 1963 ·“

1414 1997 1578 2042 Ξυλινῦς,
1605 1995 1763 2044 βαιὲἱζων
1782 1993 1814 2031 δ’
1833 1995 2052 2041 αὐτομάτως
2072 1993 2248 2036 ἐλήλυθα.

1367 2108 1530 2148 traditur.
1584 2111 1800 2149 Lactantius
1822 2138 1834 2155 ‚
1871 2118 1913 2148 ut
1943 2108 2004 2147 alii
2023 2107 2199 2157 quidam,
2227 2107 2402 2155 Eupalam
2431 2146 2441 2157 ι,
2478 2135 2481 2151 1

1368 2159 1487 2199 filium
1504 2162 1590 2200 facit
1613 2161 1848 2205 Daedalum;
1877 2159 2067 2199 Pausanias
2088 2159 2126 2196 in
2146 2158 2406 2201 Baeoticis‚Pat
2475 2169 2480 2213 ¹«

1368 2211 1550 2256 lamonis;
1579 2213 1684 2252 Plato
1707 2214 1744 2251 in
1765 2213 1885 2258 Ione,
1911 2213 2004 2250 item
2034 2207 2289 2259 Pherecydes,
2316 2216 2357 2246 ut
2383 2207 2405 2258 i·
2427 2211 2430 2230 z
2476 2227 2478 2246 :

1371 2266 1651 2303 commentariis
1671 2264 1864 2315 Sophoclis
1894 2263 2049 2307 citatur,
2080 2260 2285 2303 Metionis‚
2306 2250 2427 2310 quenl„
2475 2275 2478 2279 ⁴

1370 2315 1585 2354 Metionem
1611 2316 1729 2355 rursus
1768 2315 1869 2354 idem
1895 2311 2126 2363 Pherecydes
2155 2311 2352 2349 Erechthei
2375 2309 2439 2356 fizr
2472 2354 2476 2360 ,

1368 2366 1463 2405 lium
1495 2374 1617 2405 vocat.
1669 2366 1861 2406 Diodorus
1891 2372 2018 2404 autem
2049 2361 2178 2401 contra
2205 2361 2421 2419 Enpalamia
2464 2400 2473 2419 ¹

1370 2417 1489 2466 ipsum
1508 2426 1634 2457 autem
1661 2419 1908 2468 Eupalamum
1929 2415 2047 2454 filium
2060 2415 2269 2458 Athenaei,
2284 2412 2419 2455 Erech-·
2470 2422 2473 2460 j

1371 2470 1524 2518 theique
1570 2478 1763 2519 nepotem.
1816 2468 1954 2507 eodem
1998 2465 2117 2505 modo
2148 2466 2188 2502 &
2225 2463 2270 2502 de
2307 2470 2423 2518 matreg
2463 2463 2477 2487 '³'

1372 2519 1533 2559 Daedali
1545 2523 1698 2560 variant.
1724 2532 1812 2559 narn
1824 2518 2053 2569 Pherecydes
2065 2529 2112 2555 ex
2125 2517 2282 2566 Iphinoe
2292 2523 2422 2558 natumr
2474 2540 2477 2546 -

1372 2569 1462 2609 dicit
1475 2598 1486 2616 ‚
1513 2572 1724 2612 Plutarchus
1744 2574 1784 2611 in
1807 2570 1958 2610 Theseo
1979 2581 2024 2608 ex
2045 2569 2206 2616 Merope
2226 2562 2419 2617 Erechthei

1372 2620 1459 2661 filia.
1500 2624 1611 2670 Quae
1637 2623 1823 2662 diversitas
1842 2620 1988 2661 tametfi
2011 2619 2056 2658 ad
2077 2620 2178 2657 hunc
2196 2619 2322 2656 locum
2341 2622 2418 2675 non

1372 2674 1423 2711 ita
1454 2673 1566 2711 faciat
1594 2701 1604 2718 ,
1643 2674 1932 2723 haudquaquam
1963 2680 2091 2710 tamen
2124 2667 2331 2707 omittenda
2349 2665 2416 2706 vila

1373 2723 1434 2762 est.
1462 2724 1641 2762 Mtcrtt.
1680 2725 1872 2764 Proditum
1897 2723 1945 2762 est
1965 2723 2169 2761 litterarum
2191 2729 2414 2758 monumen·
2465 2727 2473 2767 ‘g

1372 2775 1417 2814 tis
1432 2802 1442 2818 ‚
1468 2775 1677 2814 Daedalum
1701 2776 1797 2815 adeo
1814 2775 1967 2825 ingenio
1989 2769 2216 2823 praestitisse,
2241 2779 2308 2827 ut.
2323 2779 2415 2820 quo·

1369 2825 1600 2876 tiescumque
1627 2827 1858 2877 ingeniosum
1888 2826 2051 2875 aliquem
2080 2823 2201 2861 virum
2214 2819 2419 2879 ‘significare
2462 2851 2464 2865 ρ

1370 2876 1570 2923 volumus,
1599 2878 1808 2917 Daedalum
1838 2877 2015 2917 dicamus.
2053 2875 2248 2913 Senecam
2270 2871 2415 2929 Hippo·

1370 2928 1451 2977 lyto
1479 2941 1558 2976 119.
1586 2929 1679 2978 Qcis
1698 2944 1791 2967 meas
1810 2928 1965 2979 miserias
1982 2933 2078 2964 Deus
2092 2953 2102 2970 ,
2129 2934 2195 2961 aut
2215 2935 2292 2974 quis
2302 2931 2414 2971 Juva—
2460 2945 2461 2951 η

1373 2992 1407 3015 re
1420 2979 1601 3017 Daedalus
1622 2979 1791 3031 flammas
1808 2988 1940 3030 queat?
1969 2977 2039 3016 Sed
2060 2975 2177 3026 potest
2188 2975 2248 3012 hic
2264 2980 2417 3022 quoque
2460 3023 2462 3025 ‚

1374 3030 1490 3076 accipi
1512 3043 1578 3078 pro
1601 3033 1789 3081 quolibet,
1817 3033 1881 3081 qui
1902 3030 2012 3068 alicui
2037 3039 2150 3077 opem
2170 3026 2252 3063 fert.
2303 3021 2428 3060 Clota·
2458 3051 2462 3071 f

1375 3081 1554 3119 Daedalus
1574 3083 1706 3120 interea
1728 3082 1870 3121 Moreti
1892 3082 1930 3118 &
1952 3080 2099 3128 Junian.

1423 3131 1503 3167 160.
1531 3139 1637 3170 Ponet
1657 3134 1775 3185 opus.]
1823 3140 1863 3170 ln
1872 3133 1910 3182 se
1925 3131 2024 3181 ponit
2036 3140 2134 3181 opus,
2153 3124 2339 3174 turbatque
2357 3135 2416 3162 no-
2455 3159 2461 3173 .-

1372 3189 1426 3216 tas
1452 3192 1495 3219 (9³
1520 3182 1645 3220 limina
1658 3185 1799 3234 fleffiens
1818 3183 1889 3222 sec.
1910 3182 2012 3220 Med.
2353 3225 2360 3232 ·
2397 3191 2402 3193 “
2457 3180 2459 3184 ’

1432 3233 1511 3269 160.
1538 3237 1583 3268 Et
1606 3234 1733 3272 limina
1751 3234 1892 3286 flexu]
1923 3234 1998 3270 Hic
2010 3230 2094 3268 vide
2116 3237 2157 3268 ut
2169 3229 2245 3268 duo
2259 3223 2416 3268 ablativi.
2462 3263 2465 3269 ,

1376 3332 1586 3374 GLAREAN.
1622 3335 1708 3375 lmo
1737 3335 1841 3387 quod
1867 3334 1973 3373 estin
1993 3332 2187 3378 Palatinis,
2215 3341 2259 3372 w·
2281 3328 2416 3366 tamma
2454 3338 2456 3342 “

2321 3374 2419 3427 flexu
