2483 3616
725 141 784 196 P.
861 134 1262 196 OVIDII

1333 133 1862 190 NASONIS

526 241 602 298 Ut
629 255 806 298 tamen
829 242 1083 313 exemplis
1110 237 1363 307 intellig-at
1388 236 1591 290 aemula
1618 236 1817 297 laudis,

526 316 695 388 Quod
719 316 950 388 pretium
976 315 1146 385 speret
1171 327 1271 381 pro
1296 323 1404 362 tam
1427 306 1695 361 furialibus
1719 307 1846 362 ausis
1864 311 1887 373 ς’

418 387 481 458 85
521 390 795 460 Quattuor
820 388 875 441 in
899 400 1074 458 partes
1099 381 1388 437 certamina
1413 392 1667 452 quattuor
1691 378 1869 442 addit,

524 462 680 516 Clara
704 461 887 514 colore
910 459 1032 524 su0,
1071 454 1319 510 brevibus
1343 450 1582 506 distineta
1606 450 1794 521 sigillis,

528 533 844 588 Threiciam
868 529 1181 601 Rhodopen
1205 525 1364 580 habet
1389 524 1610 595 angulus
1632 540 1766 578 unus
1781 561 1797 586 ‚
1837 522 1892 576 δε
1918 520 2213 578 Haemon-2.-

529 607 689 660 Nunc
713 604 918 676 gelidos
942 616 1179 663 montes,
1216 597 1460 652 mortalia
1484 613 1713 668 corpora
1735 595 2042 669 quondam3

521 679 757 734 Nomina
783 676 1112 731 summorum
1137 672 1227 726 sibi
1252 670 1344 743 qui
1369 669 1604 724 tribuere
1626 667 1889 724 Deorum.

412 769 480 820 90
519 752 705 805 Altera
729 749 1028 820 Pygmaeae
1050 746 1217 800 fatum
1243 741 1533 797 miserabile
1559 742 1741 796 matris

525 823 650 878 Pars
675 819 848 876 habet.
887 821 1021 874 hanc
1040 819 1186 889 Juno
1210 815 1400 870 vietam
1428 814 1718 869 certamine
1738 813 1883 884 juffit

526 894 650 950 Effe
677 909 895 965 gruem;
930 892 1248 964 populisque
1275 889 1375 943 suis
1400 888 1640 942 indicere
1667 886 1882 940 bellum.

606 966 786 1038 Pingit
815 964 869 1018 &
897 966 1241 1037 Antigonen,
1280 961 1455 1016 ausam
1484 958 1817 1014 contendere
1841 957 2123 1031 quondam·

533 1036 678 1094 Cum
707 1037 886 1109 magni
909 1038 1157 1092 consorte
1180 1035 1357 1106 Jovis;
1399 1050 1560 1105 quam
1583 1032 1729 1103 regia
1747 1031 1893 1102 Juno

415 1132 482 1184 95
520 1112 579 1167 In
604 1113 879 1167 volucrem
903 1111 1090 1166 vertit:
1130 1126 1230 1163 nec
1255 1106 1458 1179 profuit
1483 1105 1615 1159 Ilion
1643 1105 1745 1168 illi,

524 1184 916 1241 Laomedonve
942 1197 1118 1257 pater,
1154 1180 1337 1237 sumtis
1362 1178 1493 1252 quin
1513 1176 1738 1232 candida
1762 1178 1950 1252 pennis

287 1392 348 1443 83.
374 1389 530 1430 Aemula
549 1387 702 1440 laudis.]
734 1389 889 1429 Aemula
908 1387 1009 1426 distis
1031 1386 1177 1426 Genev.

284 1444 345 1492 87.
372 1443 564 1481 Threiciam
584 1441 800 1492 Rhodopenff
831 1442 998 1478 Haemus
1027 1440 1091 1487 (ut
1105 1439 1191 1475 hinc
1203 1436 1280 1475 col-

233 1493 345 1543 ligere
366 1493 578 1543 poffumus)
607 1505 669 1530 rex
691 1493 760 1530 fuit
783 1493 964 1530 Thraciae
987 1488 1254 1538 potentiffimus
1272 1516 1282 1533 ,

233 1546 299 1593 qui
318 1545 530 1595 Rhodopen
551 1543 757 1593 Strymonis
780 1543 881 1580 fluvii
899 1541 1025 1585 filiam,
1038 1552 1083 1577 ex
1093 1551 1164 1588 qua
1178 1540 1277 1587 Nep-

234 1602 344 1633 tunus
360 1596 439 1645 jam
462 1596 565 1634 Atho
594 1595 778 1643 gigantem
809 1592 990 1631 sustulerat
1013 1619 1023 1635 ,
1051 1591 1155 1629 duxit
1182 1602 1277 1627 uxo-

232 1656 338 1689 rem,
371 1648 435 1695 qui
464 1648 499 1684 in
532 1655 672 1683 tantam
701 1644 946 1692 arrogantiam
977 1641 1062 1679 elati
1094 1640 1196 1684 sunt,
1236 1649 1276 1679 ut

233 1694 403 1733 Haemus
421 1696 455 1733 se
470 1694 540 1734 effe
559 1696 695 1743 Jovem
722 1723 732 1739 ‚
762 1694 948 1742 Rhodope
971 1704 1061 1730 vero
1082 1691 1272 1739 Junonem

230 1746 506 1792 praedicarent,
534 1758 576 1784 ac
596 1755 635 1784 ut
655 1746 758 1783 Deos
777 1745 811 1783 se
831 1744 970 1782 adorari
983 1743 1176 1792 juberent:
1200 1753 1273 1791 qua

231 1795 423 1835 insolentia
445 1798 610 1846 Juppiter
629 1796 834 1844 indignatus
852 1796 888 1832 in
908 1802 1054 1831 montes
1082 1805 1146 1830 eos
1169 1804 1274 1830 com-

231 1848 405 1884 mutavit.
458 1847 643 1895 Rhodope
672 1854 795 1884 autem
826 1845 891 1893 (ut
913 1844 1113 1892 Stephanus
1133 1843 1273 1891 scribit)

234 1897 348 1935 etiam
375 1897 505 1944 Joniae
526 1897 607 1935 urbs
629 1895 677 1933 est
700 1923 709 1940 ,
743 1895 841 1934 unde
862 1895 1053 1943 Rhodopeus
1081 1895 1119 1931 ὃς
1140 1893 1273 1930 Rhodo-

230 1947 327 1996 peius
348 1947 542 1986 derivatur.
582 1948 746 1984 REGms.
783 1947 841 1984 De
863 1947 930 1984 hac
949 1945 1069 1982 fabula
1089 1945 1126 1981 in
1145 1944 1270 1983 libello

224 1996 280 2034 'de
300 1997 544 2042 Fluminibus,
557 1997 621 2046 qui
641 1998 833 2035 Plutarcho
848 1997 959 2045 vulgo
973 1995 1180 2033 adscribitur
1192 2022 1202 2038 ‚
1230 1996 1269 2032 in

232 2047 334 2085 hunc
354 2048 511 2086 modum
539 2047 720 2086 traditur:
759 2047 867 2096 Apud
891 2053 1126 2094 Strymonem,
1152 2046 1273 2094 inquit

234 2097 296 2135 ille
312 2126 321 2142 ‚
349 2099 415 2135 duo
433 2108 563 2135 montes
574 2100 697 2147 jacent
709 2098 858 2147 Rhodope
877 2109 920 2137 <9³
937 2103 1099 2133 Haemus.
1126 2096 1174 2132 Hi
1195 2109 1275 2132 cum

236 2162 278 2185 ex
300 2149 414 2186 eodem
432 2158 531 2199 patre
551 2149 628 2185 nati
650 2148 747 2197 effimt
760 2177 770 2194 ,
799 2158 970 2198 coeperunt
990 2157 1110 2184 mutuo
1138 2146 1230 2183 inter
1236 2146 1273 2195 se

235 2212 350 2236 amore
366 2212 407 2236 ac
425 2198 583 2249 defiderio
597 2198 760 2249 flagrare.
814 2207 870 2236 Ac
890 2205 1041 2235 Haemus
1060 2197 1199 2246 quidem
1219 2197 1276 2246 fh-

234 2263 345 2287 rorem
364 2250 556 2300 appellabat
574 2252 753 2295 Junonem
768 2278 779 2295 ‚
804 2249 868 2286 illa
878 2262 960 2286 vero
977 2258 1166 2284 amatorem
1169 2248 1276 2295 suum

236 2300 369 2347 Jovem
390 2329 400 2345 ‚
423 2310 539 2350 prava
559 2300 714 2351 quadam
731 2299 953 2349 affiblatione.
987 2301 1107 2347 Qare
1133 2298 1183 2334 dii
1201 2312 1278 2334 con-

236 2351 382 2388 tumelia
401 2351 533 2400 affiffi,
561 2365 601 2387 ac
627 2351 787 2399 graviter
807 2353 978 2398 serentes,
1009 2349 1047 2385 in
1067 2359 1197 2385 montes
1217 2348 1276 2396 iis-

235 2401 312 2437 dem
339 2402 535 2438 nominibus
559 2401 677 2438 ambos
706 2402 909 2438 convertere.
943 2410 1044 2436 autor
1076 2398 1277 2447 Thrasyllus

234 2451 440 2500 Mendesius.
467 2453 685 2491 Mmurus.
739 2452 836 2489 Vide
849 2451 970 2489 Nicol.
984 2449 1118 2488 Loens.
1137 2449 1276 2487 Miscel.

236 2501 442 2549 Epiphlib.
465 2515 520 2540 Η.
546 2515 601 2551 19.
631 2504 667 2539 &
686 2504 760 2540 huc
780 2502 905 2540 alludit
928 2502 1113 2538 Luci-anus
1132 2501 1168 2537 in
1178 2500 1278 2538 salta-

236 2552 363 2596 tione,
401 2553 462 2591 ubi
494 2554 587 2591 inter
614 2563 828 2602 argumenta
860 2553 923 2594 τῆς
956 2552 1128 2598 ὀρχήσεως
1147 2551 1274 2598 ponit,

236 2602 430 2639 Haemum
460 2604 497 2641 ὃς
529 2604 738 2652 Rhodopen
754 2632 764 2648 ,
795 2605 833 2640 ἃ
853 2604 1014 2653 Lycurgi
1037 2601 1275 2649 supplicium,

235 2663 331 2701 quae
362 2653 521 2691 Thracia
550 2654 723 2702 praebet:
754 2666 798 2691 ex
824 2654 876 2691 his
904 2664 994 2691 vero
1031 2660 1160 2690 natum
1199 2653 1277 2689 He-

235 2702 340 2740 brum
379 2704 427 2740 ait
449 2705 591 2741 Servius
612 2704 656 2741 ad
677 2704 804 2753 Virgil.
831 2716 859 2741 1.
893 2703 1052 2741 Aeneid.
1087 2714 1170 2753 320.
1197 2701 1265 2739 alia

236 2753 425 2800 Rhodope
475 2754 701 2791 lasciviffima
738 2755 910 2791 meretrix
963 2755 1032 2791 fuit
1052 2781 1063 2798 ,
1118 2752 1275 2790 Charaxi

239 2804 355 2841 fratris
379 2803 540 2852 Sapphus
587 2805 704 2841 amica
722 2832 732 2848 ‚
796 2816 905 2853 quarn
948 2804 1100 2841 innuere
1138 2804 1276 2841 Lucia-

237 2866 328 2893 num
361 2862 451 2902 puto
486 2853 620 2890 eodem
641 2854 733 2891 libro
754 2854 799 2891 de
812 2855 1032 2898 Saltatione,
1053 2854 1184 2897 initio,
1213 2854 1275 2891 ubi

234 2916 321 2942 cum
360 2904 519 2941 Phaedra
556 2905 594 2940 &
621 2904 852 2951 Parthenope
881 2905 1083 2953 conjungit.
1119 2904 1186 2940 alia
1220 2904 1277 2941 vi-

237 2955 343 2993 detur
371 2952 442 2994 effe
480 2954 666 3002 Rhodope
700 2953 888 2992 Amiffena
910 2982 921 2998 ,
971 2955 1072 3003 cujus
1105 2954 1277 2990 meminit

231 3006 394 3044 Ptolem.
415 3004 608 3053 Hephaest.
632 3004 691 3041 lib.
705 3004 943 3041 vi1.similem
964 3003 1163 3051 superbiam
1179 3004 1278 3052 Cey-

236 3058 267 3094 ci
281 3057 318 3093 &
334 3055 567 3105 Halcyonae‚
579 3056 641 3102 qui
653 3054 686 3091 se
698 3055 832 3102 Jovem
844 3056 881 3091 δέ
894 3055 1080 3101 Junonem
1095 3053 1278 3097 dicebant,

235 3104 340 3143 fuisse
359 3105 704 3154 Metamorphoseos
726 3103 880 3143 cauffam
909 3103 1015 3141 tradit
1028 3103 1279 3152 Apollodorus

237 3156 298 3193 lib.
323 3169 354 3196 r.
391 3168 467 3204 cap.
491 3168 523 3203 7.
571 3156 725 3204 Egregie
753 3167 843 3192 vero
870 3154 1037 3202 Loydius
1060 3181 1070 3198 ,
1104 3153 1165 3190 vel
1195 3154 1278 3203 qui-

240 3216 399 3256 cumque
422 3208 551 3245 Lexici
575 3206 820 3255 Geographici
842 3204 1074 3242 Architecftus
1088 3231 1098 3248 ,
1126 3204 1185 3241 hic
1207 3215 1278 3241 no·

240 3262 291 3293 tat
314 3257 496 3297 Ovidium
517 3258 673 3297 nomine
693 3256 813 3307 anguli
834 3256 993 3309 indicare
1015 3263 1155 3307 partem
1174 3255 1281 3308 Rhe:

2264 1251 2381 1326 ipsa
2461 1305 2463 1311 .

1337 1383 1451 1433 dopes
1473 1385 1635 1429 montis,
1663 1381 1886 1434 quaavulsus
1906 1381 1949 1419 ab
1962 1380 2114 1420 Haemo
2136 1380 2215 1419 fuit.
2236 1383 2376 1429 papae!

1336 1444 1515 1484 quantum
1539 1434 1587 1472 est
1607 1435 1738 1483 sapere.
1774 1446 1819 1472 an
1852 1433 1973 1471 credas
2001 1433 2090 1471 tales
2119 1432 2394 1479 compilatores,

1334 1497 1514 1535 umquam
1541 1486 1624 1523 loca
1651 1486 1875 1528 Poetarum,
1904 1495 1999 1533 quae
2031 1484 2143 1521 citant
2174 1479 2389 1530 inspexisse..

1332 1536 1392 1574 sed
1403 1539 1497 1574 forte
1508 1537 1566 1574 ille
1576 1537 1821 1585 locupletator
1831 1536 1959 1573 Lexici
1969 1534 2064 1572 male
2075 1533 2171 1582 cepit
2181 1533 2288 1570 verba
2298 1544 2390 1571 eru·>
2463 1539 2465 1573 i

1333 1587 1494 1625 ditissimi
1517 1586 1652 1624 Valesii
1672 1587 1716 1624 ad
1738 1586 1874 1623 Socrat.
1891 1586 1951 1623 lib.
1977 1596 2190 1633 11.cap.22.
2217 1582 2374 1632 quiscri-

1333 1637 1407 1683 bit,
1435 1646 1583 1676 montes
1604 1638 1672 1675 hos
1690 1636 1901 1685 Rhodopen
1923 1637 1960 1673 &
1984 1635 2175 1673 Haemum
2199 1645 2243 1671 ex
2258 1633 2378 1671 diver.-

1331 1688 1373 1726 fis
1403 1690 1558 1737 partibus
1590 1688 1874 1736 consurgentes,
1912 1687 1950 1724 in
1969 1698 2086 1724 unum
2111 1686 2232 1729 coire,
2261 1685 2299 1722 &
2324 1685 2374 1723 ita

1327 1739 1498 1787 angulum
1517 1741 1636 1777 facere
1657 1740 1694 1776 &
1716 1739 1750 1775 se
1770 1737 1921 1775 osculari
1941 1736 2080 1781 videri,
2107 1735 2205 1774 unde
2232 1734 2291 1773 ille
2310 1747 2375 1772 na-

1328 1797 1404 1827 tam
1424 1790 1584 1828 fabulam
1617 1789 1662 1827 de
1687 1797 1821 1826 mutuo
1851 1789 1986 1825 horum
2017 1799 2144 1825 amore
2175 1794 2289 1835 putat.
2315 1785 2386 1824 sed·

1328 1840 1475 1889 angulus
1495 1854 1584 1877 unus
1597 1868 1607 1884 ‚
1635 1841 1694 1877 hic
1711 1851 1783 1877 una
1800 1851 1845 1876 ex
1867 1847 2026 1887 quatuor
2047 1837 2202 1886 partibus
2213 1835 2374 1886 pisturae

1329 1893 1391 1928 est.
1419 1900 1458 1929 ut
1478 1892 1516 1928 &
1540 1903 1631 1928 mox
1648 1890 1706 1934 ᾡς.
1723 1889 1786 1938 98.
1813 1889 2075 1926 ssuRMANNus.

1380 1940 1438 1988 87.
1466 1941 1676 1992 Haemum]
1722 1947 1878 1978 Haemon
1897 1939 2027 1977 decem
2048 1946 2198 1977 veteres.
2242 1937 2375 1976 Hana-

1330 2004 1424 2030 81u8.

1379 2055 1438 2092 89.
1468 2042 1661 2093 Nomina.]
1693 2043 1854 2082 Numina
1873 2041 2014 2080 Medic.
2035 2040 2072 2078 &
2087 2039 2162 2079 duo
2175 2040 2374 2079 alii.omnia

1330 2094 1478 2132 Lovan.

1379 2157 1439 2187 90.
1466 2151 1655 2194 Pygmaeae
1675 2144 1840 2193 matris.]
1869 2151 2053 2193 Pygmaeos
2079 2141 2154 2178 emb
2191 2144 2255 2184 τῆς
2277 2156 2371 2188 πυγ.

1329 2194 1396 2239 μῆς
1406 2195 1537 2233 habere
1550 2209 1689 2233 nomen
1702 2196 1922 2244 Augustinus
1935 2194 1979 2231 de
1993 2194 2153 2230 Civitate
2167 2193 2240 2231 Dei
2251 2194 2373 2240 tradit,
2385 2227 2389 2231 ⁴

1332 2258 1378 2283 eo
1406 2247 1509 2294 quod
1529 2246 1597 2284 sint
1616 2247 1766 2294 palmari
1778 2247 1927 2289 flatura,
1941 2244 2015 2282 five
2038 2243 2236 2291 spitamaei.
2288 2244 2372 2283 Hos

1332 2296 1460 2334 Strabo
1481 2298 1519 2334 ὃς
1539 2297 1641 2334 Mela
1662 2298 1699 2334 in
1720 2297 1853 2334 Arabia
1866 2304 2019 2344 ponunt.
2049 2294 2193 2332 Solinus
2205 2295 2315 2332 etiam
2334 2295 2386 2333 in-

1332 2347 1492 2385 Thracia
1515 2348 1607 2385 circa
1628 2348 1756 2384 urbem
1779 2347 1990 2384 Geraniam.
2042 2344 2155 2382 Unde
2185 2344 2204 2382 a
2228 2345 2372 2392 gruibus

1331 2397 1448 2445 pulsos
1474 2398 1571 2435 dicit.
1599 2399 1708 2445 Quae
1735 2409 1788 2436 res
1806 2397 1946 2435 fabulae
1974 2396 2101 2434 locum
2123 2394 2255 2433 dedifl‘e
2269 2395 2373 2434 vide-

1331 2457 1402 2485 tur.
1430 2449 1603 2486 meminit
1632 2449 1767 2486 horum
1791 2449 1828 2486 δε
1850 2448 1990 2486 Gellius
2018 2446 2080 2483 lib.
2100 2459 2153 2483 xx·
2176 2457 2253 2495 cap.
2268 2458 2302 2492 4.
2330 2448 2371 2485 δῦ

1330 2498 1543 2537 Athenaeus
1562 2499 1653 2536 libro
1673 2511 1778 2536 nono
1798 2511 1875 2547 cap.
1898 2510 1952 2535 11.
1978 2497 2200 2534 chnrus.
2253 2496 2371 2535 Fabu·.

1330 2549 1403 2586 lam
1432 2550 1526 2587 hanc
1547 2550 1654 2586 etiam
1671 2558 1788 2587 narrat
1818 2562 1863 2587 ex
1885 2548 1989 2585 Boeo
2011 2548 2225 2584 Antoninus
2245 2547 2372 2586 Liber.

1329 2600 1706 2648 cap.xv1.quid1'ctam
1722 2601 1885 2637 Oenoen
1896 2599 1944 2636 ait
1957 2606 2108 2646 nuptam
2121 2597 2372 2635 Nicodamam

1329 2650 1377 2692 ti,
1407 2662 1452 2687 ex
1473 2662 1550 2699 quo
1569 2652 1709 2697 peperit
1729 2651 1917 2698 Mopsum.
1970 2648 2184 2686 Athenaeus
2211 2660 2299 2685 vero
2320 2659 2371 2686 ex

1329 2700 1489 2749 ejusdem
1504 2700 1594 2737 Boei
1608 2701 1885 2748 Ornithogonia
1905 2699 2064 2737 fabulam
2075 2699 2184 2737 refert
2198 2725 2208 2742 ‚
2219 2699 2256 2736 &
2270 2710 2316 2736 ex
2329 2709 2370 2736 ea

1329 2759 1453 2788 natam
1483 2750 1701 2788 testudinem
1729 2750 1955 2794 terrestrem,
1977 2749 2035 2788 sed
2047 2761 2187 2787 nomen
2210 2748 2384 2787 mulieris
2418 2779 2420 2781 .
2466 2747 2467 2750 ’

1331 2813 1408 2838 non
1431 2800 1553 2845 addit,
1574 2812 1695 2849 neque
1714 2800 1787 2838 scio
1811 2813 1922 2850 quare
1945 2811 2088 2838 nomen
2107 2800 2274 2838 Geranae
2284 2799 2369 2837 huic

1334 2860 1523 2889 matronae
1552 2851 1596 2888 ab
1616 2852 1811 2888 Athenaeo
1832 2851 1940 2888 tribui
1957 2850 2151 2888 Farnabius
2170 2850 2369 2888 adnotave-

1331 2902 1399 2944 rit,
1429 2914 1513 2939 cum
1535 2903 1679 2947 γέρανος
1710 2901 1759 2938 ibi
1787 2913 1938 2949 gruem,
1967 2913 2075 2938 avem
2106 2900 2218 2949 ipsam
2240 2907 2367 2942 notet;

1332 2952 1463 2989 reatus
1483 2951 1571 2989 illud
1591 2963 1732 2989 nomen
1753 2951 1803 2999 (si
1831 2949 1970 3000 legisset
1998 2950 2169 2989 Parrhasii
2190 2951 2299 2999 Epist.
2309 2961 2367 2998 xi..

1332 3003 1369 3038 in
1390 3002 1502 3039 Thes.
1522 3001 1861 3050 Critic.T0m.I.p.
1875 3002 1982 3047 770.)
2011 3014 2056 3039 ex
2071 3002 2230 3039 Aeliano
2252 3001 2297 3039 de
2318 3002 2370 3037 A-

1332 3052 1494 3089 nimalib.
1515 3052 1576 3090 lib.
1599 3064 1659 3089 xv.
1681 3064 1758 3100 cap.
1779 3052 1841 3089 ult.
1869 3050 2073 3099 repetisset,
2099 3052 2163 3101 qui
2194 3063 2271 3089 non
2292 3059 2370 3088 tan·-

1332 3110 1413 3139 tum
1430 3103 1618 3148 Junonem
1632 3103 1669 3140 δε
1693 3103 1852 3139 Dianam
1866 3129 1875 3145 ,
1903 3101 1964 3139 sed
1984 3104 2021 3139 ὃς
2035 3103 2221 3140 Venerem
2242 3100 2370 3150 praese

1335 3151 1564 3190 contemsisse
1593 3160 1720 3189 narrat.
1749 3153 1948 3189 Aelianum
1972 3153 2047 3190 fere
2067 3152 2112 3190 ad
2139 3151 2291 3190 verbum
2311 3151 2371 3187 de*

1333 3202 1449 3240 scribit
1473 3203 1682 3250 Apostolius
1703 3203 1871 3240 Paroem.
1885 3203 2100 3240 Cent.xv11.
2115 3214 2173 3248 70.
2199 3201 2262 3240 nisi
2273 3198 2373 3250 quod

1333 3265 1402 3304 pro
1426 3254 1548 3294 Diana
1569 3254 1781 3306 Minervam
1811 3262 1928 3304 ponat
1950 3280 1964 3302 ‚
1996 3253 2150 3304 spretam
2179 3266 2200 3293 a
2221 3253 2374 3339 (Ξεῑέῐια.

2315 3310 2377 3346 en:
