2483 3616
216 170 323 240 982.

685 171 744 228 P.
819 168 1235 228 OVIDII
1305 171 1837 229 NASONIS

517 272 724 346 Sospite
744 316 759 340 ,
798 273 936 329 dicta
966 288 1171 345 potens.
1211 290 1372 345 quam
1395 273 1674 345 postquam
1698 272 1945 329 barbarus
1970 273 2104 347 ignis

373 362 474 415 575
513 347 769 410 Abstulit,
811 349 863 400 &
893 345 1076 417 tepida
1100 347 1367 400 latuerunt
1394 343 1530 398 tet‘ta
1555 346 1757 408 favilla3

517 418 790 490 Congerie
814 420 869 473 in
895 417 1080 473 media
1099 432 1214 472 tum
1242 418 1475 490 primum
1500 420 1717 489 cognita
1740 435 1959 493 praepes

515 493 768 546 Subvolat
793 510 805 545 z
848 493 902 545 &
929 493 1134 546 cineres
1161 492 1344 562 plaufis
1369 489 1645 544 everberat
1673 490 1777 545 alis,

519 563 592 617 Et
617 565 800 627 sonus,
837 563 893 617 δε
918 566 1140 626 macies,
1181 565 1236 616 &
1261 564 1455 634 pallor,
1493 562 1544 615 &
1576 563 1783 622 omnia,
1818 579 2027 635 captam

520 636 677 705 Quae
702 637 927 691 deceant
953 638 1170 698 urbem,
1206 653 1406 689 nomen
1433 653 1652 707 quoque
1677 633 1861 689 mansit
1889 636 1943 690 in
1969 639 2053 692 illa.

373 708 477 779 580
515 708 674 764 Urbis
700 728 712 763 ;
757 710 811 764 &
840 710 944 782 ipsa
969 710 1069 764 suis
1098 708 1434 781 deplangitur
1462 708 1646 762 Ardea
1670 706 1873 781 penniS.

783 848 948 894 ΕΑΒ.

1017 846 1144 895 XV.
1214 847 1816 894 ARGUMENTUM.

1064 963 1236 1011 AEneas
1270 964 1318 1010 in
1352 963 1527 1010 Deum.

291 1078 434 1125 Venas
458 1113 473 1139 ‚
529 1087 577 1123 ut
620 1078 934 1127 animadvertit
967 1081 1116 1142 filium
1158 1083 1346 1128 AEneam
1382 1087 1397 1106 ³
1431 1080 1643 1127 laboribus
1685 1079 1898 1142 exhaustis
1943 1081 2005 1127 ad
2044 1081 2179 1144 finem
2224 1082 2377 1143 vem'ffe

273 1283 355 1319 572.
383 1272 479 1310 Bella
494 1275 659 1326 gerunt.]
698 1275 740 1314 In
763 1275 898 1316 eodem
922 1276 983 1316 lib.
1006 1277 1045 1316 ὃς
1066 1288 1145 1316 uno
1164 1277 1270 1317 Maff.

221 1322 316 1360 Bella
332 1332 468 1372 petunt.
498 1326 666 1365 Cim-AN.

275 1385 357 1423 573.
387 1381 505 1413 Arma
524 1377 661 1428 videa]
692 1381 926 1428 Armajuvat
940 1391 1032 1419 unus
1042 1380 1145 1418 Bafil.
1158 1388 1197 1418 ut
1208 1380 1269 1419 lib.

221 1435 290 1462 vu.
312 1425 395 1471 482.
421 1432 540 1463 Arma
556 1428 661 1476 juves
681 1443 734 1466 oro
752 1440 809 1478 pro
825 1442 931 1478 gnato
943 1431 1297 1480 sumtanilmuto„

274 1486 356 1525 573.
385 1477 493 1514 Cadit
515 1479 678 1528 Ardea.]
712 1481 833 1518 Ardea
856 1480 875 1518 a
898 1483 1028 1520 Danae
1052 1482 1170 1520 Persei
1191 1494 1270 1521 ma-

218 1532 273 1564 tre
294 1527 453 1565 condita.
480 1529 624 1568 Auctor
647 1532 778 1569 Plinius
795 1532 856 1569 lib.
879 1545 945 1570 111.

272 1589 354 1626 574.
386 1579 561 1617 Barbarus
581 1581 702 1631 enfin]
745 1584 833 1620 Hoc
853 1584 890 1620 in
910 1584 996 1622 loco
1017 1584 1127 1623 verba
1152 1584 1269 1622 Servii

218 1638 265 1664 ex
291 1633 563 1669 commentario
585 1633 741 1680 septimo
765 1633 914 1672 AEneid.
936 1636 989 1677 >bs
1001 1648 1084 1679 412.
1112 1637 1270 1673 recitan-

219 1678 262 1714 da
287 1679 473 1718 censemus
489 1710 499 1725 ,
528 1695 621 1732 quae
641 1685 724 1721 talia
744 1684 845 1722 sunt:
867 1685 960 1721 Illud
981 1699 1132 1737 namque
1145 1687 1269 1724 Ovidii

219 1733 525 1777 Metamorphoseos
548 1733 750 1779 fabulosum
772 1763 781 1779 ‚
817 1738 993 1783 incensam
1019 1737 1064 1774 ab
1087 1737 1269 1775 Annibale

219 1780 404 1835 Ardeam,
428 1794 470 1821 (9·
487 1784 525 1819 in
548 1784 641 1821 hanc
661 1800 766 1822 avem
789 1787 844 1835 effe
857 1788 1067 1837 conversam.
1096 1789 1270 1835 Quaele-

221 1829 316 1874 eno,
346 1831 369 1867 fi
391 1844 475 1869 vera
496 1835 566 1878 est,
594 1844 672 1873 tum
698 1836 867 1874 barbarus
886 1837 968 1885 enfis
998 1851 1075 1877 non
1098 1839 1268 1886 AEneae,

218 1880 281 1937 sed
300 1881 488 1921 Annibalis
511 1886 740 1935 intelligetur.
769 1890 854 1937 Qua
879 1891 978 1927 enim
1004 1892 1146 1928 ratione
1171 1891 1268 1929 Ovi-

218 1931 298 1968 dius
321 1933 464 1978 noster,
494 1947 578 1972 cum
607 1939 768 1986 Augusto
793 1940 996 1978 blandiatur
1016 1953 1078 1989 per
1089 1941 1268 1986 AEneam,

218 1981 375 2020 Veneris
406 1983 521 2023 filium
538 2015 548 2030 ,
577 1999 661 2025 eum
695 1988 884 2026 barbarum
905 1992 1060 2039 apellare
1082 1994 1267 2040 potuerit,

216 2043 295 2070 non
308 2034 455 2072 hercule
469 2037 627 2084 agnosco
643 2066 653 2082 ‚
667 2038 726 2076 sed
738 2042 774 2076 &e
790 2042 983 2089 Virgilium
996 2043 1031 2078 in
1045 2052 1123 2080 tota
1135 2043 1267 2081 AEnei-

217 2082 285 2120 dos
342 2086 466 2142 equod
518 2089 692 2135 equidem
744 2090 851 2127 sciam
906 2092 965 2129 vel
1002 2094 1266 2141 meminerim)

216 2144 410 2184 nunquam
442 2136 632 2175 barbarum
663 2139 825 2177 AEneam
846 2142 1013 2190 appellat.
1067 2144 1208 2181 Verum
1229 2145 1267 2181 in

215 2183 313 2240 hoc,
341 2196 380 2223 ut
406 2189 517 2225 etiam
552 2190 588 2226 in
621 2191 743 2227 multis
765 2219 775 2235 ,
811 2193 966 2240 amplius
996 2193 1184 2231 censemus
1212 2206 1267 2231 re-

216 2237 451 2282 quirendum.
476 2239 611 2285 JACOB.
624 2240 659 2277 A
674 2241 815 2279 Cauca
843 2243 1015 2280 Fabulam
1029 2246 1123 2282 hanc
1137 2246 1174 2282 &
1185 2245 1269 2282 Ma-

214 2285 351 2341 pliaeus
372 2288 499 2327 traetat
520 2291 558 2327 in
579 2291 672 2328 libro
687 2320 697 2335 ‚
737 2305 849 2341 quem
872 2294 1080 2342 Virgilianis
1100 2295 1268 2342 superad-

215 2334 327 2393 didit,
354 2338 414 2375 sed
433 2339 492 2377 ille
515 2340 610 2379 ultro
631 2354 672 2379 ac
695 2342 823 2390 sponte
835 2344 1089 2383 suaincensam
1101 2345 1266 2385 Ardeam

215 2385 344 2425 sentire
369 2390 538 2434 videtur,
569 2393 616 2429 ita
635 2396 734 2430 enim
758 2395 866 2432 habet
887 2396 1005 2434 versus
1026 2410 1033 2433 :

266 2444 433 2488 Namque
450 2456 492 2478 ex
511 2443 650 2491 diversa
671 2445 828 2482 caderent
850 2446 935 2482 dum
951 2455 1049 2495 parte
1069 2447 1213 2484 Latini.-

263 2492 311 2525 Et
336 2491 447 2527 calzdo
469 2499 600 2529 sumus
613 2495 772 2540 foedaret
790 2497 960 2545 sanguine
983 2507 1136 2542 terram,

266 2539 388 2576 Urbem
410 2542 524 2589 ingens
547 2543 693 2589 flamma
707 2574 716 2589 ‚
746 2559 788 2586 (3⁴
806 2561 920 2583 muros
933 2548 1113 2597 invaſserat
1130 2549 1240 2586 altos.-

270 2591 509 2642 Fumabatque
528 2596 616 2632 ratis
635 2597 748 2643 miseri
762 2598 876 2646 patris
898 2599 1020 2636 Ardea
1042 2600 1137 2636 tet-‘iis
1157 2612 1228 2639 wc.

215 2637 379 2677 Fuerunt
406 2652 527 2681 autem
557 2647 619 2694 qui
650 2648 863 2686 incendium
885 2650 958 2686 hoc
979 2650 1024 2687 ad
1048 2651 1264 2689 Hannibalis

216 2698 385 2747 tempora
413 2694 622 2746 referrent,
662 2710 709 2734 eo
738 2699 884 2737 adduffi
916 2700 1089 2739 videlicet
1113 2730 1122 2745 ‚
1160 2702 1264 2750 quod

214 2738 330 2777 Poeta
344 2741 437 2778 dlxlt
448 2770 459 2785 ‚
485 2746 605 2790 §Quam
618 2748 792 2797 pcstquam
807 2750 982 2787 Barbarus
994 2750 1078 2800 ensis
1091 2751 1264 2798 Abstulit,

214 2789 316 2849 quasi
344 2791 520 2829 Barbarus
550 2795 630 2843 enfis
661 2810 737 2834 non
770 2801 847 2837 satis
871 2802 1077 2839 commode
1098 2802 1198 2840 reete
1218 2805 1264 2841 de

224 2846 242 2877 A
258 2852 388 2889 roJano
420 2843 613 2881 diceretur.
649 2847 780 2886 deinde
803 2851 914 2886 etiam
939 2852 1053 2888 Servii
1072 2853 1262 2897 cuiusdam

214 2891 431 2930 auctoritate
452 2895 609 2932 nitentes
626 2923 634 2937 .
672 2898 726 2945 cuj
736 2911 772 2935 us
793 2900 899 2936 verba
923 2901 960 2937 in
980 2902 1080 2938 hunc
1105 2896 1263 2940 modum

213 2943 350 2987 citant,
380 2943 476 2981 Illud
497 2958 648 2994 namque
670 2948 792 2984 Ovidii
808 2951 1111 2999 metamorphoseos
1123 2952 1265 2995 fabulo-

204 2992 287 3040 sum
309 2994 352 3040 est
366 3023 376 3039 ‚
403 2995 578 3043 incensam
591 2996 634 3032 ab
648 2999 848 3035 Hannibale
860 3000 1018 3036 Ardeam
1034 3029 1043 3044 ‚
1073 3002 1161 3040 &in
1175 3002 1266 3039 hanc

212 3057 318 3081 avem
347 3054 545 3095 con-versam
574 3076 583 3091 ‚
630 3047 730 3097 quasi
758 3061 833 3086 non
866 3052 1026 3097 potuerit
1046 3063 1113 3098 pro
1136 3052 1266 3090 Aenea

212 3093 430 3134 Hannibalis
455 3110 596 3135 nornen
619 3111 807 3147 perperam
829 3102 1009 3148 irrepere,
1037 3111 1097 3138 aut
1117 3113 1136 3138 a
1156 3102 1264 3140 libra-

213 3147 270 3182 tiis
291 3147 376 3185 falso
399 3148 554 3186 substitui
571 3177 579 3190 ‚
610 3161 731 3198 neque
753 3152 851 3188 enim
875 3153 935 3189 hic
957 3152 1140 3196 Ovidius,
1167 3165 1262 3201 quae

212 3203 380 3251 tempore
404 3199 645 3243 bellis’uiiici,
674 3200 730 3237 sed
745 3204 1078 3250 quaetetnporibus
1107 3205 1260 3242 Aeneae

212 3247 442 3293 accurissent,
472 3249 669 3287 describere
701 3253 840 3295 voluit,
868 3253 971 3301 quod
1000 3253 1025 3290 fi
1056 3255 1144 3302 quid
1168 3255 1260 3292 diffi-

211 3296 349 3336 cultatis
369 3300 461 3338 adeo
480 3301 633 3341 habebat
656 3303 716 3341 Tzic
737 3303 840 3343 loeus
853 3331 865 3350 ,
895 3304 1019 3342 malim
1032 3317 1098 3354 pro
1110 3307 1232 3355 Quam
1246 3335 1258 3354 ‚

2251 1152 2352 1195 aevi
2361 1183 2378 1208 ‚

1326 1278 1442 1325 Qem
1467 1275 1615 1325 legere,
1643 1282 1683 1313 ut
1709 1275 1755 1315 de
1775 1275 1911 1315 Turno
1934 1276 2219 1326 intelligeretur,
2246 1289 2292 1315 eo
2310 1277 2378 1317 sci-

1322 1328 1409 1366 licet
1439 1327 1521 1365 ense
1543 1327 1722 1372 Barbaro,
1751 1328 1825 1365 hoc
1846 1327 1894 1365 est
1917 1327 2105 1377 Trojano,
2125 1329 2376 1378 interempto,

1325 1378 1459 1416 deinde
1476 1406 1486 1423 ‚
1519 1379 1558 1416 δε
1576 1377 1698 1415 Ardea
1718 1378 1892 1416 incendio
1917 1380 2066 1416 consum
2075 1387 2154 1427 pta,
2182 1390 2228 1415 ex
2249 1379 2378 1418 favillis

1325 1441 1368 1467 ac
1392 1430 1514 1467 cinere
1535 1429 1644 1478 hujus
1665 1428 1826 1467 Ardeam
1840 1441 1947 1466 avem
1962 1439 2179 1478 prognatam
2195 1457 2204 1472 ,
2232 1429 2289 1467 sed
2302 1430 2377 1469 hoc

1325 1490 1417 1530 puto
1440 1480 1584 1524 durius,
1610 1481 1735 1529 itaque
1755 1489 1918 1518 veterem
1939 1481 2279 1529 interpretationem
2293 1483 2379 1518 reti-

1324 1543 1447 1569 neam.
1477 1531 1710 1569 Micrtr..In
1735 1531 1876 1569 duobus
1903 1532 2070 1568 Vatican.
2090 1531 2209 1568 Brian.
2231 1529 2373 1569 Fames.

1327 1583 1366 1620 &
1387 1582 1538 1620 Caelest.
1561 1580 1684 1631 aperte
1698 1582 1850 1631 legitur,
1882 1581 2188 1632 &Quampostqaam
2206 1580 2377 1619 barbarus

1324 1633 1414 1682 ignis
1429 1633 1600 1680 Abstulit.-
1614 1634 1771 1670 omnino
1785 1633 1913 1670 melius
1924 1645 1965 1670 ac
1974 1632 2157 1680 reffiusQ
2166 1645 2212 1669 uo
2224 1632 2376 1681 quidem

1324 1685 1444 1722 modo
1472 1685 1593 1722 omnis
1621 1684 1760 1722 tollitur
1790 1684 1984 1721 dubitatio.
2039 1684 2166 1732 Atque
2188 1684 2248 1721 hic
2270 1683 2374 1721 locus

1325 1735 1388 1773 diu
1414 1735 1650 1785 multumque
1680 1735 1878 1773 nonnullos
1906 1734 2066 1772 eruditos
2096 1733 2221 1778 torfit,
2250 1736 2313 1783 qui
2336 1735 2375 1772 in

1324 1787 1440 1824 varias
1464 1788 1611 1824 iverunt
1635 1786 1856 1834 opiniones,
1892 1797 2039 1834 neque,
2067 1784 2170 1834 quod
2190 1785 2295 1822 sciam
2314 1813 2323 1829 ,
2352 1785 2374 1822 a

1323 1849 1516 1887 quoquam
1550 1849 1655 1874 verus
1676 1837 1852 1876 historiae
1867 1864 1878 1881 ,
1908 1836 1982 1873 five
2005 1836 2146 1873 fabulae
2168 1835 2372 1873 intellectus

1323 1889 1372 1926 est
1402 1888 1530 1926 sensus.
1569 1887 1721 1925 Constat
1745 1889 1845 1925 enim
1869 1914 1880 1932 ,
1919 1896 1959 1924 ut
1988 1885 2094 1924 facile
2117 1886 2238 1923 videre
2262 1885 2348 1923 licet
2364 1914 2376 1931 ,

1324 1951 1370 1977 ex
1394 1940 1532 1977 Placidi
1563 1940 1808 1987 argumentis,
1839 1937 2026 1980 Ardeam,
2057 1937 2191 1974 Turno
2222 1936 2372 1982 occiso,

1326 1991 1556 2028 combustam
1585 1989 1697 2027 fuiffe.
1746 1991 1896 2037 Quare,
1934 1988 2087 2025 veritate
2107 1987 2291 2034 perspecta
2320 1995 2373 2025 at-

1324 2053 1398 2090 que
1419 2050 1503 2078 ante
1528 2041 1656 2078 oculos
1675 2039 1811 2087 posita,
1841 2036 2015 2075 facillime
2027 2037 2280 2085 cognoscitur,
2311 2037 2378 2075 de-

1325 2100 1451 2139 ceptos
1473 2089 1543 2128 effe
1565 2091 1644 2128 illos
1659 2117 1668 2133 ‚
1698 2091 1761 2139 qui
1780 2091 1853 2127 hoc
1874 2101 1952 2125 non
1972 2088 2017 2125 ad
2036 2088 2203 2125 Aeneam
2219 2117 2229 2132 ‚
2257 2088 2314 2126 sed
2327 2088 2372 2126 ad

1323 2141 1575 2179 Hannibalern
1590 2169 1600 2186 ,
1620 2141 1835 2177 referebant.
1865 2140 2010 2176 Notum
2021 2140 2122 2176 enim
2133 2140 2180 2176 ita
2194 2139 2255 2183 est,
2270 2139 2374 2176 Tro-

1318 2193 1427 2240 janos
1466 2202 1577 2241 atque
1609 2191 1698 2229 alios
1728 2191 1902 2238 (Graecis
1932 2190 2120 2237 exceptis)
2153 2189 2268 2227 dietos
2299 2188 2370 2227 effe

1323 2242 1495 2279 Barbaros
1509 2270 1518 2286 ‚
1546 2251 1586 2280 ut
1607 2242 1709 2279 nullo
1731 2242 1804 2278 alio
1827 2241 2040 2278 testimonio
2062 2239 2224 2288 indigere
2246 2240 2373 2278 videa—

1322 2301 1393 2330 tur.
1421 2292 1584 2331 Afferam
1614 2303 1739 2330 tamen
1771 2304 1887 2329 unum
1921 2290 2060 2328 tantum
2085 2291 2209 2328 locum
2232 2303 2276 2328 ex
2296 2291 2373 2338 ipso

1324 2343 1483 2384 Ovidio,
1506 2356 1584 2393 quo
1606 2343 1642 2380 id
1663 2343 1989 2391 planiusimperitis
2001 2341 2061 2379 fiat
2077 2369 2087 2384 ‚
2116 2341 2238 2390 estque
2251 2342 2370 2379 versus

1323 2394 1423 2443 epist.
1448 2395 1616 2432 Helenae
1634 2395 1679 2432 ad
1697 2393 1864 2431 Paridem
1880 2421 1892 2439 ,
1921 2393 1981 2431 ubi
2002 2393 2036 2430 ei
2055 2393 2129 2430 hoc
2149 2392 2248 2430 idem
2267 2392 2372 2431 datur

1323 2454 1439 2483 vitio:

1376 2496 1413 2533 si
1429 2497 1504 2539 jam
1522 2495 1663 2533 divitiis
1684 2495 1774 2532 locus
1798 2495 2081 2544 hic—numeroque
2096 2494 2257 2530 virorum

1427 2548 1585 2583 Vincitur
1598 2575 1607 2591 ‚
1636 2557 1677 2583 at
1698 2548 1784 2583 certa
1803 2546 1954 2582 barbara
1973 2556 2067 2582 terra
2089 2556 2151 2582 tua
2171 2544 2225 2592 est.

1321 2596 1415 2635 Illud
1442 2607 1628 2646 praeterea
1649 2597 1803 2644 supeiest
1826 2597 2015 2634 ostendere
2030 2625 2040 2642 ,
2067 2595 2245 2645 perquam
2267 2593 2374 2635 falfis-

1321 2647 1450 2686 simam
1474 2646 1545 2685 effe
1566 2648 1799 2695 quorundam
1814 2647 2014 2685 leetionem
2031 2675 2041 2692 ,
2069 2659 2164 2695 quae
2175 2647 2372 2694 hujusmo-

1321 2698 1358 2736 di
1391 2707 1479 2736 erat:
1509 2701 1624 2747 Quem
1650 2699 1825 2748 postquam
1846 2697 2016 2734 barbarus
2037 2695 2142 2743 enfis,
2171 2707 2242 2735 σε.
2270 2696 2372 2734 ducti

1319 2749 1495 2787 nimirum
1512 2777 1522 2794 ‚
1552 2758 1591 2786 ut
1623 2750 1696 2785 hoc
1720 2758 1846 2786 contra
1871 2758 2035 2786 veterum
2061 2748 2233 2783 librorum
2260 2745 2373 2785 fidem

1321 2808 1532 2844 mutarent,
1559 2799 1746 2848 cujusdam
1769 2800 1893 2836 Sereni
1916 2798 1990 2845 <sed
2009 2808 2108 2834 nunc
2133 2796 2282 2834 turbidi*
2308 2811 2374 2836 au-

1322 2850 1513 2894 ctoritate,
1539 2851 1602 2898 qui
1634 2850 1722 2887 falso
1741 2849 1885 2887 testatus
1905 2856 2003 2890 erat,
2034 2851 2185 2895 poetam
2208 2848 2374 2887 nostrum

1321 2900 1481 2937 fabulose
1511 2898 1663 2943 dixifl‘e,
1701 2899 1861 2936 Ardeam
1891 2899 1934 2935 ab
1958 2898 2166 2935 Hannibale
2188 2899 2375 2936 incensam

1323 2950 1403 2987 effe.
1450 2951 1618 2998 Quicum
1656 2950 1743 2985 falso
1775 2949 1881 2985 sentit
1911 2950 2022 2985 etiarn
2046 2948 2190 2986 Servius
2219 2949 2299 2995 (nisi
2322 2949 2372 2987 est

1322 3000 1458 3048 pseudo
1482 3000 1625 3038 Servius
1643 2999 1785 3048 aliquis)
1808 3011 1974 3036 enarrans
1995 2999 2079 3036 illud
2092 2999 2373 3047 Virg.v11.411.

1752 3056 1856 3086 Locus
1876 3050 1997 3086 Ardea
2021 3050 2197 3099 quondam

1374 3102 1497 3137 Dib't‘us
1514 3102 1607 3137 avis:
1627 3112 1669 3139 (φ
1681 3114 1771 3136 nunc
1785 3114 1949 3146 magnum
1964 3111 2081 3136 manet
2098 3100 2220 3136 Ardea
2233 3113 2370 3139 nomen.

1320 3151 1395 3189 Ubi
1434 3154 1523 3189 haec
1563 3161 1677 3189 notat:
1708 3157 1796 3188 Bene
1824 3149 1939 3198 allufit
1996 3158 2089 3186 Nam
2124 3150 2243 3186 Ardea
2271 3150 2370 3202 quasi

1318 3204 1431 3238 ardua
1463 3204 1553 3239 <ima
1575 3202 1640 3247 est,
1668 3203 1706 3238 id
1725 3202 1768 3248 est
1783 3231 1792 3245 ‚
1822 3215 1948 3250 magna
1972 3214 2013 3240 (9⁶
2036 3200 2171 3236 nobilis:
2196 3202 2272 3237 licet
2292 3210 2367 3250 Hy-

1312 3254 1416 3301 ginus
1434 3255 1471 3290 in
1499 3254 1625 3291 italicis
1647 3253 1787 3289 urbibus
1806 3252 1850 3288 ab
1872 3253 2014 3301 augurio
2032 3252 2112 3288 avis
2135 3252 2290 3288 Ardeam
2312 3253 2370 3289 di-

1315 3308 1410 3343 c‘lam
1443 3305 1542 3344 velit.
1579 3304 1674 3343 Jltud
1702 3317 1852 3354 namque
1883 3303 2006 3341 ovida
2034 3316 2073 3340 m
2102 3303 2370 3352 Metamorphosi

2303 3355 2363 3403 sas
