2483 3616
295 150 1532 252 METAMORPHOSEON
1604 183 1749 240 Lm.
1823 187 1960 245 vm.

2057 290 2060 291 7
2105 207 2204 262 5³79

348 284 598 341 Oeclides
614 326 627 342 ,
667 280 1007 354 nemorisque
1033 280 1197 335 decus
1208 280 1462 352 Tegeaea
1485 278 1673 350 Lycei.

343 356 528 413 Rafilis
556 353 679 409 huic
708 354 966 429 summam
991 352 1272 408 mordebat
1295 353 1454 408 fibula
1476 352 1707 412 vellem3

16 591 17 598 κ
57 566 238 606 pausanias
264 565 434 614 meminit
448 593 458 609 ,
486 565 524 603 ὃς
544 565 768 615 Apollonius
789 574 942 617 quoque
962 567 1000 604 in
1022 567 1095 605 Ca-

16 650 17 655 ,
55 618 188 665 talogo.
215 617 439 653 Micrttus.

15 713 17 719 Ι
82 668 185 716 x316.
212 667 481 716 Ampycidesque
505 666 658 717 sagax.]
697 668 852 716 Mopsus
866 669 1029 718 Ampyci
1052 669 1092 707 fi-

54 717 141 760 lius,
167 730 212 754 ex
234 717 406 755 Chloride
430 746 437 760 ‚
465 718 653 755 Titaronis
683 731 798 767 nepos
819 746 829 762 ,
857 731 967 768 quem
997 720 1094 768 saga-

56 780 133 805 cem
161 768 219 805 hic
237 777 367 812 vocat,
399 780 445 805 eo
472 768 576 818 quod
598 777 697 806 vates
720 798 730 813 ,
768 769 842 806 five
860 781 974 818 augur
999 772 1092 815 fuit,

55 829 94 856 ut
114 818 208 855 idem
232 819 452 864 Apollonius
471 819 617 856 testatur
637 821 690 856 his
713 819 869 857 versibus
895 820 956 856 lib.
981 832 1010 856 1.
1030 822 1091 868 65.

103 865 225 911 H'abffi-
251 871 292 916 dl:
320 867 363 907 οιῦ
378 868 523 916 Mo'alx&
534 870 768 922 Teroegiai&,
798 867 827 907 ἵν
855 868 928 912 ὦ
944 870 1078 909 mirem

99 924 258 971 Anrolollnq
284 922 406 970 {dalaia
428 927 629 971 θεοπροπίαις
657 928 774 963 οἶωνῖῦν.

55 979 128 1015 Ubi
148 979 432 1017 Commentator
447 1006 457 1023 ,
490 980 675 1024 Α’μπύκου
694 979 850 1028 ‚inquit,
889 978 957 1021 ὑιός
977 980 991 1016 ὃ
1012 979 1087 1016 Mo‘-

14 1061 15 1068 ,
49 1028 130 1071 φας.
161 1030 221 1065 ’τοῦ
253 1027 467 1073 Τιτείρωνθς.
520 1030 591 1067 Sed
619 1030 681 1068 hic
706 1039 832 1067 tamen
850 1030 1082 1073 notandum,

14 1094 15 1098 ¹
49 1079 180 1116 variare
202 1079 384 1118 Ovidium
418 1081 462 1117 ab
488 1080 716 1129 Apollonio,
744 1091 830 1116 nam
860 1081 1083 1128 Apollonius

12 1131 15 1159 ἱ
45 1130 82 1168 in
109 1130 224 1179 Libya
242 1129 381 1178 periiffe
402 1132 578 1179 Mopsum
591 1129 761 1174 serium&
777 1130 940 1179 serpente
953 1131 1083 1169 iesum.

14 1202 15 1206 =
52 1180 204 1218 Ovidius
224 1191 347 1219 autem
370 1183 407 1219 in
440 1184 640 1219 venatione
655 1209 665 1225 ,
699 1192 793 1229 quae
815 1209 825 1224 ,
852 1190 892 1219 ut
912 1181 1013 1229 supra
1036 1193 1082 1219 ex

13 1235 15 1267 ἒ
44 1230 208 1268 Pausania
242 1233 454 1270 notavimus
474 1260 484 1274 ,
523 1232 602 1280 post
634 1231 911 1279 expeditionem
932 1232 1084 1270 Colchi-

13 1294 15 1319 τ
45 1292 121 1319 cam
153 1282 246 1328 fuit,
279 1295 364 1320 cuin
395 1283 587 1333 Meleagro
617 1283 655 1320 δί
687 1283 814 1320 ceteris
836 1281 948 1321 fuiffe.
1001 1284 1083 1320 Mt-

13 1370 15 1374 ,
44 1343 198 1370 cutus.-

93 1384 172 1431 316.
194 1388 240 1420 Et
268 1383 381 1424 adhuc
410 1383 435 1421 ὰ
457 1385 591 1435 conjuge
622 1393 721 1422 tutas
741 1384 931 1435 Oeclides.]
986 1386 1082 1424 Am-

14 1443 15 1488 ]
41 1433 218 1481 phiaraus,
248 1435 378 1473 Oeclei
397 1435 489 1473 filius
504 1464 514 1479 ,
544 1437 607 1485 qui
629 1448 716 1473 cum
738 1437 959 1475 vaticinandi
990 1439 1083 1486 peri-

43 1483 190 1522 tiffimus
213 1485 441 1534 cognoviffet
464 1486 693 1524 a.Thebano
715 1487 811 1524 bello
835 1487 870 1524 se
891 1499 966 1525 non
988 1489 1083 1526 redi-

41 1541 156 1572 turum
173 1564 183 1580 ‚
211 1537 260 1574 ita
289 1537 445 1574 latebras
469 1538 595 1586 petiit,
622 1546 665 1575 ut
691 1538 820 1575 omnia
849 1547 975 1576 tamen
1004 1539 1083 1577 Eri-

38 1584 166 1634 phylae
187 1587 316 1630 uxori,
345 1599 456 1636 quarn
477 1587 682 1625 fidiffimam
697 1588 867 1636 putabat,
893 1589 1082 1630 indicaret.

12 1667 13 1671 ,
36 1633 93 1672 illa
123 1635 213 1673 vero
243 1637 286 1674 ab
315 1637 450 1686 Argia,
477 1638 620 1676 Adrasti
639 1636 710 1675 filia
726 1666 736 1682 ,
751 1640 885 1677 monili
903 1649 1080 1688 accepto,

12 1704 13 1713 =
35 1685 135 1733 quod
155 1687 341 1725 Vulcanus
362 1688 593 1726 Harmoniae
619 1688 807 1738 privignae
837 1690 942 1727 dono
965 1690 1077 1729 dede-

14 1739 108 1780 tat,
144 1738 313 1775 maritum
347 1738 503 1776 Adrasto
534 1738 725 1788 prodidit,
761 1740 825 1788 qui
848 1741 1076 1781 Thebanum

12 1796 157 1837 ,agrum
197 1787 367 1837 ingressus
404 1788 477 1826 una
505 1801 589 1827 cum
621 1801 726 1827 curru
761 1788 783 1826 a
817 1791 969 1828 Tellure
1006 1793 1077 1832 fuit

12 1846 15 1873 ε
37 1837 404 1886 absorptus.Rmms.
434 1839 533 1878 Vide
554 1840 642 1877 Stat.
666 1839 759 1878 libro
780 1840 938 1890 septimo
952 1842 1077 1883 Theb.

39 1886 258 1927 MICYLLUS.

87 1949 168 1987 317.
197 1939 375 1990 Tegeaea]
403 1940 607 1987 Arcadica,
634 1953 722 1980 nam
746 1942 899 1992 Tegaea
926 1944 1007 1982 urbs
1025 1945 1074 1983 est

12 1998 14 2029 ζ
36 1986 225 2027 Arcadiae.
259 1991 362 2039 quod
389 2003 531 2029 nornen
562 1992 796 2042 triffyllabum
820 1994 971 2043 quidem
1000 1997 1072 2041 est,

35 2037 93 2076 sed
114 2040 217 2087 quod
234 2039 319 2077 inde
336 2041 533 2080 declinatur
554 2041 784 2093 poffeffivum
802 2073 811 2089 ,
840 2046 888 2082 ita
912 2053 1086 2094 quatuor*

34 2087 247 2136 syllabarum
277 2090 429 2128 efficitur
452 2120 462 2136 ‚
496 2101 536 2130 ut
572 2095 773 2142 penultima
795 2095 836 2132 fit
862 2095 986 2144 longa.
1023 2097 1072 2135 est

35 2139 148 2175 etiam
174 2138 323 2186 Tegaea
342 2142 380 2178 in
402 2141 508 2180 Creta
530 2141 551 2180 a
575 2145 778 2193 Talthybio
791 2144 1072 2190 aedificata,un-

36 2187 83 2224 de
101 2188 290 2236 Tegeatae
309 2190 486 2229 dicuntur.
515 2194 681 2232 Raetus.
710 2195 753 2232 ln
774 2207 852 2233 uno
874 2196 1074 2236 Vaticano.

41 2240 261 2287 Nemortsque
311 2240 408 2276 decus
436 2243 616 2280 Atalanta
645 2245 755 2293 Lycei.
816 2246 858 2283 ln
886 2248 1072 2286 nonnullis

38 2287 170 2345 {criptis
189 2289 285 2326 libris
300 2317 309 2333 ,
338 2291 466 2339 quibus
484 2292 563 2331 usus
588 2295 665 2332 sutn
681 2323 691 2339 ,
719 2296 880 2344 estsuper
893 2325 903 2342 ,
917 2303 1081 2345 Tegaeea,

11 2350 13 2362 ¹
42 2337 79 2376 td
97 2338 162 2384 eft,
198 2339 392 2378 Atalanta.
428 2341 538 2379 Forte
565 2344 677 2382 lectio
710 2346 877 2384 Vatican.
917 2348 999 2386 libri
1026 2350 1082 2387 est·

11 2401 13 2423 τ
42 2387 234 2438 gloffema,
261 2391 364 2439 quod
383 2391 515 2429 deinde
534 2394 569 2430 in
594 2395 737 2433 versum
754 2397 909 2445 irrepfit.·

11 2447 13 2453 ’
96 2440 177 2487 318.
205 2441 304 2476 Venit
320 2442 501 2479 Atalanta
521 2442 657 2480 Schenei
677 2445 910 2493 pulcherrima
931 2447 1038 2496 virgo.
1057 2449 1074 2499 ]

11 2497 12 2520 1
46 2489 132 2528 Hoc
151 2502 295 2528 carmen
313 2519 322 2534 ,
349 2500 430 2530 tum
458 2493 543 2541 quia
562 2495 599 2531 in
621 2496 801 2533 veteribus
831 2507 909 2533 non
931 2498 1076 2535 inveni-

47 2547 122 2596 tur,
156 2550 236 2578 tum
264 2541 366 2591 quod
396 2545 434 2580 &
463 2543 603 2592 syllabis
635 2545 837 2587 claudicat,
865 2547 904 2583 &
926 2547 1015 2585 rude
1035 2560 1078 2586 ac

48 2589 148 2633 nihili
188 2592 236 2628 est
255 2619 265 2635 ,
304 2593 546 2642 rejiciendum
588 2594 770 2633 duximus.
823 2596 1078 2636 Nauemus.

47 2640 142 2676 Venit
151 2642 335 2679 Atalantis
344 2644 485 2687 Caenei,
494 2643 541 2680 fic
551 2646 701 2693 quidem
713 2646 856 2694 legitur,
856 2647 1080 2693 ftdAtalan-

49 2691 134 2728 te&
152 2692 312 2729 'Schoenei
345 2694 434 2731 mihi
462 2693 561 2732 reete
591 2694 612 2731 a
641 2696 790 2734 Graecis
819 2696 890 2744 legi
923 2698 1078 2737 videtur.

53 2750 136 2778 narn
165 2742 331 2781 Atalanta
363 2744 546 2782 Schoenei
575 2745 657 2787 sfilia
685 2746 754 2784 fuit
785 2747 1042 2786 formofiffima
1065 2777 1077 2793 ‚

53 2800 102 2846 ex.
127 2802 196 2839 qua
225 2793 413 2842 Meleager
443 2795 741 2844 Parthenopeum
770 2796 930 2845 suscepit.
966 2800 1076 2838 altera

10 2837 11 2870 l
54 2838 120 2895 fult
135 2841 326 2888 Atalanta,
355 2844 431 2882 Iafii
445 2873 456 2889 ,
481 2845 546 2882 filii
565 2846 718 2884 Abantis
734 2876 743 2891 ,
771 2847 998 2896 Argivorum
1019 2862 1077 2887 re-

9 2902 12 2906 *
52 2899 123 2944 gJS,
148 2891 228 2929 filia.
256 2893 300 2929 de
319 2895 615 2944 quaPropertius
640 2925 649 2940 ‚
686 2897 864 2934 Milanion
886 2899 997 2936 nullos
1011 2903 1076 2945 fu-

7 2956 11 2978 1
48 2941 184 2986 gundo,
213 2943 322 2987 Tulle,
332 2943 668 2983 laboresrsaevitiam
691 2948 798 2984 darae
816 2949 980 2986 contudit·
995 2949 1076 2999 Ic'zfi-

54 2987 119 3027 dos.
153 2992 311 3030 Remus.
363 2994 424 3031 Est
445 2995 483 3032 &
500 2996 561 3033 hic
584 2998 708 3035 versus
730 3001 797 3034 τῶν
825 2998 1075 3044 ἀπορουμένων.

53 3049 138 3076 nam
161 3041 198 3078 ὃς
213 3044 392 3090 quantitas
419 3055 594 3094 repugnat
608 3074 618 3091 ,
641 3048 796 3086 secunda
818 3050 855 3086 in
875 3050 1078 3097 Atalante,

58 3096 181 3144 contra
197 3092 347 3131 aliorum
366 3096 532 3143 exempla
554 3097 728 3145 producta
741 3127 751 3143 ,
779 3100 818 3136 ὃ(
840 3101 942 3148 quod
961 3101 1077 3138 Schoe-

57 3149 111 3172 πει
131 3137 198 3175 fiha
217 3141 383 3182 Atalante
402 3145 494 3181 haec
510 3155 682 3192 vocatur,
711 3161 794 3186 cum
815 3150 909 3187 infra
925 3151 1082 3190 Atalan-

10 3216 11 3225 ,
57 3194 96 3223 te
112 3187 216 3225 altera
228 3217 239 3233 ,
253 3195 314 3238 qui
335 3207 418 3232 curn
440 3195 693 3243 Hippomenes
715 3199 817 3237 cursu
834 3203 999 3246 certavit,
1013 3215 1078 3239 eo-

8 3243 11 3249 '
59 3235 144 3273 dem
184 3243 499 3295 modo·Schoene't'a
525 3245 569 3281 ab
610 3247 753 3285 Ovidio
790 3249 940 3288 dicatur.
967 3264 1079 3299 quare

9 3312 11 3314 v
56 3286 251 3338 suumque
269 3296 473 3341 quantitatis
502 3296 655 3347 quidem
676 3296 793 3336 cauffa-
805 3299 952 3347 legunt,
984 3303 1080 3340 Venit

2015 422 2192 480 Crinis

1148 578 1192 607 (φ
1207 568 1355 606 Atlante
1367 595 1377 611 ,
1393 567 1465 604 &c.
1493 564 1552 603 cui
1570 563 1723 602 lectioni
1739 563 1814 601 hoc
1831 561 2066 601 incommodi
2079 561 2187 608 adest,

1148 620 1249 667 quod
1273 619 1392 657 versus
1419 617 1479 654 hic
1498 617 1606 653 nimis
1632 615 1864 661 σχκμκτικὸς
1884 614 1924 651 fit
1943 641 1953 657 ,
1976 613 2125 661 quando
2148 616 2188 651 &

1147 670 1308 719 syncope
1328 671 1365 707 in
1394 668 1570 708 Atlante,
1598 678 1664 714 pro
1689 694 1699 710 ‚
1728 665 1934 708 Atalanta,
1962 664 1999 700 &
2022 663 2191 711 synaere-

1149 721 1191 757 slS
1212 721 1246 758 in
1265 719 1419 757 Schoenei
1439 730 1505 766 pro
1538 716 1674 754 schoeni
1706 717 1962 754 committitur.
2016 714 2063 751 Et
2087 714 2192 763 quod

1148 771 1193 808 ad
1214 771 1455 808 differentiam
1475 768 1679 806 Arcadicae
1704 767 1812 816 hujus
1846 767 1884 803 δε
1905 765 2049 809 alterius
2065 764 2192 801 Boeo-

1149 822 1431 859 tiae-Atalantes
1450 822 1602 863 attinet,
1628 817 1764 856 eodem
1789 816 1906 855 modo
1930 818 2112 854 incertum
2135 824 2190 852 at-

1149 883 1222 920 que
1245 872 1436 910 confusum
1459 878 1596 908 manet.
1647 869 1725 906 Alii
1745 878 1867 906 autem
1883 868 2034 916 ,quibus
2056 867 2092 903 &
2107 877 2192 902 ver·

1146 921 1233 959 bum
1252 951 1260 966 ‚
1287 923 1408 966 Venit,
1437 922 1490 958 uti
1516 920 1676 958 otiosum
1703 946 1714 963 ‚
1751 921 1790 957 ὃς
1820 918 1841 955 a
1860 917 2110 966 praecedentis
2130 917 2191 964 sy-

1144 973 1329 1010 nathrismi
1347 973 1526 1020 elegantia
1539 983 1582 1009 ac
1604 971 1827 1019 proprietate
1839 970 2003 1006 alienum
2025 969 2187 1013 videtur,

1142 1024 1288 1074 utrique
1309 1024 1402 1061 vitio
1422 1022 1561 1059 mederi
1580 1021 1766 1065 volentes,
1790 1021 1918 1069 legunt
1932 1047 1942 1065 ‚

1414 1071 1636 1121 Nemorisque
1655 1071 1754 1107 decus
1768 1076 1910 1119 Tegeaea
1932 1069 2056 1118 Lycei,

1190 1122 1359 1160 Venatrix
1381 1123 1561 1160 Atalanta
1576 1150 1586 1166 ,
1616 1120 1682 1171 Iafi
1698 1121 1932 1171 pulcherrima
1954 1122 2064 1170 virgo.

1138 1175 1283 1223 Quibus
1305 1174 1402 1212 aliud
1420 1174 1572 1223 quidem
1598 1173 1710 1218 ni'nil,
1728 1172 1788 1209 sed
1807 1181 1931 1209 tamen
1953 1174 2027 1209 hoc
2047 1171 2190 1217 obstat}

1138 1224 1241 1273 quod
1278 1226 1395 1273 prima
1426 1227 1464 1261 in
1494 1221 1582 1273 Iaft,
1619 1224 1694 1260 live
1734 1225 1845 1261 etiam
1869 1221 1970 1271 Iafii,
2006 1223 2021 1270 (
2039 1232 2078 1260 ut
2095 1224 2185 1261 illud

1139 1287 1204 1323 per
1225 1274 1443 1324 synaercfim
1477 1274 1616 1311 dietum
1635 1274 1882 1321 accipiamus)
1912 1272 2007 1321 apud
2043 1282 2185 1311 ceteros

1140 1326 1377 1374 producitur,
1405 1333 1446 1362 ut
1462 1324 1558 1372 apud
1573 1324 1846 1362 ‘Callimachum
1862 1352 1872 1367 ,
1901 1326 2020 1368 κούρην
2048 1325 2185 1361 Ιάσὶοιο

1138 1377 1323 1413 συοκτόνου
1345 1375 1584 1421 Α’ρκκσιδαο,
1605 1376 1642 1411 ὃς
1664 1374 1760 1423 apud
1779 1375 2031 1422 Propertium:

1191 1426 1369 1464 Milanion
1390 1426 1499 1462 nullos
1511 1425 1676 1474 fugiendo
1690 1453 1700 1468 ,
1728 1424 1846 1468 Tulle,
1874 1424 2002 1461 labores

1264 1477 1458 1514 Saevitiam
1477 1476 1584 1513 durae
1604 1475 1760 1512 contudit
1784 1473 1918 1524 Iizfidos.

1139 1530 1267 1577 Quare
1285 1530 1323 1565 &
1345 1529 1443 1565 hunc
1462 1527 1604 1565 versum
1628 1528 1722 1564 inter
1739 1528 1897 1564 incertos
1922 1526 1960 1563 ὅτ
1983 1525 2184 1574 inexplicate»

1137 1587 1196 1616 tos
1227 1579 1489 1628 relinquemus,
1542 1579 1719 1616 Ceterum
1761 1585 1801 1615 ut
1830 1577 1875 1614 de
1907 1575 2078 1613 Atalanta
2108 1577 2183 1614 hoc

1137 1629 1225 1667 loco
1245 1629 1441 1674 addamus,
1471 1641 1564 1678 quae
1589 1628 1686 1677 apud
1708 1627 1796 1665 alios
1822 1628 1920 1664 varie
1941 1626 2069 1664 tradita
2090 1627 2184 1675 legi-

1137 1691 1218 1718 mus
1232 1708 1242 1723 ,
1262 1681 1425 1729 plerique
1446 1680 1677 1717 Graecorum
1698 1678 1784 1715 duas
1809 1677 1997 1716 Atalantas
2016 1678 2155 1715 faciunt
2170 1705 2185 1721 ‚

1134 1730 1377 1768 Arcadicam:
1403 1742 1500 1780 quae
1522 1742 1606 1768 cum
1628 1730 1820 1778 Meleagro
1838 1730 1875 1766 in
1896 1727 2094 1765 venatione
2105 1729 2183 1776 apri

1133 1782 1266 1825 fuerit,
1296 1782 1335 1818 δε
1361 1780 1579 1819 Boeoticam
1610 1781 1785 1823 alteram,
1821 1791 1916 1828 quae
1945 1790 2030 1816 curn
2061 1779 2184 1825 procis

1132 1832 1202 1870 suis
1231 1831 1334 1869 cursu
1368 1841 1504 1869 certare
1527 1831 1672 1868 solebat.
1719 1838 1831 1878 atque
1852 1828 2073 1866 Arcadicam
2098 1831 2184 1878 qui-

1131 1883 1217 1921 dem
1231 1883 1340 1925 hanc,
1353 1881 1555 1920 Iafiifiliam
1567 1881 1693 1919 dicunt
1715 1888 2027 1917 commentatores
2046 1877 2184 1917 Theo-

1131 1934 1232 1977 criti,
1269 1932 1451 1981 Euripidis
1489 1934 1526 1970 &
1558 1932 1784 1982 Apollonii,
1816 1932 1908 1968 item
1939 1929 2109 1978 Hyginus
2141 1932 2181 1968 in

1130 1984 1248 2032 capite
1270 1983 1315 2020 de
1335 1983 1474 2032 septem
1494 1982 1646 2020 ducibus
1668 1980 1840 2019 Theban.
1865 1983 1904 2018 &
1934 1980 2183 2019 Callimachus

1126 2035 1166 2072 in
1188 2035 1348 2083 Hymno
1371 2035 1409 2071 in
1433 2034 1542 2071 Dian.
1561 2045 1644 2081 2¹5·
1673 2033 1775 2080 cujus
1799 2031 1918 2068 versus
1940 2030 2021 2068 sunt
2041 2043 2051 2066 ;

1179 2094 1318 2138 Hillo-ae
1336 2095 1367 2134 δέ
1389 2114 1421 2134 τι
1444 2093 1571 2145 πὸῖγχυ
1592 2091 2029 2147 ποδορῥῶὖμ“ᾊ’τοιλοι’ντᾶυ,

1184 2149 1298 2201 Ke'pba
1319 2152 1447 2191 Ιόιο-ιόιο
1469 2150 1636 2189 συοκτᾶνον
1655 2146 1873 2198 Α’ρκασ-ίδσιο,

1183 2209 1252 2244 Καὶ
1269 2204 1519 2248 {ammoto-[bare
1548 2209 1579 2256 ’ᾖ
1598 2202 1754 2253 εὕςοχίῦμ
1772 2201 1931 2246 {Siluiae-

1184 2259 1237 2298 Oz'al
1254 2267 1308 2310 μίν
1328 2262 1491 2302 ἐπίκλητοι
1521 2258 1709 2298 Κωλυὲωνι’8
1726 2258 1925 2308 οἰγξόῖλτῖἷρες

1180 2316 1354 2368 Μέμφονῦ
1372 2314 1519 2364 noo'npoto.
1559 2312 1606 2352 ’τοὶ
1623 2311 1665 2363 23
1683 2309 1814 2361 σειμῆϊκ
1832 2312 1920 2351 rilem

1183 2370 1364 2419 A'pnadileo
1386 2373 1541 2417 εἰεῗὲλθενζ,
1554 2367 1652 2418 ’ἔχεθ’
1669 2366 1717 2404 ’ἔτι
1738 2367 1834 2416 &vebs
1853 2362 1995 2403 ὗῖἶντοὸς-

1131 2431 1296 2469 Alteram
1318 2442 1442 2470 autem
1466 2433 1685 2469 Boeoticam
1708 2431 1805 2467 illam
1820 2456 1830 2472 ,
1855 2424 2038 2465 Schoenei
2057 2424 2178 2481 liliam·

1131 2483 1271 2518 faciunt
1291 2483 1403 2518 iidem
1428 2482 1478 2518 illi
1506 2482 1672 2517 auctores
1705 2478 1801 2517 fere:
1831 2479 1869 2515 δε
1889 2485 2075 2526 praeterea
2096 2475 2179 2523 ipse

1133 2532 1244 2568 etiam
1268 2532 1384 2568 Ovid.
1403 2532 1496 2568 infra
1516 2531 1576 2567 lib.
1598 2543 1632 2567 x.
1651 2532 1724 2577 609
1745 2529 1806 2566 ubi
1826 2529 1897 2564 ait:

1185 2581 1288 2617 Talia
1307 2581 1474 2617 dicentem
1493 2579 1595 2618 ..molli
1614 2580 1791 2617 Schoeneia
1809 2578 1917 2615 vultu

1184 2632 1330 2680 Aspicit.

1134 2681 1182 2719 Et
1202 2683 1340 2720 rursum
1363 2683 1461 2732 659,

1391 2731 1550 2770 Dubium
1572 2733 1763 2781 Megareius
1782 2730 1880 2768 heros·
1899 2739 1901 2741 ’
2032 2774 2034 2776 ¹

1183 2784 1344 2820 Gaudeat
1357 2812 1367 2829 ,
1395 2797 1444 2820 an
1466 2784 1563 2831 virgo
1584 2784 1691 2833 magis
1714 2782 1767 2819 his
1787 2782 1964 2819 Schoeneia
1983 2781 2096 2820 dietis,

1130 2848 1177 2886 Et
1199 2848 1243 2886 ad
1261 2850 1361 2885 ‘hanc
1380 2860 1456 2886 rem
1481 2849 1653 2887 nonnihil
1680 2849 1766 2886 facit
1793 2850 1904 2886 etiam
1926 2848 2038 2892 illud,
2064 2846 2180 2896 quod‘

1131 2899 1321 2936 Scltoenos
1340 2899 1434 2937 inter
1450 2899 1582 2937 fluvios
1604 2900 1784 2937 Boeotiae
1813 2900 1925 2936 etiam
1943 2898 1963 2935 a
1993 2900 2168 2935 Strabone

1129 2950 1296 2993 refertur,
1310 2949 1355 2986 de
1368 2951 1469 2997 cujus
1486 2951 1642 2987 nornine
1663 2951 1891 2987 Schacneum
1902 2949 2015 2996 ipsum
2027 2947 2177 2984 dietum>

1129 3000 1280 3049 quidam
1303 3000 1444 3038 volunt.
1472 3001 1628 3046 deinde,
1666 3000 1769 3050 quod
1789 3000 1885 3049 apud
1905 3000 1991 3036 Stat.
2009 2998 2069 3033 lib.
2091 3006 2165 3032 vn.

1127 3050 1167 3088 in
1192 3050 1307 3088 Catal.
1324 3050 1468 3088 dicitur.
2124 3094 2132 3100 ‚

1182 3101 1258 3149 Qi
1279 3100 1379 3137 breve
1398 3100 1500 3137 littus
1528 3102 1630 3150 Hyles
1643 3130 1654 3146 ‚
1685 3100 1983 3150 Atlantaeuquce
1993 3093 2132 3150 ſjcperbt

1180 3151 1352 3188 Schoenon
1377 3151 1507 3188 habent
1529 3180 1539 3196 ,
1573 3152 1712 3202 notique
1749 3150 1863 3186 colunt
1899 3145 2037 3192 vesttgta
2071 3157 2173 3181 came

1330 3214 1341 3236 t
1364 3229 1373 3245 ‚
1401 3213 1473 3240 cac.

1133 3211 1360 3297 Quanquzfm
1381 3251 1481 3288 idem
1504 3251 1634 3288 Statius
1650 3250 1713 3287 lib.
1734 3261 1785 3284 vx.
1815 3247 1860 3284 de
1880 3243 2057 3282 Arcadica
2079 3246 2172 3283 Ata-

1132 3301 1231 3338 lanta
1250 3300 1430 3348 loquens,
1455 3301 1505 3338 ita
1536 3297 1850 3386 fabgairg-dmiscet
1872 3323 1883 3341 ‚
1917 3304 1958 3334 ut
1982 3307 2023 3334 ea
2038 3323 2048 3342 ,
2076 3308 2178 3384 Ἕω

1760 3358 1790 3396 3.
2126 3356 2185 3394 tet
