2483 3616
305 162 1534 233 METAMORPHOSAEON
1605 162 1749 219 LIB.

1823 160 1937 223 VII.
2081 166 2189 238 '491‘

49 310 187 371 adl-ff
200 341 216 367 9
250 306 321 351 ubi
352 300 362 328 ³
384 297 671 359 Maephen,
706 312 754 341 ne
776 311 869 341 cum
891 305 1027 340 matre
1051 295 1356 353 concumberet,
1391 293 1559 354 &Jove
1593 293 1638 336 in
1663 291 1975 353 feraespeciem
1997 293 2173 354 transfi-

42 385 219 439 guratus
240 371 310 431 est.

48 451 157 497 tem,
192 437 261 497 qui
281 433 335 478 ab
355 428 546 488 Apolline
567 427 617 471 iio
628 425 808 484 phocam
844 425 1172 486 tranfiguratus
1197 423 1368 486 fuerat.

47 504 217 566 lugentis
228 498 373 558 filiam
394 496 440 539 in
460 492 671 537 volucrem
692 490 848 551 ceffiffe.

375 358 404 392 ¹⁵²
428 362 530 422 Post
551 359 850 420 eorum‘casum
867 358 1103 420 profestum
1124 361 1273 419 vidzſje
1298 357 1519 418 Cephificm
1547 358 1702 416 nepotis
1725 356 1800 417 sui
1822 359 1997 403 exitium
2018 359 2172 416 deflen-

1434 423 1545 469 Item
1579 421 1746 468 domum
1785 418 1791 445 ¹
1818 421 1988 468 Eumeli
2016 424 2186 483 adiffl,

455 628 646 699 Djacet
670 626 750 680 his
775 625 1036 681 Pleuron:
1076 625 1133 679 in
1157 625 1262 697 qua
1287 621 1674 694 trepidantibus
1699 620 1798 676 alis

328 630 656 771 ¹AOphias
678 696 866 769 effugit
891 713 1137 753 natorum
1163 699 1377 751 vulnera
1401 694 1629 750 Combe.

400 772 529 828 Inde
552 771 837 826 Calaureae
870 770 1141 826 Letoidos
1166 768 1384 840 adspicit
1411 785 1557 840 arva,

45 1013 203 1060 tradere,
230 1017 380 1064 perinde
400 1029 442 1057 ac
468 1014 498 1057 si'
515 1031 593 1058 non
628 1023 754 1062 curru,
780 1017 840 1056 sed
861 1018 946 1056 circi
965 1017 1078 1055 alicu-

36 1065 118 1122 jus,
147 1075 208 1104 aut
240 1069 355 1106 milvii
388 1070 451 1108 alis
483 1071 540 1109 usa
566 1070 699 1108 fuiffet.
752 1069 820 1107 Sed
848 1068 952 1117 quod
972 1066 1077 1117 supra

39 1115 252 1172 aliquoties,
280 1119 377 1157 idem
401 1120 464 1158 hic
484 1133 635 1170 quoque
658 1120 774 1169 Regio
797 1119 1002 1162 accidit‚ut
1016 1129 1076 1155 or-

41 1164 164 1203 dinem
190 1168 324 1206 itineris
347 1183 422 1207 non
453 1171 666 1208 observaret.
719 1170 823 1217 Quid
844 1168 980 1219 igitur?
1008 1181 1074 1217 pro

38 1214 186 1271 pleuron
210 1246 225 1261 ,
249 1224 405 1256 Brauron
435 1221 630 1270 legendum
661 1220 840 1257 existimo.
896 1219 954 1257 Est
975 1221 1075 1257 enim

36 1276 77 1303 in
100 1267 234 1323 eodem
252 1270 393 1312 littore.
422 1273 458 1308 in
479 1283 555 1320 quo
577 1270 702 1319 Hyrie,
730 1271 788 1308 cui
815 1271 905 1307 haec
933 1269 1076 1319 adjace-

37 1326 77 1352 re
99 1316 251 1362 dicit'ur,
281 1322 380 1357 vicus
399 1320 458 1358 seu
478 1332 587 1369 pagus
605 1323 744 1358 Atticus
761 1326 921 1357 Brauron'
933 1348 942 1364 ‚
971 1321 1076 1369 oppi-

37 1364 125 1402 dum
151 1367 264 1412 olim,
292 1378 331 1406 ut
352 1372 388 1407 δ’(
410 1371 541 1408 Plinius
563 1372 600 1408 ὅ(
622 1370 723 1408 Mela
740 1371 908 1415 tradunt,
923 1383 967 1407 ex
982 1371 1078 1408 duo-

36 1414 156 1453 decim
177 1417 242 1455 illis
256 1447 265 1463 ‚
292 1431 385 1468 quae
406 1422 440 1457 in
462 1433 572 1458 unam
594 1422 778 1458 civitatem
800 1421 920 1469 postea
931 1421 1074 1459 redacta

38 1463 108 1503 effe
126 1466 250 1505 Strabo
271 1480 377 1519 autor
396 1472 468 1516 est,
498 1471 638 1509 celebre
656 1471 757 1520 signo
779 1472 961 1509 Tauricae
980 1472 1075 1509 Dia-

34 1527 127 1561 nae,
151 1519 253 1567 quod
270 1520 804 1570 IpliigeniainGraeciam‘cum
825 1523 932 1559 fratre
945 1523 1074 1560 Oreste

35 1568 174 1604 reversa
190 1595 200 1611 ,
223 1569 344 1608 secum
375 1571 550 1617 attuliffe,
579 1573 701 1621 ibique
731 1571 912 1621 reliquiffe
930 1572 1071 1610 dicitur.

37 1616 152 1672 Unde
171 1619 208 1654 &
229 1621 348 1657 eidem
371 1622 459 1659 deae
480 1632 734 1671 cognomento
752 1623 962 1659 Brauroniae
975 1635 1073 1666 ,cer-

36 1673 82 1703 tis
103 1667 239 1705 ibidem
262 1670 364 1708 sacris
385 1683 488 1720 capra
507 1676 702 1722 quotannis
721 1673 904 1710 immolari
926 1674 1072 1711 solebat.

39 1715 88 1753 Et
106 1729 190 1755 cum
204 1719 272 1757 hac
292 1721 453 1759 leffione
476 1725 584 1760 etiam
599 1723 777 1762 consentit
790 1751 801 1768 ,
813 1723 915 1771 quod
927 1725 1073 1762 Parrha-

40 1765 130 1824 ἷίυε·ἒ
156 1769 194 1805 &
214 1769 272 1808 alii
290 1772 437 1819 quidam
454 1800 463 1814 ‚
493 1774 665 1811 Comben
687 1775 801 1817 hanc,
829 1774 874 1811 de
892 1786 962 1822 qua
973 1786 1076 1822 prae-

39 1816 129 1872 senti
150 1818 267 1857 fabula
284 1823 400 1869 agitur
416 1851 425 1867 ,
455 1824 658 1861 Euboicam
690 1823 817 1869 fuifl'e‚
846 1826 883 1860 &
911 1825 983 1861 alio
1006 1834 1072 1862 iio-

6 1880 7 1886 *
38 1871 140 1923 mine
160 1869 604 1928 Chalcidemappellatam
622 1874 761 1912 volunt.
815 1874 873 1911 Est
885 1876 984 1912 enim
1001 1879 1073 1913 liu-

41 1916 125 1955 boia
165 1931 185 1955 e
219 1922 368 1970 regione
399 1925 512 1961 Attici
535 1926 607 1973 agri
630 1954 640 1969 ‚
667 1925 727 1962 seu
755 1925 904 1969 littoris,
933 1927 970 1962 in
998 1938 1074 1973 quo

5 2000 6 2003 ,
40 1965 203 2006 Brauron
227 1998 237 2015 ,
295 1973 412 2022 Hyrie
450 1976 488 2011 δᾶ
528 1984 646 2014 cetera
675 1984 941 2014 memorantur.
992 1977 1074 2013 Mi-

41 2028 207 2056 cutus,-
231 2021 370 2058 Pleuror
390 2025 558 2062 Gronov.

94 2068 178 2116 383.
205 2071 330 2126 Ophias
347 2073 509 2123 Combe]
537 2075 863 2126 Ophiifilia,quae
884 2089 1071 2125 perperam

6 2131 7 2148 ι
45 2116 178 2172 [iambe
196 2119 239 2156 ab
260 2130 451 2169 interprete
473 2126 616 2163 Graeco
638 2126 733 2164 dieta
747 2155 757 2172 ‚
782 2130 819 2164 i'n
831 2139 935 2164 aveni
954 2155 964 2168 ‚
991 2140 1037 2165 ne
1052 2127 1072 2165 a

6 2178 7 2218 j
43 2165 205 2222 filiorum
238 2171 470 2226 multitudine
492 2176 559 2221 (ad
580 2185 727 2214 centum
757 2179 857 2215 enim
881 2178 992 2214 fertur
1010 2190 1074 2225 pe-

43 2215 196 2263 perill‘e)
223 2220 427 2275 vulneribus
448 2225 710 2270 conficeretur,
739 2228 807 2265 fuit
835 2237 1075 2265 commutata.

6 2280 7 2283 ¹
44 2265 152 2304 Hae-c
171 2280 340 2306 omnium
362 2273 483 2318 prima*
496 2286 554 2312 aes
576 2277 614 2313 in
625 2277 775 2315 Euboea
795 2277 972 2315 inveniffe
986 2291 1073 2315 ‹nar-

6 2345 8 2355 2
41 2324 142 2354 ratur
164 2346 176 2362 ,
212 2319 310 2375 unde
342 2321 380 2358 δε
411 2322 551 2362 Chalcis
569 2325 644 2362 ἀπὸ
667 2330 729 2361 τοῦ
750 2329 918 2372 χαλκῶ,
945 2329 980 2365 id
1003 2329 1076 2373 est,

6 2379 8 2394 ι
42 2366 88 2403 ab
103 2378 209 2413 aere,
238 2369 307 2406 fuit
333 2372 520 2419 appellata.
554 2375 678 2411 Combe
707 2377 904 2424 legendum
924 2376 994 2414 effe
1023 2390 1076 2415 ar-

6 2428 8 2449 :
41 2426 223 2474 gumento
241 2419 321 2457 sunt
341 2422 476 2460 vetusta
497 2425 715 2472 exemplaria
729 2454 739 2470 ,
766 2428 933 2475 quamvis
948 2428 991 2463 ab
1004 2439 1050 2464 eo
1064 2455 1074 2472 ,

42 2477 107 2514 qui
127 2469 446 2518 Metamorphofin
475 2474 513 2510 in
542 2475 722 2511 Graecam
752 2477 860 2513 vertit
888 2477 1075 2524 linguam,

7 2528 8 2571 j
44 2516 176 2561 Jambe
193 2520 341 2566 legatur.
365 2522 530 2560 Remus.
578 2525 632 2562 Ut
651 2525 785 2572 Regius
800 2553 810 2569 ‚
830 2526 887 2562 ita
925 2526 1075 2571 quidem

7 2576 8 2603 l
43 2568 83 2604 &
101 2568 209 2614 Janus
228 2570 424 2610 Parrhasius
442 2574 480 2610 in
503 2574 603 2611 hunc
622 2574 747 2611 locum
777 2576 977 2613 annotavit.
1008 2576 1078 2614 Sed

45 2623 168 2656 tamen
190 2631 311 2669 neque
330 2621 414 2666 hic,
442 2635 564 2672 neque
587 2624 723 2671 Regius
744 2624 789 2661 de
806 2625 905 2669 filiis,
934 2634 995 2663 aut
1005 2620 1079 2674 *pa-

45 2675 103 2704 tre.
120 2668 303 2714 Coinbes,
333 2674 420 2709 certi
443 2675 641 2722 quicquam
660 2674 818 2719 tradunt,
831 2687 953 2723 neque
966 2677 1076 2714 etiam

44 2727 106 2773 eur
125 2723 229 2758 matri
249 2720 367 2759 afiliis
390 2725 629 2762 metuendum
643 2751 654 2768 ,
681 2733 742 2761 aut
764 2726 978 2773 fugiendum
992 2727 1072 2764 fue-

42 2774 99 2805 nt.
133 2769 229 2807 Cum
252 2780 376 2809 tamen
403 2781 556 2822 uterque
583 2774 784 2812 Planudem
814 2776 1077 2823 reprehendat,

44 2818 146 2864 quod
167 2820 346 2864 Jambm,
374 2834 437 2869 pro
458 2823 610 2862 Comben
624 2852 634 2868 ,
663 2826 809 2862 verterit
829 2838 837 2862 z
857 2838 937 2874 ego
960 2839 1076 2874 quan-

46 2866 97 2921 do
118 2880 238 2924 neque
267 2870 311 2906 de
343 2871 510 2917 Combe,
538 2886 656 2923 neque
678 2875 724 2912 de
741 2876 869 2922 Jambe
901 2878 1074 2916 haetenus

45 2926 169 2972 inveni
185 2945 196 2961 ,
212 2919 325 2974 quod
350 2921 394 2957 ad
420 2922 512 2960 hanc
533 2925 688 2962 fabulam
711 2926 844 2962 faceret
858 2954 866 2969 ‚
881 2934 1073 2975 utramque

45 2964 243 3005 leffionem
274 2980 310 3005 in
342 2971 463 3009 medio
495 2974 675 3023 relinquo.
711 2975 937 3014 Min-urus.
991 2979 1069 3026 Qui

46 3014 177 3059 Jambe
194 3018 339 3066 legunt,
367 3031 411 3055 an
434 3022 529 3059 reete
550 3024 696 3072 legant,
723 3026 787 3073 ipsi
812 3027 978 3065 viderint.
998 3040 1069 3076 ego

46 3066 207 3102 Gombem
237 3069 332 3124 apud
351 3068 594 3117 Stephanum,
624 3075 730 3121 (licet
753 3076 950 3124 depravato
970 3079 1072 3115 codi-

46 3123 113 3150 ce>
144 3116 252 3171 Asopi
280 3118 389 3155 filiam
419 3118 712 3161 fuiffe-invenio:
740 3137 835 3173 quae
864 3130 948 3174 quia
970 3140 1074 3166 aerea

45 3172 146 3199 arma
161 3175 275 3209 prima
292 3168 451 3211 invenit4
481 3170 620 3207 Chalcis
641 3174 706 3210 fuit
727 3178 1076 3221 cognominata‚au-

48 3211 148 3265 §tore
170 3214 349 3268 Zenobio.
374 3230 458 3256 nam
494 3222 636 3265 xuiiube
666 3233 724 3257 aes
753 3225 892 3261 dicitur.
919 3226 1075 3263 eandem

45 3268 97 3305 ait
112 3259 332 3311 zenobius„
344 3277 437 3306 rcum
451 3270 541 3309 vito.
558 3269 765 3325 adhaeililssset
779 3299 791 3318 ,
808 3283 970 3314 ,centum
987 3274 1079 3326 filia-g

2112 876 2173 932 In

1133 1027 1217 1054 rum
1247 1019 1403 1054 matrem
1431 1014 1610 1055 exstitisse.
1636 1016 1738 1066 cujus
1756 1013 2176 1065 rei'praeter'Euboic‘a:

1133 1078 1215 1104 rum
1242 1078 1361 1104 rerum
1392 1067 1579 1115 scriptores
1608 1067 1765 1105 Aristum
1798 1069 1910 1105 etiam
1946 1066 2173 1105 Salaminum

1134 1118 1220 1154 citat
1238 1116 1440 1154 auctorem.
1469 1117 1554 1155 inde
1574 1117 1710 1155 faetum
1735 1118 1969 1166 proverbium
1993 1118 2031 1154 in
2053 1116 2172 1164 plures

1131 1168 1327 1205 habentem
1341 1166 1428 1205 filias
1442 1195 1452 1211 ,
1472 1166 1583 1211 ὥσπερ
1595 1167 1799 1207 Χαλκιδικῇ
1813 1171 1962 1204 ’τέτοκεν
1984 1167 2064 1209 ἡμῖν
2073 1166 2191 1211 γυνῆἶ

1132 1225 1307 1268 tanquam
1330 1217 1532 1255 Chalcidica
1546 1218 1671 1267 peperit
1692 1218 1784 1254 nobis
1801 1219 1936 1256 mulier.
1949 1218 1998 1254 ob
2007 1218 2174 1254 haecau—

1131 1276 1208 1306 tem
1233 1269 1583 1306 natarumlibentius
1597 1295 1607 1312 ,
1627 1276 1738 1317 quam
1761 1279 1923 1305 natorum
1942 1269 1983 1305 in'
1997 1268 2071 1305 hoc
2090 1279 2175 1304 ver-

1131 1318 1171 1356 su
1211 1320 1423 1367 receperim.
1450 1318 1508 1355 sed
1539 1327 1665 1355 tamen
1694 1320 1767 1356 hoc
1796 1319 1979 1366 posterum
2008 1317 2174 1366 amplio,

1130 1368 1221 1406 dum
1245 1369 1387 1406 fabulae
1416 1374 1566 1406 textum·
1589 1369 1633 1405 ab
1662 1369 1737 1406 aliis
1767 1378 1949 1406 narratum
1972 1368 2174 1406 inveniam.

1131 1419 1421 1457 Consua-rius
1454 1419 1664 1456 FANENsm
1698 1418 1824 1456 Combe
1850 1418 1981 1466 legitur
2010 1418 2047 1455 in
2078 1419 2174 1456 anti-

1127 1471 1220 1519 quis.
1249 1472 1471 1508 CiorAnu's.
1500 1470 1659 1507 Combe
1675 1470 1767 1507 haec
1787 1469 1966 1506 Curetum
1989 1477 2106 1505 mater
2125 1469 2171 1506 ab

1129 1520 1318 1569 Hesychio
1346 1521 1477 1558 dicitur
1496 1521 1645 1565 Κόμβη,
1674 1520 1855 1563 Κουρήτων
1867 1521 1994 1564 μήτηρ.
2021 1519 2174 1557 Curetes

1126 1582 1218 1608 vero
1239 1571 1296 1608 fiti
1311 1572 1347 1608 iri·
1376 1570 1524 1608 Aetolia
1549 1571 1640 1608 olim
1662 1571 1786 1614 fuere,
1821 1571 1922 1619 cujus
1942 1567 2173 1617 pars-timon-

1126 1629 1164 1658 te
1187 1622 1301 1658 Curio
1328 1622 1437 1659 etiam
1460 1621 1621 1658 Curetica
1651 1620 1745 1658 dieta
1769 1620 1862 1664 fuit,
1889 1631 1985 1669 quae
2014 1619 2142 1656 eadem
2159 1626 2177 1664 ,’

1127 1683 1222 1720 quae
1241 1672 1423 1708 Pleuronia
1436 1688 1446 1707 .·
1476 1671 1622 1708 Pleuron
1646 1673 1745 1710 enim
1764 1670 1808 1708 ad
1821 1678 1991 1708 montem
2005 1669 2175 1708 Curium.

1129 1721 1214 1759 vide
1237 1722 1390 1759 Palmer.
1413 1723 1543 1759 Graec.
1567 1723 1692 1770 Antiq.
1714 1722 1773 1759 lib.
1786 1733 1840 1758 1v.
1859 1722 1915 1759 16.
1943 1719 2041 1758 unde
2060 1728 2173 1767 appa*-

1130 1780 1184 1809 ret
1206 1784 1391 1821 perperam
1414 1775 1455 1809 τὸ
1477 1771 1624 1808 Pleuron
1635 1772 1695 1809 hic
1716 1771 1917 1820 suspectum
1930 1770 2001 1808 effe
2012 1769 2175 1807 virisdo·

1132 1822 1207 1859 ἂίε.
1232 1825 1269 1859 &
1290 1823 1388 1860 idem
1413 1823 1610 1860 Palmerius
1631 1821 1716 1859 ibid.
1738 1834 1758 1859 c
1781 1834 1813 1871 ς.
1840 1820 1939 1858 reete
1956 1820 2065 1858 docet
2077 1820 2174 1858 hanc

1132 1873 1306 1910 Comben
1326 1874 1491 1921 Ophiam
1516 1873 1764 1922 dietam‚quia
1782 1880 1857 1909 erat
1872 1880 1982 1920 gente
2004 1871 2176 1918 Ophien'-

1132 1922 1195 1966 fis;
1225 1923 1286 1961 ubi
1309 1924 1347 1961 ὅ(
1368 1924 1514 1972 corrigit
1532 1924 1686 1962 alterum
1717 1923 1893 1971 Hesychii
1927 1923 2078 1964 locum,
2107 1921 2173 1958 ubi

1133 1974 1304 2011 Comben
1317 2002 1327 2018 ‚
1356 1980 1509 2011 Coronen
1529 1972 1549 2011 a
1569 1972 1925 2011 Pleuroniis-dietam
1949 1969 2019 2008 effe
2041 1970 2167 2008 docet.

1127 2024 1396 2072 pluradixerat
1423 2027 1461 2062 in
1492 2024 1590 2061 notis
1617 2024 1663 2061 ad
1692 2023 1920 2070 Hesychium
1949 2024 1985 2058 in
2018 2021 2172 2066 Κόμβα,

1128 2087 1216 2124 quas
1244 2075 1288 2112 ad
1321 2074 1571 2112 Schrevelium
1602 2074 1637 2111 se
1664 2071 1792 2110 misiffe
1822 2074 1882 2109 ait.
1923 2070 2034 2120 Iphias
2047 2071 2175 2108 Combe

1129 2125 1276 2162 volebat
1291 2125 1447 2174 Scaliger
1470 2154 1477 2166 .
1497 2124 1585 2162 teste
1610 2123 1775 2160 Heinfio.
1807 2121 1968 2170 Superest
1990 2132 2079 2157 vero
2100 2121 2173 2158 dif-

1129 2174 1287 2219 ficultas,
1316 2188 1386 2224 qua
1408 2176 1548 2213 ratione
1572 2174 1728 2211 Pleuron
1758 2169 1949 2221 adjacuiffe
1963 2170 2099 2219 Hyries
2118 2170 2172 2208 la·

1130 2227 1188 2263 cui
1209 2227 1347 2264 dicatur
1379 2226 1422 2263 ab
1449 2224 1606 2263 Ovidio.
1634 2235 1747 2272 quem
1766 2223 1828 2259 hic
1849 2224 1885 2259 in
1914 2232 2073 2258 errorem
2093 2220 2172 2269 lap-.-

1130 2276 1208 2313 sum
1240 2276 1453 2314 crediderim
1470 2304 1478 2314 .
1517 2276 1602 2324 quia
1631 2286 1730 2311 nova
1759 2273 1912 2310 Pleuron
1933 2270 1978 2308 ad
1998 2280 2170 2309 montem

1132 2327 1388 2375 Aracynthum
1412 2328 1480 2364 fuit
1499 2325 1560 2363 fita
1573 2352 1584 2368 ‚
1611 2334 1651 2361 ut
1669 2324 1868 2361 Palmerius
1890 2320 2069 2364 ostendit3
2088 2321 2170 2369 jam

1132 2388 1222 2413 vero
1250 2377 1350 2413 illum
1383 2378 1485 2413 multi
1514 2377 1550 2413 in
1579 2375 1732 2412 Boeotia
1763 2372 1983 2415 statuebant,
2008 2383 2053 2407 ex
2073 2370 2171 2409 male

1130 2426 1318 2463 intellecto
1352 2426 1613 2473 Virgilii-loco
1644 2424 1769 2471 Eclog.
1802 2433 1917 2467 1124.
1947 2423 1985 2458 &
2007 2420 2066 2458 ubi
2089 2422 2173 2459 Ser-

1131 2477 1211 2512 vius
1225 2476 1398 2512 Boeotiae
1418 2485 1585 2512 montem
1612 2475 1720 2517 facit,
1746 2472 1805 2510 sed
1823 2483 1935 2520 quem
1958 2471 2087 2509 melius
2108 2483 2175 2510 ex-

1132 2525 1239 2571 plicat
1270 2525 1478 2562 Palmerius.
1518 2524 1638 2561 Schol.
1666 2535 1816 2572 quoque
1845 2523 1946 2560 Statii
1970 2522 2014 2559 ad
2032 2522 2093 2559 lib.
2113 2535 2171 2561 ιν.

1135 2574 1256 2611 Theb.
1284 2586 1363 2623 ¹03·
1390 2575 1607 2612 Pleuronein
1640 2574 1791 2610 Boeotiae
1810 2573 1934 2610 urbem
1967 2573 2078 2616 facit,
2107 2573 2191 2610 ubi·

1133 2632 1257 2662 tamen
1291 2625 1452 2663 Barthius
1482 2624 1662 2661 Aethaliae
1688 2623 1943 2672 reponendum
1971 2622 2102 2660 censet.
2129 2631 2171 2661 ut

1133 2675 1232 2712 idem
1255 2675 1466 2712 Scholiastes
1495 2674 1540 2712 ad
1562 2675 1621 2712 lib.
1646 2691 1666 2711 ¹.
1694 2686 1776 2719 401.
1801 2675 1838 2711 &
1872 2686 1964 2710 νιη.
1983 2673 2070 2721 483.
2097 2672 2167 2711 alia

1133 2734 1256 2762 autern
1278 2726 1333 2763 est>
1348 2726 1441 2763 forte
1461 2725 1764 2770 combesshalcis.
1780 2723 2006 2772 cognomine
2027 2723 2171 2761 laudata

1133 2774 1314 2813 Zenobio.
1355 2777 1505 2813 Centur.
1533 2787 1586 2813 vi.
1614 2775 1809 2823 proverbio
1841 2788 1900 2822 50.
1938 2774 1984 2811 de
2020 2785 2091 2822 qua
2130 2775 2170 2811 &

1131 2825 1283 2863 Parthas.
1302 2825 1346 2863 ad
1377 2826 1503 2863 Claud.
1526 2839 1554 2863 1.
1581 2834 1670 2872 rapt.
1699 2837 1755 2870 74·
1783 2825 1844 2862 ubi
1874 2825 1970 2862 rnale
1991 2823 2170 2873 quosdam

1132 2876 1272 2912 lamben
1288 2888 1354 2925 pro
1374 2876 1499 2913 Combe
1521 2874 1729 2914 substituisse
1753 2876 1874 2913 docet.
1901 2876 2114 2912 BURMANN.

1180 2926 1262 2974 384.
1291 2926 1372 2962 Inde
1393 2927 1584 2963 Calaureae
1609 2926 1805 2975 Latoidos]
1861 2926 2035 2963 Calaurea
2054 2922 2166 2960 insula

1129 2976 1177 3013 est
1192 2978 1298 3025 juxta
1323 2979 1470 3014 Cretam
1485 3005 1495 3021 ,
1535 2976 1554 3014 a
1585 2977 1740 3014 Calauro
1762 2977 1927 3024 Neptuni
1949 2974 2025 3011 filio
2054 2972 2166 3031 decli:

1127 3035 1222 3065 nata.
1266 3027 1325 3064 Est
1343 3028 1450 3064 etiam
1486 3028 1565 3065 urbs
1588 3028 1797 3064 Locrorum
1814 3055 1823 3070 ‚
1850 3026 1888 3063 in
1907 3036 1978 3073 qua
2001 3032 2165 3058 maXIme

1129 3078 1273 3114 Latona
1295 3077 1601 3122 colebatur,unde
1623 3081 1658 3114 ὅ(
1684 3077 1796 3114 Latois
1815 3084 1976 3112 vocatur.
1997 3073 2166 3125 Remus&

1130 3127 1191 3163 De
1221 3129 1308 3165 urbe
1336 3128 1518 3164 'Calvus-ea
1546 3129 1697 3176 Regius·
1719 3127 1858 3163 viderit»
1893 3134 1963 3170 ego
1986 3121 2031 3157 de
2050 3120 2165 3158 insula-

1129 3177 1381 3223 accipiendum
1404 3180 1555 3214 arbitror
1570 3190 1577 3212 :
1606 3188 1647 3213 ea
1666 3178 1763 3214 enim
1780 3177 1871 3211 inter
1884 3172 2030 3208 Cretam
2044 3171 2081 3206 ὃς
2094 3171 2163 3207 Pe·-

1128 3225 1372 3272 loponnesum
1399 3226 1460 3262 sita
1480 3227 1526 3263 est
1539 3254 1549 3270 ‚
1578 3238 1654 3263 non
1674 3222 1837 3272 procula
1855 3221 2064 3258 Troezene.
2093 3225 2165 3256 La-

1130 3274 1256 3327 goideru
1278 3280 1403 3326 autem
1430 3275 1516 3325 inde
1537 3275 1672 3372 ἀίέὶὸιυ
1691 3274 1734 3309 ab
1758 3271 1900 3310 ovidio
1924 3280 2040 3320 puto,
2067 3281 2164 3325 quo-

1652 3333 1713 3372 qq
1739 3332 1759 3370 3
2063 3324 2189 3360 niam*-
