2483 3616
178 213 284 266 974

641 191 702 250 P.
778 180 1194 245 OVIDII
1265 180 1802 242 NASONIS

473 305 669 368 Ferre,
705 304 805 360 viri
832 304 849 355 ?
892 298 1044 354 dixit.
1084 294 1213 369 quid
1243 296 1404 350 habet
1429 296 1729 366 Cytherea,
1769 297 1921 374 quod
1944 298 2079 354 ultra

476 379 657 450 (Velle
683 377 836 449 puta)
863 373 1020 427 faciat
1048 371 1065 422 ?
1108 385 1231 424 nam
1261 368 1390 423 dum
1417 368 1599 440 pejora
1627 372 1913 436 timentur,

476 451 570 508 Est
594 453 648 505 in
676 462 800 503 vota
823 448 971 501 locus
998 464 1008 499 :
1051 444 1160 498 sors
1189 456 1371 497 autem
1396 441 1488 495 ubi
1515 440 1732 512 peflima
1757 463 1936 500 rerum
1957 490 1969 508 ‚

338 545 442 599 490
481 525 588 581 Sub
614 521 838 594 pedibus
867 521 1031 574 timor
1055 517 1158 579 est,
1194 515 1487 586 securaque
1513 516 1715 568 summa
1743 518 2020 572 malorum.

481 596 683 654 Audiat
708 595 845 667 ipsa,
880 593 1040 660 licet3
1081 591 1235 651 licet,
1274 601 1331 642 ut
1363 587 1522 651 facit,
1560 587 1741 643 oderit
1770 604 1961 644 omnes

479 671 586 725 Sub
614 666 886 724 Diomede
914 668 1084 726 viros;
1127 661 1316 717 odium
1343 674 1524 715 tamen
1544 660 1680 715 illius
1706 677 1894 714 omnes

480 742 817 814 Spernimus,
857 741 912 793 δε
938 754 1135 810 magno
1163 735 1257 789 stat
1286 750 1481 806 magna
1504 733 1747 806 potentia
1772 733 1942 788 nobis.

481 816 704 871 Talibus
729 814 951 868 invitam
978 812 1253 868 Venerem
1280 807 1596 862 Pleuronius
1624 809 1846 861 Acmon

338 909 434 965 495
479 888 768 945 Instimulat
793 886 998 947 verbis;
1041 897 1392 955 veteremque
1417 881 1686 935 resuscitat
1711 881 1860 934 iram.

485 962 641 1019 Dicia
665 962 874 1032 placent
899 958 1096 1031 paucis.
1135 957 1346 1010 numeri
1373 953 1587 1025 majoris
1613 954 1771 1009 amici

481 1038 731 1091 Acmona
756 1032 1075 1104 corripimus
1104 1050 1114 1086 :
1157 1029 1243 1085 cui
1269 1028 1596 1101 respondere
1620 1026 1828 1101 paranti

483 1110 611 1164 Vox
638 1106 863 1178 pariter,
898 1106 1156 1178 vocisque
1182 1103 1264 1157 via
1291 1102 1366 1157 est
1392 1115 1606 1156 tenuata
1631 1120 1642 1155 :
1685 1117 1984 1173 comaeque

483 1182 542 1236 In
566 1183 770 1252 plumas
798 1180 995 1234 abeunt
1024 1196 1036 1231 t
1077 1176 1270 1249 plumis
1295 1194 1433 1229 nova
1457 1175 1593 1230 colla
1618 1188 1904 1246 teguntur,

343 1276 446 1327 500
483 1253 850 1325 Pe&oraque,
887 1252 943 1307 &
968 1265 1183 1323 tergum
1209 1268 1221 1304 ε
1263 1248 1489 1320 majores
1513 1248 1725 1304 brachia
1752 1264 1952 1321 pennas

194 1472 232 1510 δε
254 1471 304 1513 is,
334 1481 449 1521 quem
480 1465 600 1506 modo
624 1465 845 1508 nominavi,
872 1463 1079 1502 Manutius.
1107 1461 1243 1500 eodem

192 1522 311 1561 modo
342 1529 500 1560 erratum
522 1518 630 1557 initio
655 1516 816 1554 Caesaris
836 1515 914 1554 libri
935 1516 1046 1564 primi
1073 1514 1119 1552 de
1140 1513 1245 1551 Bello

196 1574 307 1611 Civili
323 1582 338 1610 ¹:
369 1572 512 1609 Litteris
531 1569 555 1606 ὰ
579 1567 680 1605 Fabio
703 1573 744 1605 C.
767 1566 930 1616 Caesaris
949 1565 1155 1614 Consulibus
1168 1564 1247 1601 red-

193 1625 288 1663 ditis.
316 1622 525 1662 Pal-ilienses
541 1649 550 1664 ‚
574 1629 612 1657 ut
626 1619 810 1656 liuicloco
825 1617 1053 1656 medicinam
1067 1617 1246 1661 facerent,

195 1676 411 1719 ediderunt,
440 1674 465 1711 ὰ
488 1678 527 1709 C.
543 1669 643 1708 Fabio
661 1669 842 1718 Caesaris,
867 1669 1034 1706 licenter.
1062 1668 1144 1716 Ego
1158 1679 1246 1705 cum

194 1727 237 1764 iis
267 1727 364 1764 facio
380 1755 388 1768 ‚
417 1725 481 1773 qui
506 1721 706 1771 legendum
734 1728 864 1769 putant
888 1733 896 1757 :
935 1718 1075 1756 Litteris
1095 1718 1120 1754 ὰ
1143 1718 1247 1755 Fabio

197 1777 377 1825 Caesaris,
404 1788 477 1816 eye.
507 1770 746 1811 Consueviffe
768 1780 894 1809 autem
918 1770 1132 1813 Caesarem,
1161 1768 1246 1807 cum

197 1828 244 1866 de
272 1828 305 1865 se
334 1828 523 1875 loquitur,
549 1835 742 1873 nunquam
773 1832 1001 1870 praenomen
1021 1821 1180 1864 addere,
1209 1822 1248 1858 ὃς

197 1880 255 1917 vir
285 1878 465 1927 spectatae
494 1876 709 1913 eruditionis
737 1881 848 1922 atque
882 1874 918 1910 in
944 1872 1125 1909 veteribus
1153 1872 1250 1909 libris

198 1929 440 1968 emendandis
464 1928 682 1965 exercitatus
697 1953 707 1968 ‚
737 1926 877 1962 amicus
898 1935 1002 1960 meus
1018 1951 1027 1966 ,
1056 1923 1170 1960 Aldus
1188 1924 1249 1972 ju—

198 1981 298 2025 nior,
319 1982 393 2017 hoc
403 1979 479 2028 ipso
490 1980 526 2015 in
539 1978 625 2015 loco
637 1976 764 2013 litteris
777 1974 990 2017 mandavit,
1003 1975 1040 2011 ὅ(
1053 1985 1123 2022 ego
1138 1975 1250 2011 etiam

199 2031 400 2069 observavi.
456 2029 574 2079 Quod
605 2035 730 2064 autern
750 2025 795 2063 ad
815 2025 1014 2063 Diomedis
1037 2026 1194 2062 comites
1214 2026 1251 2062 in

199 2094 286 2120 aves
309 2089 471 2120 mutatos
502 2077 686 2128 pertinet,
720 2077 801 2125 lege
830 2076 1030 2113 Aelianum
1060 2075 1105 2112 de
1128 2075 1254 2112 Histo-

197 2134 249 2171 ria
280 2132 513 2170 Animalium
540 2130 602 2168 lib.
626 2141 652 2165 1.
681 2139 759 2175 cap.
782 2139 809 2164 1.
836 2126 988 2175 August.
1024 2124 1069 2162 de
1091 2126 1254 2163 Civitate

200 2184 308 2229 Dei,
349 2184 508 2221 Plinium
546 2181 604 2218 lib.
637 2192 672 2217 x.
709 2190 788 2226 cap.
821 2190 879 2224 44.
920 2176 1088 2214 Servium
1120 2175 1179 2213 lib.
1201 2188 1255 2214 xx.

199 2234 349 2272 Aeneid
379 2245 465 2283 273.
492 2234 584 2270 haec
606 2232 930 2278 interpretantem:

250 2284 538 2335 fluminibusque
549 2293 731 2330 vagantur
740 2293 824 2316 aves
837 2308 846 2323 ‚
861 2279 942 2327 <heu
953 2277 1032 2315 dira
1046 2291 1201 2315 meorum

253 2337 437 2386 Supplicia)
452 2333 650 2385 &scopulos
662 2329 850 2380 lacrirnofis
861 2329 1001 2368 vocibus
1013 2330 1173 2379 implent.

209 2387 387 2425 Cmrm.
896 2409 912 2415 s

255 2439 338 2484 484.
366 2435 547 2487 Agmon.]
577 2433 785 2476 Nonnulli,
813 2437 964 2469 Acmon.
991 2430 1095 2481 quod
1119 2443 1261 2470 nornen

207 2489 393 2526 Graecum
414 2489 475 2526 est.
503 2487 551 2525 fic
571 2493 767 2535 Pyracmon
786 2484 823 2521 in
846 2483 1052 2521 veterrimis
1073 2483 1262 2521 codicibus

205 2540 302 2587 apud
314 2539 536 2588 Virgilium:
566 2538 605 2575 &
626 2534 835 2574 Acmonides
855 2534 951 2583 apud
973 2533 1149 2571 Nostrum
1175 2534 1262 2572 Fast.

209 2602 261 2626 xv.
292 2597 419 2637 Progne
434 2618 442 2631 ,
482 2596 631 2632 Procne,
669 2594 828 2636 Cygnus,
867 2591 1017 2633 Cycnus.
1055 2585 1094 2622 &
1122 2584 1263 2623 similia.

209 2640 306 2687 apud
329 2641 525 2691 Virgilium
558 2651 712 2689 quoque
740 2638 778 2675 in
813 2636 965 2686 optimis
994 2635 1264 2684 exemplaribus

209 2691 258 2728 est
281 2694 430 2727 Acmon.
457 2691 604 2728 Hfims.

263 2740 347 2789 485.
378 2739 721 2790 Fervidusiizgenio.j
740 2736 870 2788 Irafihi
882 2738 1037 2788 ingenita
1049 2738 1158 2777 Leid.
1173 2750 1265 2777 unus

212 2803 280 2841 pro
303 2792 402 2828 varia
424 2790 596 2828 lectione.

263 2842 346 2890 486.
376 2841 556 2878 Patientia
584 2838 736 2888 nostra.]
778 2839 891 2885 Vestra
919 2840 1085 2888 plerique
1118 2840 1266 2889 castiga-

212 2894 325 2932 tiores
347 2893 455 2930 bene.
484 2892 628 2928 Heius.

263 2944 350 2992 489.
378 2943 434 2988 Eli
452 2942 542 2979 locus
562 2943 599 2978 in
621 2939 738 2989 vota]
770 2939 826 2986 Est
844 2939 881 2974 in
903 2949 988 2975 vota
1002 2939 1093 2976 locus
1113 2939 1264 2977 Thuan.

214 2996 252 3032 ὅ(
277 2994 479 3033 duodecim
500 2993 571 3031 alii.
599 2992 743 3030 rectius.
772 2996 850 3026 Fors
871 3001 938 3037 pro
953 2993 1028 3038 sors
1040 2999 1109 3027 tres
1132 2990 1263 3039 scripti.

216 3047 332 3084 lom.

264 3107 352 3144 490.
380 3102 525 3134 Summa
549 3091 767 3142 malorum]
799 3096 897 3129 Cura
920 3089 1090 3128 Cantabr.
1112 3088 1184 3127 vid.
1203 3089 1263 3127 lib.

218 3161 261 3186 11.
286 3159 371 3189 027.

268 3211 353 3245 491.
382 3198 473 3234 Licet
487 3226 496 3242 ‚
526 3209 568 3236 (9-
588 3193 780 3245 quodfacit
795 3222 804 3238 ‚
833 3191 941 3228 oderit
961 3189 1115 3240 omnes.]
1148 3191 1238 3227 Licet
1253 3219 1263 3235 ‚

216 3247 292 3284 licet
312 3260 351 3285 ut
371 3250 457 3291 flzcit
474 3277 482 3291 ,
512 3249 618 3284 erlem
637 3259 750 3282 cinnes
764 3272 774 3288 ,
804 3243 991 3280 nervosius
1015 3242 1265 3280 ulterTliuan.

218 3309 308 3335 unus
342 3310 445 3335 meus
473 3300 509 3335 ἃ
546 3309 639 3336 unus
670 3295 872 3333 Mediceus.
901 3296 1011 3331 etiaim
1048 3292 1267 3330 Arondeha-

215 3360 304 3394 nus,
331 3349 399 3387 nisi
426 3349 528 3397 quod
555 3351 593 3386 in
612 3349 675 3386 illo
698 3360 736 3384 ut
752 3354 844 3393 faxit
869 3357 942 3383 erat
963 3343 1150 3383 omilium.
1181 3344 1268 3393 quin

2244 1320 2355 1375 Ac-

1302 1461 1393 1514 quod
1407 1459 1502 1509 facit
1519 1489 1528 1505 ,
1553 1461 1638 1507 vel,
1665 1473 1736 1512 qua
1755 1460 1847 1512 quod
1850 1458 1945 1506 facit
1954 1458 2134 1508 Bernegg.
2145 1470 2253 1507 quam
2266 1458 2358 1508 quod

1302 1515 1402 1562 prior
1437 1513 1643 1562 Hamburg.
1675 1512 1734 1549 vel
1759 1512 1850 1563 quod
1880 1512 1986 1560 prim.
2018 1512 2158 1548 Moret.
2181 1511 2220 1548 &
2250 1511 2359 1559 prim.

1302 1564 1450 1602 Bonon.
1476 1564 1519 1600 τὸ
1541 1563 1618 1601 licet
1638 1565 1827 1612 geminare
1845 1563 2056 1612 neglexerat
2074 1561 2248 1600 librarius.
2269 1562 2357 1600 hinc

1302 1625 1409 1653 natae
1427 1624 1484 1653 tot
1503 1615 1695 1653 lectiones.
1724 1615 1871 1651 Hzms.

1355 1691 1439 1726 492.
1469 1679 1600 1717 odium
1630 1691 1751 1716 tamen
1785 1679 1881 1716 illius
1903 1692 2018 1716 omnes
2038 1677 2272 1728 spernimus]
2313 1676 2359 1716 In

1304 1730 1440 1767 eodem
1493 1743 1581 1769 meo
1604 1759 1615 1775 ‚
1662 1730 1861 1780 sprevimus
1884 1758 1894 1776 ,
1939 1730 2125 1780 praeteriti
2170 1731 2361 1779 temporis.

1306 1781 1478 1818 Cxorm.

1357 1844 1441 1880 492.
1471 1837 1517 1868 Et
1537 1846 1661 1882 magno
1673 1832 1746 1880 flat
1768 1845 1897 1882 magna
1914 1831 2069 1882 potentia
2082 1830 2213 1881 nobis.]
2244 1836 2361 1868 Tanta

1303 1883 1458 1932 potentia
1487 1883 1581 1920 nobis
1614 1896 1707 1922 unus
1740 1885 1879 1922 Moreti
1908 1885 1946 1921 δε
1967 1884 2056 1921 alter
2077 1884 2228 1920 Thuan.
2248 1891 2361 1929 parvo

1299 1934 1375 1982 stat
1397 1947 1441 1972 ex
1461 1937 1578 1973 veteri
1603 1936 1697 1973 libro
1717 1945 1863 1973 notarat
1885 1935 2083 1972 Politianus
2106 1935 2143 1970 &
2166 1933 2363 1972 Vivianus.

1305 1985 1505 2034 quomodo
1535 1988 1640 2034 prim.
1673 1986 1814 2023 Moret.
1844 1986 1883 2022 &
1910 1985 2039 2021 decem
2072 1984 2132 2020 alii
2153 1995 2198 2021 ex
2222 1983 2363 2022 nostris.

1308 2036 1412 2085 lege,
1438 2048 1480 2075 (φ
1503 2046 1616 2084 parvo
1639 2036 1711 2082 stat
1740 2046 1844 2072 tanta
1869 2035 2024 2085 potentia
2047 2034 2154 2072 nobis.
2182 2034 2299 2082 potest
2319 2035 2361 2073 &

1309 2100 1438 2135 magna
1454 2087 1610 2136 potentia
1632 2087 1726 2124 ferri.
1756 2087 1855 2124 Vide
1902 2098 1970 2123 uae
1989 2085 2034 2123 de
2055 2086 2129 2122 hoc
2151 2085 2238 2123 loco
2259 2083 2364 2123 ano-

1309 2137 1361 2174 bis
1384 2137 1480 2175 dicta
1499 2138 1580 2175 sunt
1597 2139 1661 2176 lib.
1686 2150 1721 2174 v.
1747 2137 1801 2180 ybs.
1828 2098 1913 2197 373.
1945 2138 1982 2173 &
2006 2136 2051 2174 de
2073 2137 2229 2174 Veneris
2253 2136 2364 2174 intel-

1309 2188 1382 2236 lige
1402 2191 1579 2236 potentia.
1608 2188 1736 2226 malim
1758 2189 1869 2225 etiam
1884 2216 1894 2231 ,
1921 2188 2038 2223 odium
2052 2197 2173 2223 tamen
2183 2186 2279 2224 illius
2289 2201 2365 2224 om-

1312 2252 1355 2275 ne
1376 2240 1582 2287 spernimus.
1610 2241 1699 2278 Hoc
1722 2240 1822 2282 vult,
1853 2239 1968 2279 socios
1987 2238 2068 2276 suos
2081 2238 2280 2286 superiores
2292 2236 2363 2277 effe

1314 2291 1420 2326 omni
1445 2291 1600 2329 Veneris
1623 2291 1767 2329 insultu.
1796 2291 1942 2328 HEJNS.
1970 2293 2016 2326 Et
2037 2290 2164 2326 damno
2179 2288 2254 2337 stat
2271 2301 2364 2329 unus

1318 2341 1507 2379 Leidensis
1529 2354 1595 2391 pro
1620 2344 1716 2380 varia
1739 2341 1913 2379 lectione.

1370 2404 1454 2439 494.
1482 2399 1618 2429 Iratam
1641 2392 1839 2442 Venerem]
1871 2391 2032 2429 Invitam
2044 2403 2147 2428 meus
2158 2391 2368 2431 chartaceus

1318 2454 1363 2479 ex
1386 2444 1528 2481 vetusto
1557 2443 1776 2493 descriptus,
1804 2444 1841 2481 δε
1864 2454 1931 2491 pro
1953 2442 2091 2492 diversa
2110 2442 2270 2481 lectione
2291 2442 2368 2482 Zu-

1316 2492 1570 2533 lichemianus.
1598 2495 1726 2543 placet.
1753 2494 1840 2544 quia
1862 2495 1954 2530 iram
1977 2493 2149 2541 sequitur.
2178 2494 2326 2534 Hfims.

1318 2569 1452 2645 lb404.
1482 2558 1686 2595 Pleuronius
1713 2556 1892 2607 Acmon.]
1931 2555 2133 2593 Pleuronius
2166 2554 2262 2593 heros
2290 2556 2367 2597 duo

1335 2621 1342 2645 1
1371 2621 1411 2646 ri.

1372 2673 1461 2708 495.
1492 2665 1716 2708 Veterumque
1739 2658 1915 2707 resuscitat
1935 2656 2066 2705 iram.]
2097 2656 2139 2694 In
2153 2668 2229 2695 uno
2245 2657 2371 2697 Vatic.

1322 2712 1723 2758 Veteremqueresuscitat
1736 2711 1840 2746 iram.
1872 2711 1910 2746 In
1923 2710 2019 2753 alio,
2047 2708 2248 2754 Capram&
2266 2721 2370 2754 mco,

1321 2762 1546 2811 stimulisqoe
1585 2761 1761 2809 resuscitat
1793 2761 1898 2797 iram.
1936 2761 2105 2796 Cxorm.
2143 2757 2372 2809 stimuloque

1322 2813 1433 2850 etiarn
1463 2812 1645 2849 nonnulli.
1680 2811 1908 2859 stimulosque
1938 2818 2019 2845 tert.
2040 2807 2179 2844 Medic.
2210 2809 2373 2849 Stimuli-

1322 2877 1386 2910 qne
1406 2864 1507 2901 alius.

1373 2926 1457 2960 497·
1486 2913 1689 2962 Respondere
1707 2908 1878 2958 volenti]
1907 2908 2371 2960 ParantiUrbin.Neapol.

1321 2964 1359 3000 &
1381 2976 1473 3001 unus
1495 2964 1633 2999 Medic.
1665 2963 1809 2998 Heius.

1321 3064 1355 3101 L
1372 3014 1455 3059 408.
1489 3014 1645 3062 Vocisque
1673 3012 1777 3062 via.]
1816 3011 1986 3061 Superius
2014 3010 2136 3057 dixit,
2173 3010 2265 3048 Vocis
2293 3010 2370 3052 iter.

1359 3074 1538 3102 ucretius:

1365 3146 1464 3155 —
1495 3131 1540 3162 Ec
1561 3125 1729 3162 ulceribus
1753 3124 1846 3162 vocis
1865 3123 1928 3161 via
1939 3124 2038 3173 septa
2052 3123 2173 3161 coibat.
2201 3124 2372 3166 Cxofm.

1368 3198 1440 3234 499
1483 3187 1618 3223 Plumts
1649 3199 1780 3235 quoque
1801 3184 1886 3221 colla
1909 3183 2111 3233 regnintum]
2142 3182 2289 3220 Reciius
2312 3196 2373 3219 no-

1318 3252 1368 3275 va
1393 3237 1499 3281 colla,
1530 3248 1567 3274 ut
1591 3237 1822 3274 Mssstrabent
1843 3236 2020 3284 quipiam.
2049 3235 2267 3271 MARIANG.
2290 3233 2372 3271 Ac-

1326 3303 1439 3327 cuus.
1472 3290 1511 3326 ln
1544 3289 1728 3325 Diatribis.
1760 3293 1865 3324 Nova
1886 3286 1970 3321 colla
1992 3286 2025 3322 S.
2046 3287 2160 3321 Mami
2177 3312 2186 3326 ‚
2218 3295 2370 3333 uterque

1325 3342 1475 3380 'l'nuair
1500 3341 1606 3389 prim.
1630 3339 1803 3378 Gronov.
1822 3338 1931 3388 prim.
1950 3336 2103 3375 Moreti.
2122 3336 2228 3386 prim.
2251 3335 2372 3423 ignin-

2294 3396 2370 3435 urg.
