2483 3616
272 184 366 249 562

773 167 831 224 P.
906 155 1311 220 OVIDII
1381 158 1920 218 NASONIS

550 274 716 345 Janua
740 269 970 326 difficilis
993 268 1082 322 filo
1109 263 1181 320 est
1204 263 1417 345 inventa
1446 263 1646 318 releflo
1663 288 1697 345 ³·

558 347 806 401 Protinus
830 340 1093 413 AegideS,
1129 336 1276 408 rapta
1303 334 1589 399 Minoide,
1627 336 1770 417 Dian
1820 409 1829 418 .

419 439 512 488 175
551 420 687 476 Vela
710 416 886 471 dedit:
927 412 1292 481 comitemque
1316 407 1460 462 suam
1485 408 1715 462 crudelis
1738 425 1794 462 1n
1817 409 1910 490 lllo

558 493 748 547 Litore
775 487 1018 541 deseruit.
1059 483 1321 545 desertae,
1361 480 1416 533 &
1443 482 1609 534 multa
1636 495 1912 552 querenti,

559 564 854 634 Amplexus
882 559 934 613 &
965 574 1123 629 opem
1150 553 1316 609 Liber
1341 553 1478 608 tulit.
1517 550 1684 626 utque
1709 557 1934 625 perenni

558 636 740 690 Sidere
766 635 901 688 clara
923 631 1089 693 foret,
1127 628 1350 682 sumtam
1377 625 1447 680 de
1469 625 1651 680 fronte
1674 643 1933 685 coronam

558 707 770 763 Immilit
796 706 965 760 coelo,
1006 717 1189 757 tenues
1213 700 1357 754 volat
1383 699 1468 753 illa
1494 716 1587 770 per
1614 717 1788 754 auras:

422 782 517 837 180
554 781 807 851 Dumque
832 778 1003 841 volat;
1043 790 1287 846 gemmae
1314 771 1511 828 subitos
1537 786 1821 828 vertuntur
1843 773 1900 829 in
1925 774 2108 849 ignes:

557 851 963 922 Consistuntque
988 850 1110 902 loco
1127 887 1141 909 ‚
1179 845 1355 917 specie
1380 860 1692 900 remanente
1718 846 1971 903 Coronae
1990 889 2005 912 ‚

553 925 664 997 Qui
690 921 895 977 medius
921 921 1140 995 nixique
1166 937 1308 992 genu
1334 918 1439 982 est,
1476 936 1816 992 anguemque
1841 924 2090 979 tenentiS.

266 1188 343 1221 rus,
368 1185 475 1226 atque
496 1176 554 1214 alii
579 1176 742 1225 plerique
772 1186 848 1213 non
871 1186 975 1213 nono
993 1173 1145 1212 demum
1175 1176 1301 1218 anno.

264 1227 324 1264 sed
347 1228 487 1276 lingulis
507 1230 607 1265 annis
622 1254 630 1270 ,
653 1225 934 1264 Atheniensium
956 1226 1135 1264 liberosin
1149 1225 1300 1281 Creta-m

265 1289 331 1324 pro
360 1280 493 1317 tributo
521 1276 643 1316 miffos
675 1277 814 1316 dicunt.
860 1277 964 1326 Virg.
990 1276 1108 1315 versus
1135 1275 1214 1314 sunt
1240 1276 1300 1314 lib.

266 1338 319 1365 vi.
340 1341 397 1377 30.

312 1396 354 1426 Jn
365 1391 500 1438 foribus
522 1391 630 1428 letum
649 1392 849 1441 Androgeo,
877 1401 954 1429 tum
969 1391 1112 1442 pendere
1124 1400 1249 1441 poenas

312 1442 511 1490 Cecropidae
526 1441 628 1490 jussi,
656 1443 816 1491 miserum
833 1444 970 1492 septena
1014 1443 1173 1480 uotannis

312 1497 460 1541 Corpora
479 1502 664 1539 natorum,
684 1494 756 1541 stat
777 1494 886 1531 dubiis
899 1458 1052 1543 sortibus
1074 1507 1185 1540 urna,
1215 1506 1288 1535 (φο.

262 1569 331 1607 Sed
348 1578 471 1608 tamen
495 1571 624 1610 Ovidii
642 1571 856 1610 sententiam
879 1573 989 1610 etiam
1010 1572 1219 1611 Plutarchus
1238 1586 1302 1623 ap-

262 1621 387 1668 probat
410 1623 445 1659 in
467 1623 616 1660 Theseo
630 1651 639 1667 ‚
667 1623 730 1672 qui
751 1623 885 1661 eodem
906 1624 1023 1661 modo
1044 1624 1220 1672 plurimos
1230 1636 1294 1663 au-

267 1670 383 1708 &ores
402 1673 528 1710 sentire
547 1673 675 1711 scribit.
696 1673 921 1711 Micrttus.
949 1675 1118 1723 Hyginus
1140 1687 1294 1725 quoque

267 1721 659 1772 Fabul.41.quotannis
681 1723 797 1762 missas
819 1725 946 1762 scribit.
975 1726 1033 1762 alii
1053 1725 1206 1775 septenis
1229 1738 1292 1764 an-

265 1773 331 1809 nis.
355 1784 387 1809 ν.
410 1775 541 1811 Meurs.
560 1775 676 1822 Regu.
696 1775 811 1812 Attic.
828 1775 889 1812 lib.
913 1787 991 1813 111.
1013 1787 1089 1824 cap.
1104 1789 1136 1814 2.

320 1834 397 1867 172.
426 1824 544 1860 Nullis
564 1825 690 1860 iterata
701 1826 857 1874 priorum
875 1826 1039 1877 Januae]
1068 1827 1292 1875 Spirenfisli-

265 1872 329 1910 ber
356 1874 449 1911 inter
477 1874 687 1911 vetustiores
706 1903 716 1919 ‚
738 1876 827 1912 nulli
846 1878 1020 1925 superata.
1071 1879 1226 1927 Neapol.
1255 1882 1294 1919 &

263 1922 330 1960 sec.
360 1924 498 1962 Medic.
520 1925 625 1961 nullis
648 1923 819 1974 superata.
873 1927 1071 1975 Spirensem
1091 1930 1291 1969 lethonem

261 1975 443 2012 veriorem
476 1984 578 2023 puto.
618 1977 765 2023 gravido
787 1979 950 2027 superant
978 1980 1042 2016 vix
1062 1980 1159 2017 ubere
1190 1982 1298 2020 limen

262 2025 358 2071 apud
377 2025 583 2073 Virgilium.
623 2027 768 2066 Hfims.
830 2030 931 2068 Nihil
950 2039 1039 2078 puto
1065 2033 1298 2073 mutandum.

264 2074 352 2111 Vid.
372 2075 416 2112 ad
435 2076 543 2124 Epist.
558 2089 625 2114 xvi
639 2089 689 2115 11.
713 2091 793 2127 135.

313 2137 394 2173 173.
421 2127 548 2171 Janua
569 2126 716 2175 difficilis
725 2128 788 2176 filo
808 2130 851 2177 est
869 2130 1017 2168 inventa
1035 2133 1186 2183 relicim]
1207 2136 1297 2175 Hoc

262 2177 298 2212 ἃ*
320 2175 476 2223 superius
495 2189 642 2215 carmen
665 2191 708 2216 ex
730 2182 791 2226 iis,
811 2193 905 2230 quae
924 2182 1110 2232 subjiciam
1123 2213 1135 2230 ,
1156 2186 1298 2226 facilius

261 2226 481 2275 intelligitur.
506 2228 614 2277 Epist.
628 2241 681 2267 xv.
695 2243 755 2279 59.

311 2301 463 2348 Perfidus
481 2305 656 2353 AEegides,
685 2308 847 2347 ducentia
864 2310 931 2358 fila
945 2315 1107 2362 secutus,

360 2358 484 2391 Curva
504 2369 597 2394 meae
608 2358 706 2407 fugit
726 2363 814 2397 :ecia
827 2362 953 2411 sororis
971 2373 1037 2414 ope.

266 2413 330 2461 Ep.
352 2427 386 2451 x.
407 2428 463 2461 71.

316 2477 406 2514 Cum
424 2481 486 2518 tibi
505 2496 544 2519 ne
563 2485 676 2522 vilius
695 2490 778 2524 teft‘o
798 2501 960 2526 morerere
980 2503 1121 2528 recurvo
1131 2499 1144 2536 ,⁴

364 2531 461 2575 Qae
481 2546 625 2582 regerent
639 2538 748 2586 passus
761 2566 771 2583 ‚
793 2548 855 2589 pro
872 2539 956 2578 duce
967 2540 1036 2589 fila
1057 2541 1150 2581 dedi.

265 2592 312 2630 Et
328 2591 382 2633 jis.
400 2606 476 2643 103.

318 2658 389 2687 Nec
407 2653 488 2705 tibi,
517 2672 602 2706 quae
622 2661 748 2699 reditus
768 2666 991 2712 monstrarent
1010 2669 1075 2717 fila
1099 2670 1268 2721 dediffem.

377 2702 451 2738 Fila
466 2714 522 2752 per
541 2709 706 2746 addufflas
715 2715 809 2762 saepe
830 2727 958 2766 recepta
975 2734 1115 2761 manus.

265 2780 312 2817 Et
334 2792 393 2817 111.
418 2781 504 2819 Fast.
527 2785 609 2829 462.

317 2846 418 2892 {Qcac
437 2846 530 2882 dedit
554 2847 685 2897 ingrato
698 2850 763 2898 fila
783 2855 919 2903 legenda
940 2860 1028 2899 viro.

266 2910 429 2949 Catullus
452 2924 553 2950 xxiv.
573 2925 653 2963 113.

314 2976 526 3014 Errabunda
543 2992 655 3026 regens
671 2982 765 3018 tenui
783 2984 921 3033 vestigia
936 2987 991 3030 filo
1009 3015 1020 3032 ,

313 3031 368 3062 Ne
390 3027 616 3076 labyrintheis
637 3031 653 3066 ἒ
668 3031 811 3079 flexibus
830 3036 1048 3082 egredientem

315 3077 405 3114 Tec'li
415 3079 646 3126 frustraretur
664 3082 921 3131 inobservabilis
943 3101 1044 3125 error.
1057 3089 1088 3127 C
1092 3101 1272 3131 xOFANus.

261 3141 453 3191 Eleganter
480 3146 682 3193 Palatinus,
701 3149 760 3197 filo
789 3152 914 3190 relecto.
961 3156 1063 3193 DAN.
1093 3159 1300 3199 Hmmxus.

267 3195 390 3229 Relefto
412 3197 587 3235 Palatinus
609 3211 700 3236 unus
715 3228 723 3242 ‚
752 3203 789 3239 ὃ(
810 3215 874 3250 pro
899 3204 1038 3244 divers-'a
1054 3207 1214 3248 leffione
1242 3212 1295 3250 A-

266 3243 501 3297 rondelianus.
516 3250 667 3295 optime.
695 3250 741 3287 fic
754 3253 849 3299 apud
863 3255 1060 3299 Horatium
1075 3260 1149 3302 Od.
1163 3274 1293 3303 xxxxv.

271 3289 349 3328 libii
364 3296 470 3341 primi
487 3307 576 3346 puto
596 3300 844 3355 scribendum:
1282 3312 1291 3315 ’

2259 1029 2404 1095 Fan.

1666 1186 1759 1211 nunc
1778 1174 1963 1225 retrorsum

1412 1224 1492 1260 Vela
1517 1224 1600 1261 dare
1613 1251 1623 1267 ‚
1651 1235 1758 1275 atque
1778 1226 1903 1264 iterare
1924 1229 2040 1278 cursus

1407 1279 1514 1323 Cogor
1532 1275 1678 1313 relebios.

1359 1332 1417 1371 Sic
1436 1333 1495 1372 sua
1520 1335 1656 1385 vestigia
1673 1335 1820 1385 relegere.
1859 1337 1999 1387 relegere
2024 1348 2182 1390 campum
2215 1341 2307 1384 dixit
2324 1347 2404 1389 Val.

1358 1383 1506 1423 Flaccus
1526 1386 1588 1423 lib.
1610 1400 1696 1425 vm.
1721 1401 1801 1426 121.
1832 1390 1871 1426 &
1897 1389 2035 1438 relegere
2054 1391 2155 1429 viam
2186 1393 2247 1433 lib.
2275 1409 2328 1435 iv.
2347 1411 2404 1447 45.

1357 1435 1432 1473 Adi
1453 1437 1571 1475 Notas
1602 1438 1735 1476 Fastor.
1754 1439 1815 1478 lib.
1847 1452 1911 1477 111.
1933 1453 1970 1480 v.
1990 1443 2073 1488 462.
2110 1443 2260 1494 Relegere
2279 1461 2338 1486 ora
2359 1449 2403 1490 de

1356 1486 1465 1525 Luna
1487 1487 1618 1527 Statius
1642 1490 1822 1539 Epicedio
1841 1491 1953 1530 Patris
1977 1504 2010 1530 v.
2035 1493 2121 1532 Silv.
2139 1508 2204 1535 111.
2225 1509 2286 1547 29.

1407 1568 1506 1600 Nam
1528 1577 1583 1602 me
1603 1574 1654 1601 ter
1676 1564 1822 1614 relegens
1845 1566 1934 1604 caelo
1948 1595 1959 1613 ‚
1984 1577 2105 1618 terque
2125 1581 2184 1606 ora
2209 1579 2363 1610 retexens

1407 1619 1510 1652 Luna
1531 1615 1630 1652 videt
1650 1615 1802 1665 refidem.

1354 1842 1483 1878 1.271.

1403 1892 1516 1943 Incipe
1532 1892 1730 1945 fluetivaga
1752 1909 1822 1946 qua
1839 1896 2112 1947 praeterlabitur
2134 1897 2233 1935 unda

1404 1944 1553 1981 Sicanios
1571 1945 1665 1995 longe
1684 1946 1830 1996 relegens
1857 1946 2016 1997 Alpheus
2036 1960 2181 1985 amores.

1365 2004 1424 2043 Sic
1445 2008 1483 2044 ὅ(
1515 2007 1760 2057 Symmachus
1785 2008 1847 2047 lib.
1867 2022 1911 2047 11.
1933 2010 2002 2058 Ep.
2021 2022 2080 2056 50.
2107 2009 2246 2059 relegere
2265 2010 2340 2050 iter.
2368 2012 2409 2052 δι

1355 2068 1418 2095 111.
1439 2057 1508 2107 Ep.
1534 2059 1614 2096 162.
1635 2060 1674 2097 ὃς
1695 2059 1782 2096 Stat.
1806 2061 1915 2097 initio
1935 2059 2189 2098 Achilleidos:

1484 2123 1679 2173 Culpatum
1697 2123 1865 2174 relegebat
1884 2124 1962 2163 iter.

1355 2194 1414 2232 Sic
1433 2193 1564 2231 colleo'io

1356 2449 1467 2488 stituit
1489 2450 1674 2488 Gebhard.
1697 2463 1761 2488 111.
1784 2450 1893 2500 Crep.
1917 2462 1977 2500 23.

1406 2513 1489 2550 175.
1517 2508 1557 2538 In
1576 2501 1636 2538 illo
1657 2501 1770 2538 Litore
1789 2500 1983 2550 destituit.]
2021 2507 2064 2537 In
2083 2500 2149 2538 udo
2162 2528 2173 2545 ‚
2188 2499 2249 2538 vel
2267 2499 2339 2537 alto
2357 2510 2400 2546 11·ι

1352 2562 1419 2590 nus
1439 2553 1641 2591 Leidensis.
1670 2561 1710 2590 ut
1729 2552 1827 2601 apud
1847 2553 2003 2591 Statium
2018 2564 2100 2590 111.
2120 2552 2206 2589 Silv.
2223 2550 2328 2589 1.68.
2399 2567 2401 2570 ·
2462 2559 2468 2597 ς

1403 2622 1503 2654 Forte
1524 2617 1615 2654 diem
1636 2617 1778 2654 Triviae
1796 2617 1883 2656 dum
1904 2618 2002 2657 litore
2019 2616 2178 2658 ducimus
2195 2617 2274 2657 udo.

1351 2680 1487 2718 Horat.
1507 2680 1567 2717 lib.
1594 2692 1623 2718 1.
1646 2680 1722 2717 Od.
1748 2692 1884 2719 xxxii.

1402 2743 1484 2781 Sive
1493 2745 1678 2799 J'ae‘iatam⁴
1691 2743 1858 2792 religarat
1874 2745 1941 2783 udo

1457 2800 1572 2831 Litore
1589 2807 1729 2833 navim.

1349 2858 1423 2897 Pro
1454 2858 1608 2906 destituit
1636 2859 1802 2908 quinque
1839 2868 1982 2898 veteres
2005 2888 2016 2905 ,
2046 2861 2214 2910 deseruit,
2241 2861 2298 2899 cui
2326 2859 2398 2898 ele-'

1351 2918 1477 2956 ganter
1495 2910 1688 2958 respondet
1707 2910 1748 2946 τὸ
1768 2910 1909 2958 deserta.
1945 2911 2086 2950 Multus
2105 2912 2155 2950 est
2173 2913 2212 2950 in
2231 2911 2325 2950 hisce
2338 2922 2392 2949 re-

1351 2960 1587 3006 petitionibus
1608 2961 1749 2999 Noster.
1777 2962 1920 3000 Hmus.

1405 3026 1483 3069 176.
1512 3027 1673 3074 Deftrtae
1686 3054 1696 3070 ‚
1714 3037 1757 3064 (φ
1773 3025 1889 3061 multa
1906 3025 2077 3075 querenti,
2088 3024 2406 3074 Amplexusquew'

1352 3081 1441 3119 opem
1464 3075 1562 3111 Liber
1581 3076 1703 3125 tulit.]
1733 3079 1892 3124 Desertae
1913 3077 2096 3115 Ariadnae
2110 3088 2241 3127 ‚quam
2254 3073 2274 3112 a
2287 3075 2393 3112 The·
2454 3115 2456 3118 ,

1352 3122 1413 3158 seo
1442 3125 1603 3163 relictam
1635 3127 1795 3164 Bacchus
1824 3127 1927 3163 duxit
1952 3139 2123 3166 uxorem.
2176 3128 2263 3176 Qua
2294 3125 2338 3164 de
2356 3134 2406 3183 104
2451 3143 2455 3152 ‹

1355 3172 1465 3209 exstat
1485 3175 1645 3224 elogium
1664 3178 1754 3216 illud
1773 3176 1880 3226 ipsius
1898 3178 1968 3226 Ep.
1995 3190 2050 3215 11.
2072 3190 2131 3226 79.

1404 3245 1472 3284 Illa
1500 3247 1582 3293 (nec
1603 3250 1768 3299 invideo)
1792 3252 1931 3295 fruitur
1952 3251 2090 3288 meliore
2109 3252 2261 3300 marito,

1455 3302 1565 3347 Inque
1587 3301 1775 3350 capistratis
1792 3302 1939 3351 tigribus
1958 3301 2035 3341 alta
2047 3303 2156 3354 sedet.

2336 3377 2396 3416 De
2462 3366 2478 3408 -’

1585 2193 1649 2243 filo
1682 2194 1784 2233 dicit.
1806 2195 1923 2233 Senec
1947 2195 2092 2245 Hypol.
2114 2192 2199 2243 649.
2228 2194 2267 2232 &
2289 2192 2403 2231 Scho-
2471 2201 2474 2218 ῑ

1354 2245 1468 2284 liastes
1496 2246 1583 2284 Stat.
1607 2245 1669 2284 lib.
1689 2258 1760 2284 xii.
1782 2247 1868 2292 674.
1903 2246 1993 2284 dicit
2004 2246 2112 2294 filum
2134 2245 2284 2295 relegere.
2311 2254 2400 2282 mox
2470 2254 2472 2266 ³

1355 2296 1455 2333 Dian
1478 2309 1545 2346 pro
1574 2297 1687 2335 Diam
1716 2296 1785 2335 sec.
1821 2296 1896 2335 Pal.
1929 2298 1967 2335 &
2003 2298 2078 2335 duo
2111 2296 2184 2334 alii.
2210 2295 2366 2334 totidem
2387 2322 2400 2340 ,
2469 2342 2471 2345 ι

1356 2347 1484 2385 Chian.
1512 2349 1660 2386 Hiems.
1715 2347 1839 2385 Chiem
1858 2347 2216 2387 Gronovian.Chien
2234 2347 2310 2385 duo
2331 2345 2402 2384 alii.
2468 2347 2470 2389 ζ

1355 2399 1494 2436 Βίέῖενη
1514 2400 1643 2438 Oxon.
1663 2398 1794 2436 Chiam
1818 2399 1957 2438 Medic.
1975 2398 2094 2436 relatio
2110 2400 2191 2449 Jam
2212 2399 2323 2436 etiam
2344 2407 2399 2434 re·
2418 2427 2419 2430 ,
2458 2423 2460 2433 ,

1349 1677 1383 1715 Α
1411 1679 1624 1718 textricibus
1647 1680 1797 1730 sumpto
1824 1681 2004 1732 loquendi
2027 1683 2158 1722 modo.
2187 1694 2335 1723 retexere
2351 1691 2421 1725 or-i.
2479 1679 2483 1727 l

1348 1728 1423 1766 bem
1443 1729 1489 1768 de
1512 1732 1620 1768 Luna
1641 1732 1775 1770 Noster
1792 1733 2050 1782 hocipsoloco
2063 1734 2224 1774 dicturus
2237 1736 2295 1773 est.
2308 1738 2406 1778 forte
2477 1762 2480 1779 ι

1348 1788 1473 1819 tamen
1485 1781 1631 1831 relegens
1651 1783 1784 1821 caelum
1795 1783 1976 1834 scripserat
1988 1784 2131 1823 Statius.
2152 1785 2259 1824 Idem
2281 1787 2405 1828 Theb.
2477 1784 2483 1834 l

2474 1875 2483 1910 s

2473 1919 2483 1976 l

2479 2004 2483 2035 i
