2483 3616
330 79 344 108 k

313 182 1549 246 METAMORPHOSEON
1622 187 1764 244 Lm.
1814 188 1949 247 Vm.

2098 196 2200 267 607

353 304 525 360 Vestis
549 312 689 365 erat,
725 300 863 355 lets’to
889 318 1000 356 non
1024 300 1348 373 indignanda
1374 302 1588 375 salignO.

196 380 310 431 660
348 375 675 429 Adcubuere
698 373 819 428 Dei.
859 375 1091 428 mensam
1112 375 1374 429 succineta
1398 389 1738 450 tremensque

347 447 507 500 Ponit
532 464 674 501 anus,
714 447 923 501 mensae
950 447 1042 501 sed
1067 461 1178 501 erat
1194 464 1293 519 pes
1320 450 1506 502 tertius
1531 448 1726 520 impar:

344 518 508 572 Testa
532 536 717 590 parem
743 520 889 573 fecit.
913 537 1059 593 -quae
1083 519 1357 593 postquam
1383 520 1588 574 subdita
1611 523 1812 579 clivum

342 590 591 653 Sustulit;
630 605 905 664 aequatam
931 605 1143 647 mentae
1171 593 1364 646 tersere
1392 593 1635 646 virentes,

340 664 568 717 Ponitur
588 664 680 718 >hie
706 665 912 718 bicolor
939 664 1350 720 fineeraebacca
1380 664 1692 729 Minervae,

199 741 298 805 665
335 736 681 809 Conditaque
708 739 763 791 in
787 737 989 810 liquida
1015 754 1178 790 corna
1201 739 1517 792 autumnalia
1543 738 1720 804 faece,

339 809 662 881 Intubaque,
701 811 756 863 δε
784 809 962 872 radix,
1002 810 1058 862 &
1085 808 1226 862 laetis
1252 809 1407 864 massa
1433 811 1635 874 coaffi3

335 882 590 954 Ovaque,
627 900 738 935 non
766 883 872 936 acri
897 882 1086 935 leviter
1110 883 1310 936 versata
1333 882 1534 947 favilla5

330 954 533 1009 Omnia
560 954 817 1009 fictilibus,
849 954 971 1026 >post
996 954 1126 1008 haec
1150 956 1379 1010 caelatus
1395 957 1596 1011 eadem

47 1156 294 1198 controversia
312 1167 391 1194 non
410 1155 457 1193 est
468 1155 668 1194 movenda.
689 1155 749 1194 sed
768 1167 815 1193 ex
835 1156 910 1193 hoc
930 1155 969 1192 δε
987 1166 1091 1204 prae-

33 1210 190 1297 ..Eedenti
221 1220 339 1246 unum
370 1204 440 1244 effe
473 1207 686 1245 faciendum
708 1207 920 1252 contendo,
947 1218 989 1243 ac
1008 1206 1089 1244 scri-

79 1272 127 1298 ο.;

430 1318 595 1357 artusque
607 1308 778 1355 fovendos

94 1361 244 1410 Accipit.
269 1361 350 1398 inde
368 1371 482 1404 torum
500 1359 655 1404 sternunt
678 1360 718 1396 de
736 1359 896 1397 mollibus
918 1358 1013 1396 ulvis

98 1410 293 1461 Impositum
312 1412 391 1447 letio
408 1439 418 1455 ‚
438 1410 573 1459 sponda
588 1410 797 1460 pedibusque
817 1411 962 1459 salignis
975 1438 985 1455 ‚

42 1461 145 1501 --Nam
193 1461 355 1512 Impofitis
374 1490 385 1507 ,
413 1473 490 1499 non
529 1459 705 1511 lmpofitus
736 1470 876 1499 veteres
912 1461 1088 1510 plerique.

50 1512 260 1551 Hfimsxus.

93 1565 179 1612 659.
208 1565 303 1601 Lec‘io
323 1562 626 1612 nonindignanda
638 1562 812 1612 saligno.]
831 1563 874 1600 In
892 1575 970 1600 uno
983 1574 1086 1607 meo,

41 1615 85 1664 ἃ
106 1616 260 1663 Capran.
277 1615 430 1663 legitur,
461 1614 524 1650 Sed
545 1627 611 1650 non
633 1614 789 1662 indigna.
817 1614 859 1650 In
883 1614 1084 1658 Vaticano,

39 1667 91 1716 set
110 1679 178 1702 non
196 1665 340 1713 indigna
360 1692 370 1709 ‚
398 1665 453 1713 set
483 1676 545 1713 per
576 1677 600 1700 t.
629 1676 706 1713 quo
740 1663 858 1701 modo
879 1673 1018 1702 veteres
1042 1663 1084 1701 li-

47 1716 149 1754 brarii
168 1716 421 1764 scriptitabant.
449 1727 543 1765 quae
560 1714 671 1752 lectio
688 1744 698 1757 ,
734 1723 774 1752 ut
804 1715 948 1758 verior,
972 1714 1085 1751 vehe-

43 1774 186 1813 menter
205 1768 315 1804 etiam
339 1775 448 1814 atque
471 1767 582 1803 etiam
603 1765 693 1803 mihi
707 1764 889 1813 probatur.
916 1766 1086 1802 Cxorm.

43 1816 251 1866 Elegantius
274 1818 368 1854 forte
390 1817 591 1859 Palatinus,
606 1816 669 1864 sed
691 1827 734 1855 (φ
756 1816 838 1852 haec
860 1814 1010 1866 vilisque
1028 1828 1090 1851 ve-

49 1877 170 1916 tusque
201 1867 300 1914 Vestis
330 1877 428 1911 erat;
482 1867 562 1902 lecto
588 1867 648 1914 sed
676 1880 745 1903 non
773 1866 919 1915 indigna
943 1866 1089 1915 saligno.

43 1917 109 1956 nisi
139 1920 310 1966 cuiquam
346 1917 591 1955 adversativae
619 1918 824 1966 geminatio
849 1929 926 1954 non
959 1917 1088 1965 placet.

43 1968 152 2006 Dm.
171 1970 376 2006 Harusms.
428 1968 636 2016 cantabrig.
667 1967 735 2005 sec.
763 1976 844 2005 tert.
877 1967 1024 2004 Palatin.
1049 1968 1088 2004 &

45 2017 177 2056 decem
199 2019 257 2055 alii
272 2046 282 2061 ,
296 2019 359 2067 sed
378 2033 445 2056 non
466 2019 623 2067 indigna.
643 2018 932 2066 prim.Gronov.
945 2019 982 2054 ὃ(
995 2029 1088 2055 unus

44 2079 163 2105 meus.
181 2077 299 2104 tamen
321 2069 416 2104 haud
434 2070 590 2117 indigna.
618 2069 670 2106 nil
689 2078 808 2106 muto.
839 2069 980 2105 HEINs.

91 2119 179 2155 661.
208 2124 268 2155 Pes
289 2119 412 2155 tertius
440 2119 591 2169 impar.]
621 2119 728 2157 Haec
758 2120 921 2157 imitatus
952 2119 1084 2157 Archi-

41 2169 181 2207 trenius
202 2169 319 2217 capite
339 2168 383 2206 de
406 2169 603 2207 Parcitate:

94 2237 188 2268 Haec
199 2229 287 2278 sunt
309 2228 485 2266 Fabricius
505 2243 592 2279 quae
609 2229 691 2280 'legit
709 2231 881 2280 oluftula,
901 2244 1048 2281 quorum

93 2280 272 2331 Asperitas
295 2279 423 2316 modico
444 2280 517 2328 sale
534 2282 648 2323 frac'la
668 2281 875 2331 &simplice
894 2282 1030 2331 lymsa:

94 2330 252 2380 Consulis
270 2330 333 2366 hae
355 2330 467 2366 dulces
485 2331 599 2379 epulae
613 2360 623 2376 ,
650 2331 808 2383 lautique
821 2341 970 2382 paratus

91 2385 258 2431 Qasque
272 2380 392 2429 probat
419 2394 552 2417 natura
574 2382 683 2430 dapes.
713 2389 742 2418 O
762 2394 879 2431 terque
897 2393 1086 2433 quaterque

92 2433 247 2470 Baucida
256 2430 417 2478 felicem,
430 2433 628 2481 fhciumque
652 2431 857 2468 Philemona
883 2433 960 2468 letti

94 2482 256 2532 Pauperis
272 2493 316 2521 ω’
334 2483 488 2529 mensae,
516 2483 610 2530 cujus
623 2491 680 2531 pes
701 2483 823 2518 tertius
847 2483 985 2530 impar,

93 2539 220 2584 Aequa
232 2532 294 2582 sub
314 2532 458 2569 indubia
484 2533 598 2568 tenuit
618 2532 786 2581 mensalia
807 2532 900 2580 testa.
936 2532 1051 2570 IDEM.

92 2598 178 2648 663.
205 2604 331 2635 Menta
352 2598 515 2646 extersere
536 2596 711 2645 virenti.]
740 2597 840 2640 Alii,
867 2608 1005 2647 mentae
1026 2611 1085 2634 ex·

45 2649 162 2698 'terftre
183 2649 346 2685 virentes.
377 2647 436 2685 sed
468 2659 597 2685 verum
627 2647 697 2690 est,
736 2657 871 2683 mentae
889 2649 1008 2696 tersere
1027 2649 1085 2684 vi—

50 2709 155 2736 rentes
178 2711 262 2737 cum
281 2698 410 2736 codice
433 2698 466 2735 S.
487 2698 606 2735 Marci
621 2698 708 2741 ,sec.
730 2698 927 2735 Palat.tert.
944 2698 1085 2736 Medic.

49 2750 151 2799 prim.
172 2749 379 2798 Hamburg.
401 2749 551 2797 aliisque
574 2748 865 2796 quamplurimis.
894 2748 1009 2785 IDEM.

98 2801 179 2847 664.
204 2800 333 2837 Bicolor
355 2798 507 2847 fincerae
531 2798 635 2835 bacca
666 2798 887 2847 Minervae]
917 2800 1085 2847 Intelligo

49 2847 192 2889 baccam
212 2859 396 2888 recentem
413 2853 482 2893 ³&
511 2850 612 2886 nullo
639 2849 709 2886 sale
738 2858 799 2886 aut
822 2851 938 2886 muria
958 2851 1087 2887 condi-

50 2907 136 2938 tam.
173 2902 231 2938 Sie
254 2900 350 2947 apud
370 2900 617 2937 Columellam
638 2899 698 2937 lib.
721 2913 774 2935 xx.
802 2912 880 2947 cap.
906 2912 963 2948 50.
993 2907 1088 2937 Inter

52 2962 229 2988 amurcam
245 2950 417 3000 finceram
434 2951 682 2999 distinguitur,
712 2952 749 2987 δί
776 2950 872 2986 illam
890 2979 899 2993 ‚
919 2962 1013 2998 quae
1035 2952 1087 2988 sa-

49 2999 121 3038 lem
134 3003 319 3050 receperit.
346 3005 505 3037 Amurca
519 3029 528 3044 ,
553 3000 625 3045 five
642 3014 732 3050 quae
745 2999 876 3048 fincera
889 3000 1086 3050 defluxerit,

45 3048 118 3098 five
136 3052 242 3088 etiam
261 3065 349 3101 quae
364 3051 475 3098 salem
494 3051 660 3100 receperit.
679 3052 849 3099 atqueita
861 3052 906 3087 de
930 3053 1086 3100 axungia

50 3100 183 3139 Plinius
200 3102 293 3139 libro
316 3113 455 3138 xxviii.
476 3112 552 3148 cap.
575 3114 610 3147 9.
640 3101 731 3137 libro
743 3114 846 3138 xxxi.
866 3113 895 3138 c.
910 3113 941 3147 7.
972 3109 1086 3145 »auer-

52 3161 108 3186 cus
118 3152 258 3200 optima,
276 3162 316 3189 ut
335 3165 422 3200 quae
439 3160 497 3199 per
513 3150 545 3197 se
557 3151 671 3187 cinere
683 3151 812 3199 sincero
823 3152 899 3188 vim
910 3152 997 3200 salis
1009 3153 1086 3188 red-

55 3199 127 3236 dat.
153 3202 210 3239 ubi
229 3203 354 3239 malim
371 3230 380 3245 ‚
393 3212 433 3237 ut
452 3214 603 3249 quaeque
616 3210 670 3247 per
686 3208 721 3249 se
742 3202 986 3248 cineresincero
1008 3204 1085 3238 vim

45 3250 132 3298 salis
160 3252 280 3290 reddit.
310 3253 465 3288 Hzms.
517 3252 691 3286 sinceram
714 3251 923 3287 Minervam
955 3253 1084 3289 casta-m

46 3300 304 3347 ,interpretatur
330 3302 526 3351 Crispinuz.
565 3301 707 3351 inepte.
738 3311 808 3348 ego
840 3312 919 3338 non
938 3300 1086 3350 laesam,

100 3354 197 3389 som.
223 3358 271 3392 Π,

1978 1029 2185 1105 Sistitur

1145 1156 1384 1207 incorruptam
1413 1157 1658 1207 interpretor.
1691 1163 1733 1195 ut
1761 1157 1798 1195 in
1822 1157 1928 1195 Nuce
1947 1155 2075 1201 fissa..
2098 1160 2190 1206 laefiv

1145 1207 1247 1244 bacca
1269 1209 1413 1252 dicitur;
1428 1211 1465 1246 δε
1479 1209 1565 1246 vers.
1580 1220 1635 1256 35.
1642 1205 1765 1257 sinceri
1788 1207 1917 1251 trunci,
1937 1212 2001 1258 qui
2021 1211 2191 1248 vulnera-

1145 1259 1188 1295 tis
1209 1268 1460 1307 opponuntur.
1488 1261 1537 1296 ita
1560 1259 1658 1296 Suet.
1678 1260 1775 1307 Aug.
1798 1256 2046 1307 40.fincerum
2068 1273 2192 1310 eppo·-v

1148 1310 1203 1346 nit
1220 1310 1423 1359 incorrupto.
1449 1309 1581 1346 Euam.

1195 1360 1278 1408 66⁷5.
1308 1366 1349 1396 In
1369 1359 1505 1409 liquida
1518 1358 1652 1408 faece]
1684 1365 1724 1395 In
1746 1358 1876 1409 liquido
1896 1359 1996 1396 melle
2016 1372 2108 1398 unus
2119 1361 2191 1399 Pal-i

1137 1416 1217 1447 tav.
1236 1412 1274 1447 ὅς
1296 1411 1447 1448 Moreti.
1473 1421 1538 1446 aut
1555 1409 1718 1447 vernalia
1737 1421 1788 1458 pr.
1805 1409 1925 1448 Vatic.
1938 1410 2036 1448 unde
2058 1411 2189 1449 Heius.

1143 1473 1246 1497 corna
1265 1460 1361 1497 haud
1380 1461 1553 1498 vernalia.

1193 1512 1276 1548 666.
1307 1511 1500 1561 Intubaque
1518 1522 1562 1551 cy
1580 1509 1724 1558 maha]
1767 1508 1960 1559 Imubaque
1982 1510 2087 1547 radix
2107 1512 2186 1550 Geess

1141 1572 1227 1648 rdiev.
1246 1563 1283 1599 ὃς
1308 1574 1363 1611 pr.
1395 1562 1526 1600 Ambr.
1555 1562 1654 1600 unde
1682 1560 1856 1600 Heinsius
1872 1589 1882 1606 ,
1908 1560 2100 1611 intubaque
2126 1576 2187 1600 ra⁹

1167 1625 1205 1648 ix
1233 1625 1282 1649 ue.

1190 1626 1274 1700 6358.
1302 1662 1376 1710 Post
1392 1662 1477 1700 haec
1496 1662 1647 1701 caelatus
1667 1661 1779 1699 eodem
1808 1661 1944 1708 Sistitur
1962 1672 2099 1711 argento
2111 1675 2189 1700 cra-

1139 1722 1201 1750 ter.
1219 1713 1234 1764 ]
1265 1714 1308 1750 In
1327 1714 1493 1752 Palatino
1529 1714 1658 1752 codice
1677 1713 1866 1761 legebatur
1882 1740 1892 1756 ,
1917 1713 1985 1762 post
2003 1713 2086 1750 haec
2112 1726 2188 1749 cae-

1139 1763 1232 1801 latus
1252 1764 1363 1800 eodem
1384 1765 1519 1811 sistitur
1547 1764 1666 1812 argillo
1685 1774 1818 1801 crater:
1856 1764 1961 1812 quod
1983 1762 2070 1801 effet
2092 1791 2103 1809 ‚
2130 1776 2187 1800 ett-³

1141 1814 1218 1851 dem
1241 1814 1378 1863 sistitur
1398 1815 1524 1863 argilla
1538 1831 1548 1850 .-

1321 1865 1395 1914 Post
1414 1865 1496 1902 haec
1517 1864 1666 1902 caelatus
1690 1864 1808 1901 eadem

1194 1915 1330 1963 sistitur
1347 1915 1473 1964 argilla
1494 1926 1615 1953 crater.
1669 1916 1773 1953 DAN.
1797 1915 2009 1953 HEINsxus.

1142 1968 1269 2003 Eodem
1290 1966 1411 2015 argilla
1429 1979 1521 2004 unus
1542 1966 1732 2004 Palatinus.
1760 1966 1908 2004 Graecis
1922 1967 2072 2016 quidem
2086 1966 2189 2012 ἒξργιι-

1143 2023 1205 2059 λος
1228 2018 1299 2062 est,
1326 2017 1387 2055 sed
1406 2018 1501 2066 apud
1522 2018 1677 2054 Latinos
1693 2014 1837 2054 obtinet
1852 2045 1862 2060 ,
1888 2025 1928 2054 ut
1946 2016 2071 2064 argilla
2088 2017 2187 2054 dica-2

1142 2078 1210 2106 tur.
1238 2071 1275 2114 in
1295 2069 1416 2117 primo
1447 2067 1625 2105 Mediceo
1656 2079 1722 2115 pro
1752 2066 1890 2103 diversa
1915 2066 2099 2111 lectione,
2127 2080 2187 2103 arm

1135 2118 1246 2168 gilla,
1276 2130 1361 2157 cum
1392 2118 1526 2166 glossa,
1563 2117 1600 2154 id
1626 2117 1692 2164 est,
1727 2127 1830 2153 terra.
1869 2116 1974 2153 bene.
2002 2118 2038 2153 in
2060 2118 2184 2153 multis

1139 2179 1325 2218 praeterea
1344 2170 1383 2205 de
1400 2170 1526 2218 argilla
1558 2168 1775 2216 adscriptum
1806 2165 1855 2203 est
1877 2177 1945 2214 pro
1973 2167 2186 2215 interpreta-

1137 2222 1253 2259 tione.
1282 2220 1331 2258 fic
1349 2220 1411 2258 lib.
1430 2232 1467 2257 v.
1488 2219 1577 2257 Fast.
1602 2230 1684 2267 522.

1190 2290 1296 2322 Terra
1322 2282 1445 2320 rubens
1467 2291 1601 2326 crater,
1624 2279 1745 2331 pocula
1757 2280 1862 2328 fagus
1881 2286 1994 2314 erant.

1139 2350 1223 2386 Nec
1259 2349 1378 2398 placet
1412 2347 1564 2385 caelatus
1586 2356 1697 2383 crater
1717 2345 1794 2383 iste.
1822 2355 1898 2380 non
1918 2343 2017 2379 enim
2031 2348 2106 2380 tam
2118 2341 2186 2380 dee

1137 2400 1267 2437 licatos
1289 2399 1450 2436 Baucida
1473 2400 1511 2435 ὃ(
1529 2397 1750 2434 Philemona
1773 2393 1874 2431 fuiffe
1890 2394 2025 2440 opinor
2039 2402 2099 2436 ,ut
2119 2405 2186 2430 va-

1138 2449 1180 2486 fis
1193 2461 1268 2486 non
1291 2448 1357 2485 nisi
1379 2449 1499 2495 operis
1518 2447 1643 2483 caelati
1663 2445 1730 2482 sint
1744 2444 1804 2481 uli.
1832 2443 1932 2480 idem
1946 2443 2019 2486 ille,
2033 2444 2094 2491 qui
2109 2454 2187 2481 cra-

1138 2507 1255 2536 terem
1283 2498 1387 2534 nobis
1406 2504 1621 2545 argenteum
1640 2496 1701 2532 hic
1723 2501 1958 2532 commentus
1972 2494 2018 2530 est
2033 2521 2041 2536 ‚
2054 2501 2093 2530 ut
2104 2504 2186 2540 pre-

1140 2550 1232 2586 tium
1258 2547 1368 2585 credo
1397 2547 1448 2584 illi
1481 2546 1651 2590 adderet,
1680 2546 1858 2583 caelatum
1889 2555 2040 2593 quoque
2070 2544 2188 2581 multa

1140 2608 1215 2636 arte
1241 2598 1432 2635 fabricatus
1464 2596 1525 2633 est.
1553 2608 1664 2645 quare
1691 2595 1891 2644 legendum
1919 2604 2036 2643 puto,
2063 2594 2187 2631 illatus

1140 2658 1262 2686 crater.
1288 2648 1416 2695 inferre
1437 2657 1602 2683 craterem
1619 2674 1630 2691 ,
1656 2655 1697 2684 ut
1716 2646 1843 2694 inferre
1861 2644 2037 2681 lucernam
2052 2673 2060 2687 ‚
2080 2643 2186 2693 quod

1138 2700 1243 2746 saepe
1265 2698 1361 2747 apud
1382 2697 1555 2735 Nostrum
1577 2697 1759 2741 occurrit,
1788 2697 1826 2733 ὃς
1840 2704 1965 2733 contra
1977 2694 2101 2744 efferre.
2122 2707 2186 2743 ape

1140 2750 1255 2798 posite
1290 2749 1340 2786 A.
1374 2748 1514 2785 Gellius
1538 2747 1650 2785 Noct.
1673 2746 1789 2784 Attic.
1815 2745 1910 2783 libro
1944 2758 1987 2783 11.
2018 2757 2096 2793 cap.
2126 2757 2173 2791 24

1139 2802 1200 2838 ubi
1219 2801 1292 2848 agit
1312 2799 1358 2836 de
1380 2798 1561 2836 conviviis
1589 2798 1778 2842 mutuitis,
1814 2808 1909 2846 quae
1940 2796 2031 2833 ludis
2054 2797 2184 2843 Mega-

1142 2851 1296 2888 lensibus
1308 2849 1479 2886 celebrari
1490 2849 1604 2886 solita.
1633 2848 1708 2896 Qi
1725 2847 1818 2885 ludis
1833 2845 2079 2895 Megalenfibus
2090 2844 2186 2880 anti-

1142 2915 1207 2952 quo
1229 2901 1302 2938 ritu
1320 2900 1580 2943 mutuitasmt,
1610 2900 1733 2948 jurare
1757 2897 1849 2947 apud
1878 2897 2038 2944 Consules
2067 2893 2182 2929 verbis

1143 2951 1328 2999 conceptis,
1357 2963 1424 2987 non
1456 2949 1611 2998 'amplius
1641 2950 1680 2986 in
1697 2947 1855 2998 singulas
1881 2959 2001 2983 caenas
2021 2946 2183 2992 sumptus

1142 3003 1199 3050 esse
1210 3004 1390 3049 fafiuros,
1425 3013 1533 3050 quam
1552 3010 1703 3037 centenos
1732 3000 2056 3051 vicenosqueaerts,
2080 3002 2181 3047 prae-

1142 3065 1193 3090 ter
1210 3053 1282 3088 olus
1301 3064 1345 3091 ξφ
1353 3053 1419 3099 far
1440 3062 1483 3090 ω’
1498 3051 1626 3087 vinum
1640 3078 1650 3094 ,
1687 3063 1792 3099 neque
1813 3056 1943 3093 argenti
1961 3058 1997 3079 m
2018 3054 2181 3077 convlvlo

1133 3104 1213 3153 plus
1234 3103 1344 3152 pondo
1385 3115 1492 3152 quam
1516 3101 1623 3138 libras
1655 3110 1792 3136 centum
1819 3097 1986 3134 illaturos.
2013 3093 2179 3140 Propert.

1139 3155 1231 3192 libro
1245 3165 1303 3190 ΑΝ.
1323 3153 1424 3201 Eleg.
1444 3165 1493 3189 ix.
1844 3194 1849 3200 Ι
1875 3193 1882 3199 ·

1195 3204 1348 3239 Lumina
1358 3203 1480 3250 fhpitos
1501 3199 1648 3236 turbant
1666 3197 1757 3234 elata
1776 3197 1943 3249 {Q‘fmef'
2100 3242 2107 3249 .

1143 3252 1428 3298 Intelligendum
1468 3259 1589 3286 autem
1623 3248 1668 3284 de
1701 3246 1779 3282 vase
1810 3254 1950 3280 vinario
1986 3244 2181 3289 capaciori.

1144 3301 1242 3341 unde
1264 3300 1449 3348 juvenalis
1472 3311 1580 3337 urnae
1605 3307 1741 3334 cratera
1760 3302 1923 3342 capacem.
1950 3292 2083 3333 Noster
2112 3306 2181 3330 va-

1642 3343 1789 3385 Hhhh
2086 3342 2186 3394 stam
