2483 3616
314 132 1605 235 ³METAM0RPHosEoN
1677 129 2227 249 L12.X111·.“'915·

371 277 664 332 Buthrotos
688 272 925 345 Phrygio
940 311 957 336 ,
992 274 1334 349 fimulataque
1358 275 1528 346 Troja
1552 286 1820 331 tenentur.

363 348 492 402 Inde
515 347 820 400 futurorum
846 347 1008 410 certi,
1046 365 1181 419 quae
1207 346 1394 402 cun6la
1416 348 1562 403 fideli

363 417 657 473 Priamides
683 417 927 472 Helenus
950 420 1160 473 monitu
1183 420 1547 492 praedixerat,
1584 420 1783 475 intrant

362 489 638 544 Sicaniam.
681 491 845 545 tribus
869 491 997 545 haec
1023 491 1257 546 excurrit
1283 492 1337 545 in
1362 509 1592 564 aequora
1619 492 1838 564 linguis:

217 581 279 629 72
288 580 316 631 5
355 560 403 616 E
424 561 615 634 quibus
638 563 939 618 imbriferos
963 563 1180 618 obversa
1206 563 1482 635 Pachynos
1504 564 1571 617 ad
1598 567 1847 619 Austros:

360 633 621 689 Mollibus
646 636 943 707 expositum
971 634 1234 707 Zephyris
1262 635 1556 708 Lilybaeon
1582 653 1594 688 ε
1633 648 1684 688 at
1710 636 1919 692 Arbion

364 704 623 780 AEquoris
649 722 924 780 expertem
950 708 1171 780 spestat‚
1209 707 1526 780 Boreanque
1556 707 1791 762 Peloros.

358 777 485 833 Hac
509 780 733 834 subeunt
759 779 963 834 Teucri
990 799 1001 833 :
1043 780 1308 852 remisque
1334 779 1584 852 aestuque
1606 779 1843 834 secundo

360 850 468 906 Sub
493 850 706 906 noffi'tem
731 852 935 924 potitur
961 851 1224 906 Zanclaea
1250 850 1415 906 claflis
1441 855 1612 906 arena.

216 938 247 987 7
254 939 317 985 30
352 922 522 996 Scylla
546 925 676 978 latus
701 924 949 978 dextrum
967 963 982 986 ,
1019 925 1229 978 laevum
1251 924 1540 996 irrequieta
1563 923 1867 996 Charybdis

361 996 625 1052 Infestant.
659 1008 811 1050 vorat
837 997 967 1050 haec
993 1008 1163 1066 raptas
1187 998 1523 1067 revomitque
1548 997 1775 1051 carinas:

362 1068 450 1123 Illa
478 1069 599 1123 feris
625 1080 791 1122 atram
818 1067 1032 1122 canibus
1057 1067 1381 1138 succingitur
1405 1071 1611 1131 alvum;

363 1140 603 1211 Virginis
628 1158 721 1194 ora
745 1157 932 1211 gerens
958 1158 969 1192 ε
1009 1140 1062 1193 δε
1093 1139 1153 1210 <fi
1181 1157 1291 1193 non
1311 1141 1490 1195 omnia
1515 1155 1662 1196 vates

365 1211 511 1266 Ficta
535 1213 890 1285 reliquerunt)
916 1212 1092 1285 aliquo
1117 1228 1335 1284 quoque
1361 1226 1607 1286 tempore
1630 1214 1801 1287 virgO.

219 1304 318 1354 735
356 1284 516 1339 Hanc
542 1285 695 1338 multi
720 1285 924 1355 petiere
949 1285 1099 1355 proci
1125 1303 1136 1338 ε
1176 1285 1365 1356 quibus
1390 1285 1473 1339 illa
1499 1286 1710 1356 repulfis

360 1358 450 1412 Ad
478 1357 656 1429 Pelagi
684 1358 981 1431 Nympha8‚
1015 1357 1186 1431 pelagi
1208 1355 1495 1429 gratiffima
1518 1358 1807 1431 NymphiS,

71 1569 110 1609 in
126 1568 240 1609 altum
251 1570 402 1621 projecit.
417 1571 512 1621 apud
535 1572 699 1612 Gellium
717 1571 779 1613 lib.
801 1585 854 1614 xv.
873 1572 1116 1613 N0&.Attic.

72 1631 148 1670 cap.
178 1634 216 1668 17
235 1649 247 1667 ,
274 1623 470 1661 Priscianus
488 1623 663 1674 Periegefi
676 1653 687 1670 ,

120 1681 261 1720 Finibus
281 1683 323 1732 est
342 1683 445 1733 Afiae
458 1683 550 1720 latus
568 1687 711 1721 auHum
723 1711 734 1730 ‚
761 1684 880 1734 lingua
893 1685 1058 1735 supernis.

41 1742 214 1806 '‘Solinus
239 1758 315 1795 cap.
329 1760 371 1784 xx.
398 1747 443 1784 de
461 1747 583 1786 Italia:
614 1748 753 1796 Linguis
767 1749 921 1805 projeHis
932 1749 1066 1799 fizepius
1075 1763 1117 1787 ac

65 1798 341 1844 procurrentibus
371 1798 570 1844 distinc‘lum
592 1808 832 1847 promontoriis
854 1799 994 1849 pelagus
1024 1802 1114 1837 acci-

66 1845 140 1894 pit,
168 1848 231 1895 qui
264 1848 464 1885 Pacuvium
493 1849 671 1896 respexit,
705 1849 809 1898 quod
842 1862 921 1888 non
953 1850 1110 1889 advertit

73 1894 261 1935 Salmafius
274 1925 282 1940 ,
313 1910 396 1936 cum
413 1898 540 1936 Solino
560 1901 759 1947 genuinam
781 1912 826 1937 ex
845 1900 990 1939 vetustis
1010 1901 1112 1939 codi-

73 1945 172 1982 dhus
201 1945 365 1986 assereret
393 1949 614 1996 scripturam.
652 1951 755 1998 Lege
788 1953 826 1988 in
852 1952 926 1988 hoc
957 1952 1113 1990 Nasonis

74 1992 162 2049 lpco
175 2021 186 2037 ‚
212 1997 313 2034 trinis
331 2000 482 2035 excurrit
502 2001 539 2036 in
558 2013 705 2048 aequora
715 2001 851 2048 linguis.
864 2003 904 2038 τί)
917 2002 1113 2050 haecinep-

76 2050 104 2098 ti
124 2043 321 2091 glossatoris
341 2049 388 2084 est
408 2048 635 2097 figmentum.
657 2050 741 2088 vide
763 2063 857 2099 quae
869 2052 1058 2091 observavi
1071 2053 1117 2091 ad

74 2091 137 2131 lib.
156 2107 220 2132 111.
240 2094 327 2134 Fast.
349 2097 432 2145 387.
457 2099 517 2136 lib.
540 2112 592 2138 xv.
612 2101 701 2138 Fast.
721 2101 808 2148 480.
829 2102 873 2140 de
892 2102 1032 2141 Sicilia:

128 2160 310 2207 Lustrarat
332 2171 441 2198 terrae
459 2175 582 2200 cornua
604 2164 700 2201 trina
715 2166 816 2214 suae.

73 2221 126 2260 ita
151 2223 257 2261 &ibi
278 2224 502 2264 scribendum
519 2255 529 2271 ‚
556 2239 595 2265 ut
612 2228 772 2268 suoloco
785 2230 1018 2277 monebitur,
1048 2230 1117 2270 Fe-

74 2272 144 2310 ssus
166 2275 332 2312 Avienus
354 2276 461 2313 Orbis
482 2277 719 2326 descriptione
737 2281 781 2318 de
806 2283 945 2320 Sicilia:

80 2368 85 2372 ᾗ
125 2330 218 2361 Haec
235 2337 352 2362 autem
375 2326 478 2363 trinis
498 2327 648 2364 laterum
665 2331 874 2378 procursibus
891 2332 1030 2380 adstat,

126 2379 304 2424 Ternaque
324 2377 484 2414 caeruleis
507 2377 600 2426 longe
612 2378 697 2427 juga
710 2382 854 2429 porrigit
872 2383 988 2419 undis.

73 2422 181 2462 Idem
202 2426 248 2463 de
272 2427 439 2475 Europa:
746 2425 753 2433 '

126 2481 221 2512 Haec
239 2487 411 2525 tanquam
423 2477 567 2526 speculis
583 2478 767 2527 adsurgens
776 2480 932 2529 plurima
951 2481 1066 2519 trinis.

75 2525 204 2574 Atque
245 2527 333 2564 hinc
359 2528 509 2565 fortaffis
539 2528 587 2565 est
611 2556 623 2573 ,
669 2530 770 2578 quod
799 2530 923 2567 Siculos
952 2530 1119 2580 bilingues

75 2575 169 2614 dixit
209 2576 387 2625 Apulejus
425 2591 479 2615 xr.
529 2580 621 2616 Met.
654 2592 864 2629 quanquam
894 2593 971 2618 non
1010 2583 1115 2630 igno-

74 2637 117 2663 ro
132 2653 141 2667 ,
169 2627 258 2675 quid
286 2628 458 2666 homines
484 2629 614 2667 eruditi
633 2631 677 2666 acl
697 2631 799 2668 illum
820 2632 946 2668 locum
968 2633 1118 2681 conges-

74 2675 193 2715 serint.
219 2677 364 2715 Hem-s.
394 2679 446 2716 Ita
472 2680 633 2716 vicinum
649 2680 798 2718 Sasenae
811 2684 1111 2729 promontorium

77 2727 242 2779 ymarus
270 2730 395 2767 vocari
417 2729 528 2767 docet
540 2730 693 2769 Palmer.
713 2731 837 2769 Descr.
865 2733 994 2771 Graec.
1022 2733 1113 2772 Ant.

78 2787 158 2825 cap.
178 2788 238 2826 33.
995 2786 1007 2793 “

128 2838 211 2876 725.
237 2827 294 2874 Est
311 2830 410 2878 versa
424 2829 592 2868 pachinas
602 2831 654 2868 ad
662 2831 829 2882 austros]
860 2833 951 2872 Illud
960 2834 1016 2882 est,
1031 2846 1114 2872 ver-

73 2875 162 2914 bum
192 2878 419 2917 librariorum
447 2882 626 2930 imperitia
643 2883 896 2933 transpositum
912 2912 926 2929 r
950 2886 987 2922 in
1007 2885 1112 2922 suurn

74 2927 201 2965 locum
232 2929 481 2976 reposuimus,
506 2940 546 2970 ut
569 2933 731 2982 legatur,
768 2939 797 2970 E
816 2934 940 2983 quibus
959 2936 1115 2981 imbrife-

71 2990 130 3027 -ros
143 2977 186 3024 est
205 2979 306 3026 versa
326 2979 502 3027 Pachynos
522 2982 569 3018 ad
589 2983 727 3030 austros.
755 2985 924 3023 Remus.
954 2986 1005 3024 Ita
1020 2987 1114 3026 estin

75 3033 234 3077 'utroque
259 3040 359 3066 meo.
386 3031 508 3080 itaque
527 3032 738 3080 legendum.
766 3036 934 3073 Crosau.
961 3037 1115 3086 obversa

77 3087 218 3125 repone
240 3091 284 3116 ex
308 3079 449 3117 duobus
469 3081 618 3119 Thuan.
640 3083 678 3119 &
696 3084 773 3121 aliis
791 3088 968 3136 quinque.
996 3088 1115 3137 Quod

78 3128 230 3166 verbum
251 3130 390 3167 Nasoni
412 3130 600 3169 familiare.
628 3139 669 3169 ut
689 3133 796 3170 lib.v.
817 3136 948 3174 Fauor.
969 3138 1056 3186 381.

129 3179 245 3215 Pelion
262 3181 473 3217 Haemoniae
489 3194 584 3218 mons
599 3181 642 3228 est
660 3181 818 3231 obversus
836 3184 875 3220 in
892 3189 1049 3234 Austros.

83 3226 130 3272 cst
151 3229 250 3278 verfia
279 3231 314 3267 in
346 3231 542 3268 nonnullis.
583 3231 743 3270 Florent.
775 3232 808 3269 S.
837 3233 958 3273 Marci
983 3238 1123 3290 aliique*

79 3276 237 3328 septem,
263 3280 390 3330 eversa.
418 3282 562 3322 Heius.
589 3281 753 3335 Yidwlib.
774 3284 835 3324 xv'.
857 3293 942 3337 zm,

2064 1432 2175 1488 Ibat
2188 1451 2204 1488 ε

1221 1573 1303 1618 726.
1333 1572 1571 1625 Expostium.]
1613 1572 1807 1624 Impofitum
1837 1572 1996 1623 plurimi.
2029 1571 2213 1623 opposttum

1168 1622 1292 1663 Vatic.
1310 1625 1379 1663 sec.
1408 1624 1570 1676 expofitus
1592 1625 1762 1664 Leidens.

1222 1676 1306 1721 726.
1342 1677 1406 1713 Ad
1436 1678 1562 1713 Arc-“tos
1581 1675 1751 1725 spefft'at]
1798 1679 1845 1712 Et
1877 1677 2000 1713 Arbios
2030 1674 2214 1722 fragmem

1170 1725 1324 1763 Moreti.
1351 1726 1469 1771 Puto,
1497 1736 1536 1762 at
1569 1729 1705 1763 Arolos.
1731 1735 1841 1776 atque
1868 1727 1919 1763 ita
1945 1726 2053 1774 prim.
2075 1725 2210 1761 Erfurt.

1167 1787 1235 1824 pro
1253 1780 1462 1826 Boreamque
1481 1776 1649 1814 meliores
1665 1804 1676 1821 ,
1709 1780 1915 1826 Boreanque.
1942 1777 2075 1813 Arbion
2095 1782 2213 1822 exper-

1168 1836 1237 1863 tem
1260 1827 1391 1865 Oxon.
1420 1829 1459 1864 ὅ(
1480 1828 1645 1875 quinque
1663 1827 1734 1864 alii.
1761 1828 1872 1864 etiam
1893 1827 2001 1863 bene.
2027 1825 2174 1862 Hzms.

1218 1889 1302 1924 727.
1327 1883 1536 1928 Boreamque
1557 1876 1726 1927 Peloros]
1771 1883 1916 1920 Boreas,
1950 1875 1987 1913 id
2015 1875 2063 1912 est
2091 1875 2213 1929 Aqui-

1166 1926 1228 1972 lo,
1255 1928 1342 1978 qui,
1377 1937 1418 1966 ut
1446 1929 1494 1965 ait
1515 1928 1686 1973 Nonius,
1712 1928 1788 1965 ἀπὸ
1810 1929 1874 1970 τῆς
1893 1928 1997 1973 βοῆς,
2025 1925 2128 1974 quod
2152 1927 2212 1963 so-³

1167 1989 1279 2016 norus
1310 1977 1352 2016 fit
1387 1980 1425 2016 &
1463 1978 1694 2027 procellosus.
1747 1978 1817 2016 Sed
1844 1978 1947 2015 aliter
1975 1976 2178 2014 Eustathius
2201 2003 2212 2018 ‚

1170 2030 1233 2077 qui
1254 2038 1356 2077 putat
1372 2028 1510 2067 dicium
1525 2056 1535 2071 ,
1563 2040 1610 2066 eo
1628 2028 1732 2077 quod
1744 2032 1806 2070 τὴν
1818 2029 1922 2074 βορὰν
1934 2055 1945 2071 ,
1971 2028 2007 2064 id
2021 2028 2066 2064 est
2078 2027 2211 2063 alimo-

1172 2080 1272 2117 niam
1296 2080 1400 2117 nobis
1423 2079 1614 2128 praebeat,
1634 2081 1794 2128 frugibus
1805 2081 1849 2116 ad
1871 2078 2116 2115 maturitatem
2143 2076 2209 2113 suo

1176 2129 1261 2167 flatu
1286 2130 1479 2178 perductis.
1516 2130 1671 2166 Notavit
1700 2132 1772 2167 hoc
1800 2128 2011 2167 Parrhasius.
2037 2128 2208 2163 Ciofm.

1227 2181 1310 2224 728.
1337 2188 1437 2217 Hanc
1448 2179 1598 2227 subeunt
1616 2179 1772 2229 Teucri]
1802 2186 1877 2214 Hac
1897 2179 1929 2215 S.
1942 2179 2082 2221 Marci,
2111 2178 2212 2213 Nea-

1172 2232 1249 2278 pol.
1276 2232 1382 2279 prim.
1412 2232 1546 2268 Erfurr.
1572 2230 1610 2267 ἃ
1629 2231 1779 2278 quidam
1799 2230 1870 2267 alii.
1898 2235 1974 2264 Huc
1995 2228 2212 2275 Bernegger.

1172 2282 1323 2319 Thuan.
1348 2282 1418 2319 sec.
1447 2281 1558 2318 Palat.
1587 2280 1717 2318 Oxon.
1736 2281 1845 2329 prim.
1869 2278 1969 2316 Bafil.
1987 2278 2122 2326 aliique
2144 2278 2210 2314 de-

1172 2344 1266 2369 cem.
1296 2339 1396 2368 Hunc
1408 2332 1558 2380 septem.
1582 2340 1762 2380 quatuor,
1785 2331 1955 2373 Hic.tres‚
1974 2334 2076 2365 Haec.
2088 2337 2211 2376 proco·

1174 2384 1299 2425 remis,
1324 2383 1425 2418 remis
1444 2382 1619 2430 plerique.
1646 2381 1721 2419 duo
1741 2381 1902 2424 Mureti,
1930 2380 2107 2426 remisque.
2123 2390 2215 2426 pau-

1174 2433 1212 2470 lo
1235 2434 1311 2480 post
1330 2445 1395 2480 pro
1419 2432 1591 2467 Zanclaea
1608 2432 1742 2480 potitur
1760 2443 1865 2467 arena
1880 2459 1890 2473 ‚
1916 2430 2007 2466 liber
2023 2428 2055 2466 S.
2068 2429 2184 2466 Marci
2197 2456 2214 2473 ‚.

1175 2483 1387 2520 Zanclaeam
1411 2483 1551 2531 patitur
1573 2495 1728 2518 arena-m.
1756 2493 1800 2518 an
1823 2480 1955 2528 potitur
1977 2492 2134 2516 arenam.
2169 2486 2211 2516 ut

1174 2532 1307 2571 Fastor.
1339 2545 1400 2570 111..
1425 2544 1508 2578 421.
1530 2532 1727 2580 potiturque
1754 2531 1916 2579 cupitam.
1944 2531 1992 2567 ita
2010 2531 2109 2567 enim
2133 2530 2213 2566 Na*

1170 2582 1298 2620 sonem
1322 2581 1487 2631 scripsisse
1509 2584 1700 2631 contendit
1720 2583 1930 2619 Priscianus.
1943 2581 2035 2618 libro
2049 2581 2211 2618 Metam,

1172 2644 1223 2670 xx.
1248 2647 1303 2681 ςς.
1331 2643 1370 2671 ut
1392 2632 1562 2680 Spirensis
1584 2632 1729 2676 codex,

1222 2688 1270 2720 Et
1289 2683 1536 2731 Methymnam
1550 2683 1732 2730 potiuntur
1751 2682 1858 2719 litora
1877 2682 1984 2720 Lesbi.

1168 2734 1315 2771 Hfiius.
1344 2734 1413 2771 Sed
1442 2733 1592 2770 lib.xr1.
1617 2733 1676 2781 38.
1704 2732 1855 2781 Phrygia
1876 2733 2062 2783 potiuntur
2089 2747 2208 2773 arena.

1168 2786 1208 2821 &
1227 2783 1428 2833 alibi.apud
1447 2783 1569 2830 Just.1.
1584 2796 1610 2821 ι.
1638 2795 1735 2831 regno
1749 2783 1868 2832 potiri.
1887 2784 1949 2821 ubi
1961 2784 2021 2821 alii
2042 2784 2185 2822 codices
2198 2813 2213 2830 ,

1166 2849 1202 2872 re
1222 2848 1321 2873 num.

1198 2848 1304 2931 g728.
1333 2889 1378 2922 Et
1398 2884 1499 2921 remis
1518 2883 1870 2934 aestuquesecundo.]
1899 2885 1940 2922 In
1965 2885 2106 2922 duobus
2116 2885 2207 2921 meis

1169 2937 1207 2974 ὅ(
1230 2935 1381 2974 Caelest.
1407 2935 1586 2984 Remisque
1603 2935 1759 2985 aestuque
1769 2935 1928 2984 secundo.
1956 2936 2119 2971 CIOFAN.

1222 2998 1306 3035 730.
1336 2986 1564 3036 irrequieta]
1607 2987 1800 3036 Implacata
1827 2984 1965 3021 Medic,
1986 2994 2088 3020 uuus.
2109 2984 2208 3020 forte

1171 3049 1238 3086 pro
1258 3037 1443 3087 impacata.
1470 3037 1616 3074 Hans.
2190 3080 2199 3088 r

1224 3099 1308 3137 731.
1337 3086 1515 3136 Infestat.]
1547 3086 1712 3133 Jnfhstam
1730 3097 1774 3122 ex
1792 3082 2070 3132 castigatioribus
2087 3081 2213 3121 multi,

1167 3151 1234 3188 pro
1257 3143 1376 3188 raptas
1394 3138 1530 3173 carinas
1551 3148 1643 3174 unus
1661 3136 1762 3173 Bafil.
1774 3136 1919 3183 ftrptas.
1947 3134 2063 3171 lnam.

1221 3200 1305 3237 732.
1333 3186 1510 3236 Anam]
1540 3192 1654 3223 Imam
1673 3185 1774 3222 Bafil.

1225 3249 1310 3285 733.
1338 3236 1485 3284 Virginis
1518 3248 1578 3272 ora
1606 3235 1762 3284 gerens}
1799 3233 1950 3271 Caelest.
1983 3239 2056 3270 Ora
2080 3234 2213 3280 ferens,

1173 3287 1343 3328 Croesus.
1371 3285 1458 3338 Yid.
1479 3285 1523 3322 ad
1543 3285 1602 3322 lib.
1626 3297 1678 3326 1v.
1700 3297 1780 3337 135.
1806 3298 1859 3325 ore
1869 3297 1992 3324 canens
2004 3285 2216 3338 Genevens.

1173 3335 1223 3342 “’
1335 3337 1344 3340 ’
1426 3334 1584 3389 {3232
1612 3347 1634 3386 a
1806 3336 1822 3340 “
2045 3337 2219 3385 msa„-
