2483 3616
267 174 362 244 348

726 168 788 226 P.
863 159 1279 224 OVIDII
1347 159 1883 219 NASONIS

408 263 512 331 >385·
550 259 719 318 Haud
745 261 937 334 procul
960 254 1236 315 Hennaeis
1260 253 1403 309 lacus
1428 256 1505 312 est
1530 257 1559 312 a
1584 257 1865 314 moenibus
1888 256 2021 311 altae
2038 300 2052 320 ,

561 335 799 391 Nomine
824 335 1054 404 PerguS‚
1095 343 1276 400 aquae.
1314 345 1427 381 non
1451 329 1542 383 illo
1565 330 1715 401 plura
1738 329 1986 404 Caystros

567 408 818 463 Carmina
842 419 1143 478 cygnorum
1166 398 1462 455 labentibus
1490 403 1638 457 audit
1666 404 1722 457 in
1745 404 1918 459 undis,

559 483 699 538 Silva
723 472 948 536 coronat
974 491 1160 550 aquaS,
1195 472 1418 545 cingens
1444 474 1579 529 latus
1604 493 1800 544 omne3
1834 476 2046 550 suisque

324 687 410 740 381.
436 692 551 725 Unam
564 683 600 734 se
622 680 748 732 osuin]
787 679 915 721 Tibul.
935 691 981 718 11.
1003 689 1041 717 v.
1065 689 1101 727 7.
1138 681 1243 715 Nunc
1263 673 1320 712 in-

274 741 340 779 due
362 739 486 788 vestem
507 744 581 787 Sepo
597 746 698 772 itam.
723 734 883 771 DouzA.

329 791 413 836 382.
450 796 520 826 Nec
549 788 664 825 minus
695 786 838 822 incerta.
861 783 876 833 ]
917 781 1056 830 Culpat
1084 780 1177 829 haec
1199 780 1323 819 Barth.

273 842 374 880 Adv.
393 852 506 878 Lvrrr.
528 851 564 886 9.
582 836 643 874 sed
664 834 829 873 defendit
858 833 1003 882 egregie
1031 831 1179 870 Voffius
1211 832 1325 870 Instit.

277 893 381 932 Orat.
405 902 458 928 rv.
486 901 563 938 cap.
586 900 621 925 x.
651 886 685 927 §.
705 885 739 923 8.

329 943 413 993 382.
445 947 514 978 Nec
542 951 628 989 quae
657 935 767 985 magis
798 935 925 973 audiat
945 932 1108 984 arcum]
1137 934 1228 972 Hoc
1252 934 1327 980 est,

277 1005 347 1032 nec
368 1003 462 1042 quae
484 990 621 1028 facilius
647 986 691 1024 ab
712 998 799 1024 arcu
829 987 1026 1024 emittatur.
1054 985 1135 1023 illae
1161 997 1328 1035 namque

275 1044 422 1094 sagittae
434 1055 556 1079 arcum
575 1038 696 1076 audire
708 1037 746 1076 &
759 1038 1016 1086 obtemperare
1034 1036 1219 1082 dicuntur,
1232 1048 1328 1086 quae

276 1095 382 1134 facile
404 1093 447 1131 ab
469 1103 556 1130 arcu
576 1090 804 1128 emittuntur.
831 1089 996 1127 Remus.
1022 1087 1096 1124 Vel
1108 1090 1220 1125 etiam
1233 1099 1328 1138 quae

276 1146 351 1184 hoc
367 1172 377 1189 ‚
405 1143 509 1194 quod
528 1152 630 1180 arcus
648 1140 761 1190 petit,
788 1141 930 1178 faciunt
945 1167 956 1185 ‚
978 1139 1052 1176 hoc
1073 1137 1122 1175 est
1144 1146 1248 1176 certo
1273 1139 1330 1176 fe-

277 1198 386 1234 riunt.
407 1196 579 1232 chrtt.
631 1192 767 1241 Regius
788 1191 929 1240 inquit,
954 1189 1028 1227 illas
1038 1188 1178 1238 sagittas
1201 1200 1330 1227 arcum

279 1247 404 1285 audire
424 1275 435 1291 ‚
460 1256 556 1296 quae
576 1243 682 1282 facile
705 1242 750 1281 ab
769 1242 1116 1283 arcuemittuntur‚
1144 1251 1215 1289 ego
1239 1251 1330 1278 vero

279 1298 375 1344 illas,
401 1308 496 1347 quae
523 1302 680 1346 tangunt
705 1294 806 1339 hoc,
844 1292 947 1343 quod
976 1290 1078 1336 vult,
1106 1302 1231 1336 arcus,
1268 1291 1333 1341 qui

282 1360 341 1387 eas
359 1349 472 1398 pellit.
502 1348 714 1386 Gemma.
751 1345 792 1382 ln
814 1356 892 1382 uno
914 1353 1029 1388 meo,
1064 1355 1122 1379 nec
1144 1356 1231 1393 quae
1252 1356 1332 1379 ma-

277 1402 329 1450 gis
347 1399 458 1436 evolet
480 1412 616 1436 arcum.
645 1397 768 1434 Crop.
796 1395 829 1433 S.
851 1394 970 1432 Marci
991 1392 1110 1431 codex
1126 1407 1237 1444 ‚quae
1248 1407 1326 1430 ma·

277 1451 329 1500 gis
365 1449 491 1487 avolat
520 1462 615 1486 arcu.
643 1447 751 1497 magis
779 1445 922 1483 advolet
941 1457 1042 1482 arcus
1075 1444 1235 1482 Florent.
1258 1456 1326 1494 pro

281 1513 358 1539 var.
377 1501 460 1539 le&
487 1502 625 1550 primus
645 1498 782 1548 Regius
796 1525 806 1542 ,
819 1510 928 1548 quam
950 1496 1060 1545 magis
1078 1496 1206 1532 audiat
1217 1509 1330 1534 arcus.

282 1552 464 1591 Palatinus
484 1553 522 1589 8<
545 1551 604 1588 alii
631 1550 801 1599 plurimi,
825 1561 913 1599 quae
935 1547 1045 1596 magis
1071 1547 1198 1583 audiat
1216 1560 1328 1584 arcus.

287 1617 376 1655 quae
395 1604 511 1641 minus
533 1602 661 1639 audiat
684 1599 872 1637 Leidenfis
893 1610 995 1636 unus.
1018 1597 1079 1634 sed
1098 1597 1188 1635 nihil
1210 1606 1333 1641 muto,

284 1657 326 1693 &
347 1654 444 1692 reete
463 1654 562 1692 viros
584 1652 716 1691 dostos
743 1651 923 1700 explicare
943 1649 989 1686 de
1002 1655 1110 1685 »certa
1130 1647 1254 1697 sagitta
1266 1660 1333 1697 pu-

286 1713 341 1744 to.
384 1705 433 1743 ita
463 1705 584 1742 audire
615 1716 716 1741 arcus
754 1702 887 1741 dicitur
918 1698 1078 1738 Auctori
1105 1699 1220 1738 Herc.
1246 1700 1335 1738 Aet.

286 1768 405 1845 973472
424 1821 529 1845 arma
551 1807 697 1855 ceffant,
725 1815 822 1855 teque
848 1802 1027 1853 languenti
1049 1815 1160 1839 manu

342 1864 425 1895 Non
446 1859 549 1895 audit
566 1870 679 1894 arcus.
925 1870 927 1873 ¹

289 1908 348 1949 Ita
369 1909 554 1958 eleganter
585 1908 716 1946 Statius
738 1905 861 1945 Theb.
883 1917 943 1943 xx.
966 1904 1053 1953 869.
1088 1904 1214 1942 surdos
1240 1917 1341 1942 arcus

292 1961 406 2000 dixit:

340 2016 464 2050 Arma
498 2021 618 2048 tamen
642 2009 778 2058 frustra
793 2037 804 2054 ,
834 2009 972 2059 superos
1004 2006 1237 2058 Triviamque
1261 2016 1342 2057 pre-

499 2072 597 2098 catus
610 2090 620 2106 ,

345 2112 496 2150 Molitur
509 2111 645 2162 pallens
658 2140 669 2156 ‚
691 2123 735 2152 φ’
747 2111 874 2161 surdos
897 2110 1031 2161 expedit
1051 2123 1164 2148 arcus.

292 2163 340 2203 Et
360 2163 421 2201 lib.
442 2175 479 2200 v.
503 2175 587 2210 4¹2·
611 2162 718 2200 simili
737 2162 953 2200 locutione:

347 2214 506 2252 Clavum
529 2214 652 2250 audire
675 2224 866 2263 negantem.

294 2265 373 2303 Ubi
393 2264 479 2302 vide
496 2264 617 2302 Barth.
636 2265 728 2301 haec
747 2265 786 2302 ὃς
808 2264 909 2312 plura
920 2263 1164 2302 adnotantem
1178 2290 1189 2309 ‚
1213 2261 1262 2302 fic
1272 2273 1345 2301 no-

297 2324 382 2356 tum
402 2315 492 2355 illud
512 2314 657 2365 Virgilii
680 2316 818 2364 Georg.
831 2314 885 2358 >7st
894 2315 959 2352 ult.

510 2386 593 2418 Non
613 2381 719 2418 audit
740 2394 861 2418 currus
879 2379 1043 2417 habenas.

300 2439 349 2480 Et
367 2442 470 2492 quod
490 2443 652 2481 imitatus
677 2441 899 2480 Claudianus
921 2442 1032 2481 Cons.
1053 2438 1271 2489 Mallii183.

352 2492 486 2542 Defidis
507 2495 646 2542 aurigae
666 2508 734 2531 non
755 2494 858 2531 audit
879 2493 1023 2530 verbera
1043 2506 1178 2529 currus.

303 2539 353 2579 Et
372 2544 420 2580 ita
441 2543 613 2582 Pindarus
634 2545 741 2593 Pyth.
768 2556 825 2582 11.
849 2556 907 2582 21.
933 2544 1081 2589 ἒὶρματοι
1092 2544 1346 2588 πεισιχάλινα.

303 2592 342 2647 in
363 2594 490 2642 quibus
521 2595 694 2632 omnibus
724 2595 846 2632 audire
875 2594 924 2632 est
953 2595 1078 2638 idem,
1117 2593 1220 2643 quod
1255 2594 1346 2631 obe-

305 2641 406 2687 dire,
442 2652 483 2681 ut
509 2647 652 2682 audiens
681 2646 770 2682 dieto
799 2646 838 2683 δε
868 2645 1006 2684 similia.
1054 2644 1205 2694 Apulej.
1225 2644 1285 2682 lib.
1310 2656 1348 2681 v.

306 2692 414 2741 Senstt
434 2696 560 2743 Psyche
595 2697 739 2733 divinae
756 2697 994 2744 providentiae
1009 2696 1262 2733 beatitudinem
1275 2709 1353 2732 mo*

311 2743 462 2794 ninsque
493 2747 583 2783 vocis
613 2746 772 2792 informis
795 2747 939 2783 audiens
953 2775 963 2790 ‚
991 2760 1034 2787 ω·
1048 2747 1148 2796 prius
1159 2746 1283 2795 fhmno
1306 2756 1350 2784 (9·

309 2807 392 2831 mox
423 2794 566 2832 lavacro
594 2797 844 2844 fatigationem
885 2797 1002 2834 diluit.
1035 2797 1084 2833 ita
1115 2797 1216 2834 enim
1245 2795 1343 2844 lego.

308 2844 424 2894 Vulgo
444 2846 658 2895 monitussque
679 2860 773 2883 voces
792 2847 954 2894 infhrmes
981 2847 1126 2884 audiens
1139 2875 1150 2891 ,
1177 2845 1252 2884 fine
1273 2846 1353 2884 sen-

310 2893 349 2933 su
367 2896 704 2941 circumferebatur.
742 2908 817 2934 vox
849 2897 1009 2944 informis
1040 2897 1088 2933 est
1109 2909 1222 2946 quam
1246 2905 1354 2935 antea

312 2953 445 2990 vocat,
472 2947 612 2997 corporis
633 2947 693 2995 sui
713 2947 859 2984 nudam.
889 2948 927 2984 in
958 2946 1115 2995 antiquis
1144 2947 1255 2984 etiam
1277 2947 1354 2984 edi-

312 2997 472 3035 tionibus
493 2997 624 3047 legitur
634 2997 884 3046 fatigationem
894 2999 954 3045 firi
974 2997 1089 3034 diluit.
1117 2996 1246 3033 Euam.

368 3048 452 3098 383.
483 3048 643 3098 Cornus]
684 3049 965 3097 Lege‚cornum
992 3046 1158 3084 Auerore
1190 3046 1357 3084 Priscian.

312 3098 442 3138 lib.v1.
468 3112 555 3138 nam
571 3128 582 3145 ‚
608 3108 648 3138 ut
669 3099 697 3137 iS
718 3099 791 3144 ait,
819 3112 924 3136 cornu
946 3099 1137 3136 &cornum
1150 3106 1282 3135 neutro
1294 3109 1360 3146 ge-

313 3161 418 3196 nere,
439 3152 609 3189 &cornus
621 3151 820 3189 masculino
841 3149 986 3189 dicitur.
1011 3149 1248 3187 Consum.
1264 3148 1360 3186 FAN.

317 3201 407 3239 Vici.
430 3202 478 3241 ad
497 3203 558 3241 lib.
580 3215 626 3241 11.
656 3203 739 3250 874.

372 3251 455 3301 384.
482 3260 590 3305 Inque
609 3253 701 3304 con]
740 3259 783 3290 In
803 3252 898 3290 corde
918 3251 1011 3290 ratio
1031 3247 1211 3307 loquendi
1234 3250 1363 3298 expos-

312 3301 380 3353 }it.
404 3304 575 3346 Raetus.
602 3305 686 3356 Ego
708 3315 778 3345 nec
797 3304 836 3343 in
857 3315 936 3350 cor,
956 3313 1027 3341 nec
1048 3315 1086 3340 m
1097 3302 1193 3341 corde
1205 3310 1362 3353 percatee

2257 549 2420 610 Fron-

1377 688 1414 714 re
1433 674 1643 714 admodum
1665 674 1849 726 eleganter
1871 678 2010 718 dietum
2022 686 2128 728 puto.
2155 677 2355 717 &mallem
2374 679 2443 718 le-¹

1377 738 1465 776 gere
1485 755 1496 772 ,
1511 728 1595 765 Inde
1616 740 1671 765 cor
1691 727 1750 766 ha.
1769 738 1802 778 p.
1824 742 1858 767 a.
1872 731 1979 766 Ditis.
2006 742 2094 767 nam
2106 731 2203 767 Ditis
2216 729 2340 768 eratin
2350 742 2426 770 uno

1380 779 1644 817 Gronoviano.
1681 787 1722 816 ut
1757 779 1868 831 Epist.
1892 791 1950 818 ix·
1975 781 2055 820 161.
2078 781 2249 820 Avidum
2263 779 2430 832 percussus

1379 830 1554 868 arundine
1568 832 1694 880 pestus.
1720 830 1853 869 Eum.

1435 882 1517 932 385.
1545 882 1654 918 Haud
1679 882 1798 932 procul
1818 882 2004 932 Aetneis.]
2062 883 2183 922 Aetna
2207 882 2308 922 urbe.
2339 894 2428 923 nam

1382 932 1507 971 Aetna
1533 933 1572 970 &
1605 944 1714 971 mons
1747 932 1795 971 est
1823 933 1964 971 Siciliae
1987 936 2025 973 &
2048 935 2155 980 urbs,
2193 942 2235 973 ut
2257 934 2431 981 diximus,

1382 983 1534 1034 quidam
1554 995 1646 1021 vero
1666 991 1797 1034 putant
1828 985 1957 1021 Enneis
1989 985 2060 1023 esse
2074 985 2276 1035 legendum
2292 1013 2303 1030 ,
2329 985 2431 1035 quod

1382 1041 1488 1072 Enna
1511 1046 1662 1086 quoque
1684 1047 1749 1085 per
1771 1034 1906 1084 duplex
1927 1049 1952 1072 n
1972 1037 2011 1075 &
2033 1036 2108 1074 fine
2147 1037 2356 1086 dipthongo
2378 1037 2433 1075 Si-

1385 1087 1488 1124 ciliae
1509 1086 1592 1124 urbs
1611 1085 1660 1124 est
1683 1086 1975 1133 mediterranea,
1997 1088 2104 1138 juxta
2135 1099 2250 1138 quam
2274 1095 2432 1126 conten-

1384 1137 1477 1175 dunt
1499 1136 1748 1187 Proserpinam
1769 1136 1873 1175 fuisse
1892 1147 2048 1187 raptam.
2076 1140 2245 1177 Remus.
2280 1138 2431 1185 Scribo,

1385 1188 1526 1226 Enneis.
1553 1188 1661 1227 Enna
1684 1188 1826 1227 Siciliae
1848 1188 1974 1228 civitas
1997 1189 2131 1239 duplici
2153 1204 2176 1226 n
2199 1189 2328 1238 scripta
2338 1191 2428 1228 fuit:

1362 1287 1364 1289 ‚
1386 1239 1484 1289 apud
1505 1251 1618 1289 quam
1639 1248 1741 1289 rapta
1761 1239 1811 1277 est
1832 1238 2044 1290 Proserpina
2060 1269 2071 1286 ‚
2109 1240 2195 1278 vide
2218 1241 2336 1278 Cicer.
2357 1241 2435 1279 sex-

1387 1298 1425 1328 ta
1449 1290 1596 1328 afflone
1616 1291 1654 1328 in
1676 1291 1849 1329 Verrem.
1875 1292 2022 1340 &quae
2045 1291 2207 1341 optimus
2217 1299 2320 1341 pater
2331 1303 2442 1331 meus.

1378 1340 1490 1391 *super
1511 1341 1575 1379 illo
1597 1341 1701 1380 versu
1722 1350 1853 1393 quarto
1876 1341 2091 1388 Fastorum,
2138 1355 2223 1390 422.

1438 1414 1483 1445 In
1502 1407 1624 1458 quibus
1646 1406 1689 1455 est
1711 1407 1800 1444 culto
1815 1406 1950 1455 fertilis
1973 1412 2078 1444 Enna
2092 1406 2176 1456 solo.

1383 1478 1426 1504 ae
1454 1466 1676 1511 Laurentius
1709 1467 1918 1507 Abstemius
1950 1467 2072 1506 noster
2093 1468 2130 1507 in
2159 1467 2283 1508 libello
2304 1469 2351 1509 de
2372 1471 2439 1516 ob..

1383 1518 1489 1556 scuris
1521 1519 1738 1569 quibusdam
1767 1519 1858 1558 locis
1887 1518 2126 1558 tradiderunt.
2166 1522 2321 1560 Cons’r.
2342 1525 2436 1562 Fau.

1389 1569 1431 1606 In
1455 1581 1544 1608 meo
1567 1571 1774 1620 antiquiore
1795 1579 1920 1620 aperte
1930 1571 2084 1620 legitur,
2111 1572 2222 1608 Haud
2236 1573 2355 1622 procul
2364 1579 2438 1611 En·

1389 1620 1471 1657 neis.
1509 1621 1572 1661 Ad
1597 1622 1699 1671 cujus
1722 1621 1929 1671 marginem
1951 1628 2124 1660 notatum
2157 1623 2231 1668 est,
2260 1627 2364 1662 Enna
2379 1634 2442 1674 per*

1390 1672 1456 1708 duo
1481 1686 1504 1708 n
1528 1672 1593 1718 est,
1622 1673 1714 1710 unde
1736 1673 1821 1710 dicit
1844 1672 1972 1710 Enneis
1987 1689 1997 1709 :
2024 1681 2135 1722 atque
2156 1673 2206 1711 ita
2228 1673 2304 1712 sine
2326 1674 2442 1719 dubio,

1389 1722 1590 1770 legendum
1614 1723 1664 1761 est
1687 1737 1699 1762 t
1725 1723 1830 1774 quod
1847 1722 2056 1772 &Jacobus
2070 1724 2303 1763 Constantius
2322 1727 2440 1764 anim-

1393 1773 1575 1819 advertit,
1602 1775 1730 1812 Enneis
1751 1783 1876 1812 autem
1907 1774 1998 1812 dixit
2027 1774 2329 1824 ingeniofiffimus
2347 1781 2440 1825 po'e'·

1388 1831 1432 1862 xta
1451 1825 1572 1863 noster
1602 1826 1711 1863 metri
1739 1826 1977 1870 neceffitater
2006 1835 2092 1863 cum
2114 1826 2248 1864 Cicero
2271 1827 2315 1864 ab
2334 1828 2442 1867 Enna

1395 1875 1562 1925 Ennenfis
1582 1876 1764 1921 deducat,
1791 1876 1852 1914 sed
1875 1875 2010 1913 eodem
2028 1876 2090 1913 illo
2113 1877 2231 1915 modo
2245 1877 2302 1915 alii
2315 1879 2444 1916 aueto-

1397 1938 1451 1964 res
1472 1939 1540 1976 pro
1563 1926 1674 1977 Iliensi
1692 1927 1797 1964 Ilium
1821 1927 2001 1964 dixerunt.
2028 1926 2127 1964 Vide
2141 1927 2330 1965 Observat.
2351 1930 2389 1966 in
2399 1929 2445 1966 li-

1397 1976 1480 2016 bros
1502 1979 1563 2016 De
1584 1979 1719 2016 Ponto,
1747 1978 1964 2015 CIOFANUS.
2016 1976 2144 2014 Primo
2164 1989 2304 2026 repone
2319 2006 2328 2022 ,
2348 1985 2444 2016 Hen-

1397 2029 1492 2066 naeis
1512 2029 1697 2066 moenibus.
1724 2037 1764 2066 ut
1786 2028 1884 2066 rene
1911 2028 2075 2076 optimus
2098 2028 2441 2078 Flor·entinus,pri-

1398 2091 1481 2118 mus
1502 2081 1674 2118 Vatican.
1694 2079 1912 2128 Bernegger.
1942 2078 2076 2127 aliique
2098 2079 2284 2117 nonnulli.
2310 2079 2442 2118 deinde

1393 2130 1503 2181 lege,
1541 2131 1635 2168 altae
1671 2130 1808 2168 nomine
1828 2136 1952 2178 Pergus
1973 2143 1996 2165 a
2022 2142 2096 2165 uae.
2124 2129 2322 2179 quomodo
2342 2129 2443 2179 idem

1400 2182 1644 2221 Florentinus.
1670 2190 1707 2219 at
1738 2180 1983 2228 Cantabrigen
1999 2191 2027 2217 is
2050 2208 2061 2224 ‚
2089 2180 2128 2217 ὃς
2158 2188 2228 2218 tres
2246 2181 2326 2226 alii,
2354 2181 2445 2219 altus

1401 2234 1538 2271 nomine
1559 2241 1685 2283 Pergus
1703 2245 1826 2283 aquae.
1850 2231 2021 2280 proxime
2043 2242 2188 2270 verum.
2216 2240 2256 2270 ut
2280 2244 2338 2271 11.
2358 2231 2446 2274 Fast.

1409 2285 1492 2323 166.

1410 2336 1412 2338 ’
1458 2336 1601 2374 Gelidae
1609 2339 1694 2384 fhns
1715 2345 1792 2373 erat
1803 2334 1898 2372 altus
1916 2347 2039 2385 aquae.
2440 2359 2443 2378 ;

1407 2387 1575 2437 Quidam
1599 2387 1746 2425 codices
1765 2386 1913 2424 lituram
1935 2386 1996 2424 hic
2019 2384 2213 2425 ostentant.
2240 2385 2285 2424 de
2296 2385 2448 2438 Pergus:

1401 2450 1523 2487 nugae
1553 2438 1644 2477 sunt.
1683 2445 1831 2488 Pergam
1868 2436 2091 2475 Claudianus
2121 2449 2275 2487 quoque
2295 2438 2356 2476 lib.
2393 2450 2446 2477 11.

1402 2489 1545 2538 Raptus
1578 2489 1745 2538 appellat.
1784 2495 1928 2525 Percum
1951 2487 2063 2536 Julius
2086 2488 2264 2526 Firmicus
2278 2517 2289 2533 ,
2317 2489 2363 2527 de
2383 2489 2448 2527 Er·

1400 2551 1485 2578 rore
1513 2541 1751 2588 profanarum
1783 2539 2022 2589 Religionum
2046 2566 2057 2583 ‚
2095 2539 2134 2575 &
2165 2547 2243 2577 tam
2271 2539 2447 2578 hocloco

1402 2590 1657 2629 Florentinum
1693 2590 1859 2639 optimae
1890 2598 2002 2627 notae
2033 2589 2245 2638 exemplar,
2273 2602 2385 2640 quam
2409 2590 2446 2628 in

1403 2642 1640 2690 Argumento
1665 2642 1772 2690 hujus
1795 2640 1937 2678 fabulae
1951 2668 1960 2685 ,
1989 2640 2130 2689 impulit
2150 2641 2188 2677 in
2208 2639 2450 2687 amoremflm‘z

1404 2693 1643 2741 Proserpinam
1676 2693 1766 2727 circa
1788 2697 1932 2728 Percum
1974 2689 2091 2727 lacum
2124 2697 2266 2728 Hennae
2279 2691 2382 2742 flores
2399 2691 2446 2729 le·

1402 2752 1539 2791 gentem
1561 2756 1638 2778 cum
1673 2742 1843 2778 Minerva
1876 2751 1981 2792 atque
2005 2741 2129 2778 Diana
2151 2752 2295 2792 raperet.
2323 2743 2384 2781 ubi
2407 2741 2444 2780 in

1407 2792 1560 2841 vulgatis
1574 2820 1584 2837 ,
1612 2792 1702 2828 circa
1724 2797 1898 2829 Aetnam.
1925 2792 2050 2829 tertius
2063 2793 2282 2839 Mediceus,
2310 2794 2445 2843 Pergosa

1407 2855 1475 2892 pro
1500 2849 1628 2892 Pergos.
1684 2842 1974 2892 Cantabrigenfis
2012 2844 2123 2880 etiam
2138 2872 2150 2888 ‚
2185 2851 2322 2882 Percus.
2363 2852 2450 2881 unus

1408 2894 1628 2939 Voffianus,
1665 2893 1830 2942 Percafflz.
1868 2906 1959 2931 mox
1983 2922 1994 2939 ‚
2032 2894 2191 2943 Caystros
2217 2907 2284 2943 pro
2317 2893 2450 2943 Cayster

1410 2944 1593 2982 meliores.
1621 2957 1688 2993 pro
1725 2945 1829 2981 audit
1850 2957 1894 2982 ex
1928 2944 2243 2993 praestantioribus
2264 2943 2449 2988 nonnulli,

1411 2996 1494 3032 edit.
1520 2995 1581 3032 sed
1602 2996 1652 3033 nil
1669 3003 1787 3033 muto.
1814 2996 1955 3032 Hfixns.
2008 2995 2106 3032 Vide
2121 2997 2283 3034 Cluverii
2297 2995 2449 3033 Siciliam

1410 3046 1469 3083 lib.
1483 3058 1528 3083 11.
1551 3057 1667 3083 c.v11.
1692 3046 1756 3095 qui
1777 3046 1929 3094 operose
1941 3045 2087 3083 adstruit
2097 3047 2192 3095 apud
2206 3053 2451 3092 Ennam‚non

1414 3101 1574 3133 Aetnam
1594 3105 1732 3145 raptam
1746 3096 1998 3145 Proserpinam
2010 3096 2124 3135 fuiffe.
2146 3098 2219 3136 Vid
2233 3099 2344 3136 etiam
2356 3094 2450 3134 And4

1418 3147 1560 3185 Schott.
1591 3160 1635 3184 11.
1675 3147 1828 3184 Observ.
1865 3147 1899 3185 S.
1930 3149 1969 3184 &
2003 3147 2103 3196 Pigh.
2130 3156 2295 3187 tom.11.
2323 3144 2450 3186 Annai.

1417 3210 1499 3247 pag.
1527 3211 1580 3236 ro.
1604 3199 1640 3235 in
1666 3198 1884 3236 Clraracftere
1907 3198 1984 3236 libr.
2009 3210 2080 3236 vrr.
2107 3213 2130 3235 a
2150 3199 2324 3237 montibus
2345 3198 2450 3235 etiam

1416 3249 1586 3339 l{l'itvialgnis
1610 3249 1780 3289 Leidens.
1803 3251 1843 3290 ὃς
1865 3248 2024 3299 Neapol.
2045 3250 2109 3301 qui
2129 3250 2174 3289 ab
2196 3249 2368 3290 montibus
2390 3248 2451 3286 ha-

1441 3312 1461 3339 e
1480 3329 1489 3340 .
1548 3313 1648 3341 unm.

2277 3348 2360 3401 386.
2383 3351 2453 3391 Nos
