2483 3616
305 171 1540 242 METAM-OR-PHOSEON
1610 168 1749 226 Lm.
1797 171 1869 229 V.

2070 186 2164 237 339

332 286 556 344 Paeonis
579 283 790 356 Euippe
815 295 987 338 mater
1013 282 1130 336 fuit.
1169 281 1256 335 illa
1277 290 1565 359 potentem

330 360 597 414 Lucinam
623 357 836 419 novieS‚
873 355 1056 409 novies
1083 354 1343 424 paritura,
1383 359 1609 403 vocavlt.

192 449 290 503 305
328 430 584 484 Intumuit
608 445 835 482 numero
862 426 1166 480 stolidarum
1193 423 1345 478 turba
1370 423 1644 482 sororum3

329 502 555 572 Perque
568 513 650 554 tot
675 498 1003 553 Haemonias
1020 535 1035 559 ‚
1074 496 1129 550 δε
1153 514 1248 568 per
1276 507 1357 548 tot
1383 491 1651 548 Achaidas
1675 489 1831 546 urbes

326 572 460 627 Huc
485 573 659 633 venit,
700 571 755 624 &
782 572 870 625 tali
894 569 1240 624 committunt
1262 566 1463 638 proelia
1485 581 1666 618 voce:

330 644 570 698 Desinite
595 642 870 697 indoctum
896 644 1025 697 vana
1054 639 1339 694 dulcedine
1363 638 1550 708 vulgus

332 715 563 780 Fallere;
601 715 904 780 nobiscum,
941 713 979 767 fi
1006 731 1108 785 qua
1133 711 1208 765 est
1231 710 1424 764 fiducia
1449 708 1625 772 vocis,

193 805 297 855 310
331 787 661 859 Thespiades
688 799 888 841 certate
912 785 1077 838 Deae.
1116 801 1218 837 nec
1244 799 1409 844 voce,
1445 798 1545 835 nec
1571 794 1683 834 arte

334 860 663 921 Vincemur3
706 858 1042 928 totidemque
1067 855 1255 908 sumus.
1293 854 1375 907 vel
1400 852 1578 907 cedite
1601 850 1770 906 vitPtae

337 931 511 985 Fonte
536 931 832 986 Medusaeo
847 974 873 998 ‚s
904 928 958 981 &
986 926 1239 997 Hyantea
1266 925 1572 995 Aganippe:

334 1004 442 1059 Vel
467 1022 564 1058 nos
589 1002 847 1057 Emathiis
871 999 938 1052 ad
964 998 1201 1051 Paeonas
1227 1013 1394 1067 usque
1418 995 1628 1048 nivosos

338 1075 608 1129 Cedamus
634 1074 845 1144 campis.
884 1071 1133 1124 dirimant
1158 1067 1444 1122 certamina
1472 1066 1767 1136 Nymphae.

198 1166 293 1216 315
332 1147 523 1217 Turpe
558 1146 777 1218 quidem
804 1141 1132 1197 contendere
1158 1153 1299 1203 erat;
1337 1138 1424 1192 sed
1453 1137 1648 1191 cedere
1674 1140 1841 1194 visum

339 1219 587 1288 Turpius.
625 1217 821 1270 electae
842 1215 1016 1285 jurant
1038 1230 1133 1284 per
1155 1211 1376 1265 flumina
1414 1210 1724 1280 Nymphae,

341 1288 602 1359 Faciaque
632 1287 700 1340 de
729 1288 849 1342 vivo
873 1284 1098 1358 pressere
1124 1284 1300 1337 sedilia
1323 1283 1461 1336 saxo,

342 1361 505 1415 Tunc
521 1398 536 1423 ‚
575 1359 681 1414 sine
707 1360 846 1414 sorte
870 1358 1047 1430 prior,
1075 1374 1208 1428 quae
1234 1356 1285 1410 se
1301 1367 1504 1409 certare
1529 1354 1754 1426 professa
1778 1355 1884 1418 est,

57 1555 125 1602 'pro
140 1581 151 1598 ‚
172 1553 447 1599 fhta‘querentes
460 1578 470 1595 ,
491 1548 589 1587 idem
612 1548 799 1586 Leidenfis
821 1547 940 1586 codex
957 1575 967 1593 ,
974 1560 1091 1596 geren-

60 1614 120 1640 tes.
145 1603 241 1640 unde
264 1600 431 1638 Heinsius
445 1628 455 1644 ‚
474 1610 648 1648 gementes.

110 1653 194 1700 298.
221 1651 303 1688 Ales
323 1650 440 1700 eran]
469 1655 583 1686 Erant
605 1649 681 1686 duo
702 1648 865 1687 Medicei
891 1660 935 1685 ex
959 1648 1093 1685 melio-

62 1702 155 1739 ribus
167 1730 177 1746 ,
204 1703 242 1738 ὅ(
253 1713 343 1738 unus
355 1702 576 1750 Argentinus
590 1727 600 1745 ‚
623 1699 725 1749 quod
736 1699 864 1748 placet.
892 1699 1096 1737 Hmusms.

58 1752 216 1790 Martial.
239 1763 400 1800 vi11.55.

63 1820 202 1907 Βὲζιιὶς
234 1832 301 1856 non
333 1818 389 1867 effe
423 1831 554 1868 gregem
578 1819 748 1863 crederet,
775 1831 864 1855 unus
886 1828 971 1856 erat.

108 1882 216 1907 OUZA.

86 1955 93 1964 κ
119 1944 202 1980 301.
240 1932 420 1969 Volucrum
451 1932 603 1969 turbam.
627 1931 643 1981 ]
691 1932 864 1970 Volucrem
887 1932 1102 1970 concinnius

66 1982 228 2071 {ixianus
257 1982 358 2020 liber.
394 1981 441 2019 fic
480 1983 519 2020 δί
550 1982 609 2019 lib.
632 1995 667 2019 x.
703 1994 784 2032 143.
819 1992 909 2032 puto
947 1983 1102 2020 scriben-

95 2044 185 2078 um,

692 2083 794 2133 inque
815 2086 983 2131 ferarum·

122 2133 272 2170 Concilio
297 2132 430 2170 medius
453 2132 574 2169 turbae
597 2133 810 2184 volucrifijue
825 2135 976 2182 sedebat.

0 2193 2 2247 ’ζ
72 2193 173 2231 Vide
193 2195 311 2231 Notas
337 2194 426 2232 Fast.
445 2195 505 2232 lib.
523 2207 551 2232 γ.
573 2195 661 2231 vers.
682 2208 765 2242 449.
787 2197 959 2243 proximo
981 2194 1104 2240 versu,

1 2250 2 2267 ¹
73 2243 208 2288 Pieros,
234 2255 302 2292 pro
324 2245 441 2281 Pierus
462 2245 622 2294 plerique
645 2246 893 2294 castigatiores.
922 2246 1062 2282 Hunis.

125 2304 208 2342 302.
235 2293 384 2342 Pieros.]
422 2294 543 2331 Pierus
572 2306 616 2331 ex
650 2295 792 2343 Evippe
824 2307 939 2332 uxore
961 2307 1102 2332 novem

68 2343 201 2381 sustulit
223 2343 308 2380 filias
335 2357 344 2380 ι
382 2354 535 2391 quarum
555 2345 821 2391 pulchritudine
848 2358 889 2382 ac
912 2346 1107 2382 vocalitate

71 2403 190 2431 mater
210 2393 357 2441 superba
384 2392 790 2431 Musas-‹incertamen
827 2407 1030 2443 provocare
1056 2396 1104 2432 est

72 2443 166 2480 ausa.
189 2454 246 2480 eas
266 2455 355 2480 vero
377 2443 635 2490 Nympharum
655 2444 797 2491 judicio
819 2445 929 2481 victas
943 2474 952 2488 ‚
976 2445 1103 2481 Musae

74 2493 281 2541 indignatae
314 2493 508 2530 vocalitate
538 2501 658 2540 erepta
687 2494 724 2530 in
746 2505 867 2530 raucas
899 2495 994 2541 picas
1017 2506 1105 2530 con-

74 2551 226 2580 vertere.
254 2543 409 2580 minime
437 2554 526 2579 vero
547 2543 595 2579 illi
616 2541 695 2579 sunt
724 2543 919 2587 audiendi,
947 2544 1010 2592 qui
1024 2555 1107 2580 inu-

75 2592 126 2630 sas
156 2593 302 2629 Pierides
330 2604 351 2629 a
381 2592 533 2630 devieh's
561 2592 653 2629 Pieri
686 2591 822 2629 filiabus
854 2593 1107 2630 denominatas

77 2640 180 2679 fuisse
201 2650 353 2691 putant,
390 2653 474 2679 cuin
508 2653 527 2678 a
555 2641 665 2679 Pieria
700 2642 809 2687 loco,
840 2643 932 2681 circa
956 2643 1109 2680 Helico·
1146 2635 1148 2638 ’

78 2703 166 2729 nem
190 2720 201 2736 ‚
237 2700 277 2729 ut
297 2694 346 2729 ait
366 2692 508 2734 Strabo,
525 2691 699 2729 dicantur.
728 2693 896 2729 Raetus.
951 2693 1110 2730 Videtur

79 2749 201 2778 autern
222 2742 313 2779 haec
332 2742 449 2779 fabula
476 2754 504 2779 a‘
525 2754 562 2779 re
585 2741 817 2779 occasionem
841 2741 992 2780 traxiffe.
1016 2756 1104 2781 nam

80 2791 264 2828 Pausanias
287 2792 325 2828 in
346 2792 530 2829 Boeoticis
557 2792 615 2829 lib.
636 2803 686 2829 1x.
713 2804 768 2838 29.
795 2792 910 2830 scribit
924 2792 1043 2830 Musas
1064 2794 1107 2830 ab

79 2839 285 2877 initiorres
311 2842 446 2878 habitas
462 2839 576 2879 *fuiffe
592 2871 601 2885 ‚
631 2842 816 2886 Meleten,
840 2842 1045 2887 Mnemen,
1070 2845 1108 2881 δί

83 2889 251 2926 Aaedem
275 2919 287 2935 ‚
326 2891 448 2939 postea
467 2893 649 2936 Pierium,
681 2893 931 2930 Macedonem
949 2921 959 2936 ,
987 2904 1006 2929 a
1033 2906 1109 2942 quo

82 2939 328 2977 Macedoniae
350 2952 458 2978 mons
479 2954 618 2978 nomen
633 2970 644 2986 ,
671 2942 846 2991 Thespias
865 2941 1022 2988 venisse,
1046 2944 1113 2980 ibi-

82 2999 156 3037 que
177 3001 316 3027 novem
336 2991 457 3028 Musas
478 2991 708 3029 constituisse
732 3020 742 3036 ‚
772 2993 999 3042 nominaque
1022 2994 1114 3039 alia,

86 3049 131 3076 ac
151 3046 247 3076 certa
267 3039 407 3088 singulis
427 3041 644 3088 imposuisse.
671 3044 847 3079 chrtt..

139 3099 222 3135 303.
250 3091 387 3126 Paeonis
402 3091 560 3139 Anippe.]
590 3093 710 3141 Euippe
732 3092 890 3130 traduxit
908 3093 1010 3130 Max.
1033 3095 1114 3132 Pla—

90 3136 225 3173 nudes:
253 3149 337 3173 nam
360 3139 460 3186 quod
492 3142 613 3187 postea
644 3142 791 3179 decimo
815 3143 975 3179 carmine
999 3156 1017 3180 a
1039 3144 1114 3181 fine

14 3199 15 3202 ¹
92 3184 197 3231 hujus
216 3185 442 3232 voluminis,
473 3190 641 3238 Anipedes
674 3191 857 3235 dicuntur,
879 3204 978 3229 error
1003 3194 1051 3230 est
1073 3195 1115 3230 li-

95 3231 317 3272 brariorum:
348 3238 522 3289 poeonides
553 3241 652 3278 enim
685 3241 791 3278 eoin
810 3241 897 3280 loeo
917 3242 1117 3290 legendum

2039 1428 2184 1484 Bella

1152 1543 1199 1582 est
1214 1573 1224 1588 ‚
1251 1544 1289 1582 δε
1308 1543 1636 1593 syllabarum'ratio
1659 1542 1737 1582 satis
1749 1543 1996 1588 demonstrat,
2021 1542 2092 1580 illic
2104 1554 2183 1581 non

1150 1594 1251 1642 poffe
1273 1596 1367 1643 legi,
1406 1596 1576 1644 Anipedes
1591 1624 1601 1640 ‚
1639 1594 1817 1643 siquidem
1842 1595 1900 1631 hic
1924 1594 2058 1643 Anippe
2085 1593 2185 1641 lega-

1150 1653 1219 1682 tur.
1244 1647 1452 1682 GLAREAN.
1485 1647 1589 1682 Unus
1608 1645 1726 1681 Vatic.
1750 1646 1787 1681 ὅτ
1810 1656 1902 1681 unus
1922 1655 2049 1687 meus,
2066 1644 2188 1692 Anipe.

1150 1695 1256 1732 Alter
1283 1707 1372 1733 vero
1407 1697 1445 1732 ὅ(
1476 1694 1722 1739 Caelestinus,
1757 1695 1907 1744 Aniphe.
1945 1694 2048 1731 Alius
2065 1693 2191 1731 Vatic.

1152 1745 1306 1782 Aldinus
1322 1773 1332 1790 ‚
1361 1746 1399 1783 &
1422 1745 1510 1782 alter
1531 1745 1682 1782 Caelest.
1714 1745 1752 1781 ὃ(
1774 1754 1928 1793 uterque
1949 1742 2104 1785 Maffei,
2133 1748 2190 1779 A-

1154 1796 1246 1845 nippe
1268 1824 1278 1840 ‚
1345 1807 1409 1844 per
1442 1795 1573 1844 duplex
1610 1806 1668 1842 pp.
1702 1795 1794 1831 Abb,
1816 1796 1952 1843 Euippe.
2003 1794 2153 1830 Briantii
2177 1821 2189 1836 ‚

1154 1847 1270 1895 Enipe.
1297 1846 1463 1883 Lectoris
1496 1844 1535 1882 sit
1550 1874 1559 1889 ‚
1582 1845 1774 1882 meliorem
1799 1844 1951 1892 probare
1973 1844 2189 1881 lectionem.

1156 1897 1326 1933 Cioreu.
1353 1896 1506 1933 Variant
1526 1896 1769 1932 vehementer
1788 1895 1933 1931 codices
1946 1923 1957 1940 ‚
1974 1894 2122 1943 Anippe,
2135 1899 2193 1930 A-

1157 1946 1255 1995 m'phe
1269 1974 1280 1991 ,
1309 1946 1465 1995 Agnipe‚
1486 1947 1631 1994 Enippe,
1659 1944 1946 1994 Enumphe‚&c.
1970 1945 2192 1981 exhibentes,

1156 1996 1215 2033 sed
1238 1997 1376 2034 rectum.
1399 1996 1470 2040 est,
1498 1997 1632 2044 Euippe.
1659 1994 1706 2031 fic
1730 1995 1964 2042 Apollodoro
1983 1994 2042 2031 lib.
2056 2005 2194 2030 irme-

1158 2055 1323 2083 moratur
1341 2046 1463 2094 Euippe
1484 2045 1714 2093 Hamadryas
1735 2045 1837 2092 Argii
1871 2055 1964 2080 uxor
1987 2071 1998 2087 ‚
2026 2044 2063 2080 ὅ(
2086 2045 2194 2080 altera

1158 2098 1301 2146 Euippe,
1337 2096 1380 2133 ab
1401 2096 1512 2133 Ulixe
1524 2096 1675 2144 stuprata
1689 2123 1699 2139 ‚
1735 2104 1830 2143 quae
1848 2094 2048 2142 Euryalum
2071 2092 2195 2130 edidit.

1159 2147 1327 2184 Parthen.
1354 2147 1502 2195 Erot.3.
1539 2146 1685 2195 Euippus
1707 2145 1841 2188 etiam,
1870 2143 2110 2191 velEuhippus
2123 2143 2194 2179 Ar-

1161 2207 1219 2234 cas
1244 2198 1329 2234 Stat.
1362 2209 1415 2234 11.
1444 2195 1566 2234 Theb.
1588 2195 1671 2244 258.
1694 2196 1732 2232 δε
1762 2194 1848 2231 alius
1881 2193 2072 2230 Oenomai
2103 2192 2194 2230 filius

1160 2247 1329 2284 Parthen.
1359 2248 1461 2284 Erot.
1489 2259 1542 2294 ις.
1570 2245 1750 2283 Antonin.
1785 2243 1906 2280 Liber.
1926 2254 2002 2290 cap.
2037 2254 2090 2279 1x.
2125 2254 2197 2279 no-

1162 2309 1248 2334 vem
1283 2294 1442 2334 filiarum·
1468 2296 1622 2334 nomina
1651 2294 1757 2332 tradit
1780 2306 1823 2330 ex
1848 2291 2035 2330 Nicandro
2062 2291 2120 2329 lib.
2142 2303 2197 2329 1v.

1160 2347 1428 2392 ἑτερσισυμένων.
1459 2358 1553 2395 quae
1564 2346 1666 2382 fuere
1681 2343 1889 2391 ,Colymbus‚
1904 2349 2009 2391 lynx,
2020 2341 2197 2386 Cenchris„

1161 2398 1275 2445 Cissa,
1305 2396 1465 2440 Chloris,
1491 2395 1726 2437 Acalanthis,
1755 2394 1877 2442 Neffa,
1906 2393 1985 2442 Ripo
2000 2419 2011 2436 ‚
2036 2397 2198 2437 Dracon?

1160 2447 1218 2490 tis,
1239 2446 1285 2483 de
1307 2446 1435 2494 quibus
1456 2446 1528 2482 vid.
1550 2445 1597 2481 ibi
1619 2444 1814 2481 Muncker.
1840 2443 1969 2480 BuRM.

1212 2507 1296 2543 307.
1322 2494 1563 2542 committit.]
1593 2494 1831 2530 committunt
1864 2492 1939 2529 duo
1962 2501 2114 2530 veteres.
2140 2503 2198 2529 re¹³

1162 2545 1263 2582 etius.
1294 2546 1435 2582 Heius.
1463 2542 1643 2592 Commzfit
1663 2544 1763 2580 Bafil.
1787 2545 1825 2580 ὃς
1848 2542 1945 2580 aliusv

1214 2606 1296 2643 310.
1339 2594 1535 2644 Thespiades
1568 2604 1692 2630 certate
1724 2592 1864 2642 Deae]
1907 2593 1988 2630 Lib.
2028 2592 2200 2637 Briantii‚

1161 2645 1326 2682 Aonides.
1365 2646 1496 2694 Aeque
1519 2644 1623 2682 bene.
1651 2644 1853 2682 emmaus
1903 2643 1958 2681 Ita
1979 2643 2200 2692 &Argeum

1164 2695 1202 2731 δε
1224 2707 1316 2732 unus
1338 2694 1489 2733 Heinfii.

1216 2757 1294 2792 314.
1324 2745 1489 2781 Cedemus
1500 2743 1642 2793 silvis.]
1698 2744 1755 2781 Sic
1785 2744 1821 2781 in
1843 2744 2014 2781 omnibus
2032 2743 2202 2792 antiquis,

1162 2803 1305 2843 praeter
1337 2795 1428 2832 duos
1460 2795 1582 2832 Vatic.
1615 2795 1654 2832 &
1684 2806 1801 2831 unum
1834 2794 1990 2839 Maffei‚
2016 2795 2053 2831 in
2075 2793 2204 2843 quibus

1165 2844 1238 2889 est,
1276 2846 1427 2894 Campis.
1460 2845 1578 2882 IDEM.
1634 2845 1809 2882 Meliores
1831 2873 1842 2888 ,
1879 2845 2038 2881 cedamus
2065 2843 2202 2891 campis.

1166 2895 1222 2931 Ita
1256 2894 1359 2943 saepe
1389 2895 1486 2943 apud
1526 2895 1722 2932 Lucanum
1746 2923 1758 2940 ,
1805 2894 1990 2932 Aemathii
2011 2922 2022 2939 ‚
2061 2891 2203 2940 Thessali

1166 2945 1289 2994 campi:
1316 2945 1454 2982 HEINS.

1220 3006 1302 3043 315.
1329 2996 1452 3032 Cedere
1481 2995 1637 3045 vifitms]
1694 2994 1749 3032 In>
1767 2994 1892 3033 iisdem
1915 2992 2035 3031 Vatic.
2062 2991 2099 3026 δε
2121 2998 2199 3025 uno

1167 3055 1280 3089 meo,
1311 3045 1427 3094 visum
1447 3046 1500 3093 est.
1529 3047 1699 3083 Cxorm.

1168 3144 1207 3181 H
1221 3095 1304 3181 3415.
1332 3102 1396 3132 Per
1415 3094 1606 3146 fluminea]
1636 3102 1702 3132 Per
1722 3094 1868 3132 numina
1889 3091 2036 3129 Thuan.
2059 3089 2097 3125 &
2109 3098 2202 3127 unus

1212 3156 1269 3181 em
1290 3173 1298 3181 .

1224 3206 1307 3242 317.
1334 3194 1554 3244 Fabiaquef]
1603 3197 1794 3243 Sanffaque
1825 3189 2007 3228 Gronovii
2042 3189 2080 3225 δί
2109 3200 2203 3227 unus

1171 3243 1379 3282 Mediceus.
1408 3245 1519 3283 Unde
1529 3243 1713 3328 Heinfiux}
1724 3242 1932 3340 zogjecerat
1947 3266 1958 3286 ‚
1972 3238 2206 3328 struHaeziaipss

2130 3313 2133 3317 .
2155 3310 2200 3327 a„
2230 3315 2234 3319 ,
