2483 3616
610 143 761 216 'IN
829 153 1977 224 METAMORPHOSIN.

225 292 265 331 in
292 302 369 342 quo
399 290 540 330 sanitati
565 286 785 329 restituendo
811 285 919 324 multi
949 286 1178 331 laborarunt,
1205 286 1265 326 sed

224 354 339 393 parvo
365 341 548 392 profectu.
598 335 752 385 Optime
771 337 925 387 quidem
944 337 1078 376 horum
1094 365 1104 381 ,
1130 338 1195 386 qui
1214 337 1265 375 le-

251 400 347 431 unt:

224 404 249 443 g
403 456 556 469 -——
585 452 642 477 nec
660 439 940 488 adhucspeffaffi
954 447 1013 486 per
1031 450 1141 474 annos

275 493 546 542 Quinquennem
563 498 698 539 poterat
721 492 845 538 Grajos
863 500 986 539 quater
998 490 1092 525 edere
1098 497 1266 537 pugnam.

222 541 370 582 Verum
400 551 441 581 ut
466 539 606 579 sensum
634 543 839 589 attingunt,
865 542 912 578 ita
931 540 1048 578 verbis
1066 538 1267 583 deficiunt,

222 594 284 632 vel
310 595 429 643 potius
457 592 656 630 secedunt:
694 604 781 630 nam
812 592 850 629 ὃς
871 591 998 629 inscita
1013 591 1156 628 locutio
1186 590 1258 633 est,

214 653 351 695 poterat
358 643 514 692 spectaffe
531 644 653 692 Grajos
676 643 770 680 edere
788 659 798 679 :
827 654 897 680 nec
918 643 1079 680 Graecus
1091 641 1136 679 ad
1146 641 1262 678 Grae-

223 707 309 732 cum
333 694 514 743 putandus
543 692 592 731 est
620 692 745 732 dixisse
766 694 911 741 Grajos,
936 693 999 730 ubi
1015 692 1135 730 nullae
1157 699 1260 730 erant

219 754 361 794 partes,
389 745 449 782 vel
467 744 548 788 alii,
569 743 633 793 qui
651 745 763 782 etiam
776 744 1048 794 quinquennale
1071 751 1260 780 certamen

222 795 385 833 ederent.
424 795 499 832 Hic
518 802 645 832 tamen
663 803 739 832 tam
754 795 956 844 periculose
967 804 1073 843 aeger
1085 821 1095 837 ,
1123 804 1165 831 ac
1174 805 1261 842 pro-

219 844 269 894 pe
288 846 534 883 conclamatus
548 873 558 889 ,
586 857 658 894 ope
677 845 796 884 nostra
807 843 1030 884 convaluisse
1042 844 1262 893 vulgabitur,

221 895 249 933 fi
277 896 322 934 ad
352 895 653 934 emendationem
675 897 834 936 nostram
854 896 1052 936 donorum
1075 894 1265 934 consensus

219 946 390 992 accedat,
414 947 611 997 legendum
633 947 703 986 effe
725 962 734 986 ε

197 1003 201 1005 ’
578 1011 638 1036 nec
657 998 772 1036 adhuc
783 998 938 1049 speb'laffe
955 1006 1013 1047 per
1033 1010 1141 1035 annos

274 1048 546 1098 Qinquennem
563 1058 697 1098 poterat
700 1052 843 1098 sacram
860 1059 983 1098 quater
997 1049 1094 1085 Elide
1099 1058 1266 1097 pugnam.

220 1109 290 1148 pro
302 1098 444 1147 sacram
466 1100 554 1137 facit
571 1100 659 1138 illud
677 1101 837 1140 Senecae
858 1101 971 1139 Herc.
984 1098 1267 1147 Fur.vers.840.

273 1151 440 1196 Qantus
462 1149 586 1188 Ele'um
608 1152 680 1188 ruit
701 1153 749 1189 ad
771 1157 984 1196 Tonantem,

274 1200 415 1247 Qinta
436 1201 515 1238 cum
532 1203 672 1247 sacrum
691 1204 873 1240 revocavit
897 1202 1014 1247 aestas.
1118 1233 1120 1236 .

279 1250 315 1289 Si
333 1252 412 1301 quis
432 1260 558 1290 tamen
571 1254 720 1302 Grajam
734 1282 744 1298 ‚
769 1255 832 1292 vel
850 1253 970 1303 potius
988 1252 1141 1304 Grajum
1156 1281 1167 1300 ,
1188 1263 1268 1291 ma·

219 1298 286 1347 lit,
314 1313 392 1340 non
411 1302 615 1341 admodum
635 1305 929 1354 repugnaverim.

329 1352 414 1391 Fab.
435 1366 488 1391 tx.
509 1354 597 1392 vers.
615 1355 698 1402 464.

589 1418 676 1442 neve
695 1406 777 1443 haec
798 1416 992 1444 commenta
1009 1406 1160 1457 putetis:

225 1451 444 1501 (Admonitu
462 1469 679 1507 quamquam
696 1457 809 1495 lustus
830 1468 1041 1496 renoventur
1057 1455 1174 1495 amari
1187 1457 1222 1503 ,)

225 1505 400 1553 Perpetiar
419 1519 607 1543 memorare
628 1517 760 1546 tamen.
1193 1542 1195 1544 -

226 1554 317 1592 Non
345 1554 436 1593 solet
463 1556 622 1595 Ovidius
642 1586 652 1602 ,
692 1567 731 1596 ut
757 1570 871 1596 nemo
899 1559 989 1597 solet
1008 1587 1018 1601 ‚
1056 1557 1268 1596 orationem

224 1605 331 1642 alicui
363 1606 556 1645 attribuere
576 1608 711 1658 absque
729 1610 804 1653 ait,
833 1610 893 1647 vel
910 1609 1050 1655 inquit,
1078 1615 1141 1646 aut
1161 1607 1269 1646 simili

224 1655 398 1694 formula.
432 1657 531 1694 unde
568 1659 659 1696 mihi
688 1659 839 1708 suspicio
868 1659 1029 1708 primum
1061 1658 1266 1702 inciderat,

222 1705 365 1743 versum
391 1706 560 1746 excidiffe
575 1736 584 1752 ,
621 1721 696 1758 quo
719 1709 795 1748 talis
813 1711 972 1748 formula
994 1710 1244 1757 contineretur
1253 1723 1266 1752 ;

222 1754 284 1792 sed
318 1758 487 1796 attentius
524 1759 767 1798 consideranti
793 1761 911 1800 visum
942 1760 990 1798 est
1019 1758 1137 1798 adesse
1165 1759 1270 1809 quod

223 1806 432 1854 quaerimus
455 1837 466 1853 ,
507 1809 569 1847 sed
599 1812 808 1849 mutatione
838 1820 1082 1859 corruptum:
1119 1810 1270 1859 Nempe

225 1855 309 1893 cum
332 1860 453 1896 oratio
473 1868 654 1908 concepta
673 1859 794 1899 fuisset
813 1861 1071 1906 ἀνακολσυθῶς,
1100 1862 1138 1898 &
1151 1871 1271 1897 tamen

224 1905 413 1946 desiderari
450 1911 629 1958 quispiam
669 1910 872 1951 annotasset
894 1941 904 1958 ,
952 1921 992 1950 ut
1027 1911 1124 1962 apud
1164 1912 1271 1961 Virg.

226 1956 378 1994 AEneid.
399 1971 441 1996 11.
458 1961 548 1997 vers.
573 1973 627 1998 12..

277 2009 508 2057 Qamquam
528 2010 669 2048 animus
688 2013 873 2062 meminiffe
894 2013 1008 2051 horret
1022 2042 1033 2059 ,
1054 2023 1127 2053 effic.

224 2056 439 2112 adscriptitia
460 2071 535 2098 vox
558 2065 594 2097 in
615 2061 816 2100 ordinariae
835 2064 961 2102 locum
982 2064 1123 2102 invasit.
1158 2066 1269 2111 Quae

225 2108 494 2148 animadversio
523 2109 611 2148 dum
638 2111 874 2153 labefactetur
904 2125 987 2152 mea
1010 2142 1022 2160 ‚
1064 2113 1269 2153 lectionem

196 2160 202 2162 ’
224 2157 361 2196 tenebo
384 2173 394 2196 :
1184 2201 1188 2204 .

276 2209 479 2266 Admonitu
499 2223 705 2260 quanquam
723 2213 835 2250 laotos
856 2224 1069 2253 renoventur
1089 2214 1231 2260 amari,

275 2265 455 2306 Perpettar
474 2275 661 2300 memorare
674 2291 684 2307 ‚
711 2263 842 2313 inquit.

329 2310 418 2350 Fab.
439 2324 500 2349 xv.
525 2312 610 2350 vers.
631 2315 715 2361 657.

600 2373 766 2415 tantoque
783 2366 972 2415 potentior,
1000 2366 1118 2416 inquit
1130 2395 1142 2411 ,

223 2410 396 2448 Omnibus
415 2427 447 2450 es
471 2413 662 2463 Nymphis,
692 2428 780 2466 quas
800 2418 949 2454 continet
966 2416 1105 2455 Albula
1122 2416 1205 2466 ripis
1218 2444 1230 2462 ,

224 2461 330 2497 Salve
348 2462 496 2511 virginei
506 2463 570 2513 flos
588 2464 721 2502 illibate
734 2464 885 2515 pudoris.

225 2511 344 2550 Notat
364 2513 499 2552 Bersm.
529 2513 600 2552 esse
619 2516 728 2554 libros
756 2518 795 2554 ὃς
820 2519 928 2556 MSS.
946 2519 985 2556 δε
1005 2518 1134 2556 formis
1158 2529 1270 2556 excu-

223 2560 281 2599 sos
295 2590 305 2606 ,
333 2563 520 2620 inquibus
538 2564 678 2613 legatur
691 2568 845 2617 peritior.-
869 2582 914 2607 ex
931 2581 1008 2618 quo
1030 2570 1123 2607 mihi
1141 2568 1266 2618 legen-

224 2610 315 2649 dum
348 2614 492 2652 Videtur
510 2643 519 2657 ,
552 2617 700 2663 peritior.
726 2618 828 2656 nove
849 2619 1000 2658 fortaffis
1017 2648 1025 2663 ,
1054 2619 1114 2657 sed
1134 2620 1267 2668 aptiffi-

225 2660 310 2716 me,
340 2665 377 2700 ὃ(
405 2664 536 2702 eadem
562 2665 708 2712 formfi,
734 2680 807 2718 qua
829 2670 917 2708 fecit
940 2670 1103 2717 cognitius
1125 2670 1163 2707 in
1186 2682 1268 2707 ora-

226 2715 329 2749 tione
359 2714 491 2752 Glauci
517 2715 562 2753 ad
589 2717 733 2755 Circen.
786 2719 900 2757 Porro
930 2719 1015 2757 cum
1047 2720 1123 2757 duo
1147 2721 1269 2758 versus

225 2759 415 2820 sequentes
440 2763 615 2820 annuitis
643 2767 862 2807 editionibus
890 2769 1025 2813 abfint,
1063 2778 1103 2807 ut
1123 2770 1269 2808 alterius

227 2821 343 2867 quarn
371 2811 580 2852 vadianae
611 2828 811 2862 monetae,
860 2820 950 2857 mihi
977 2820 1234 2857 hemistichion
1258 2848 1269 2865 ,

227 2861 399 2918 Omnibus
418 2876 449 2898 es
472 2865 663 2910 Nymphis,
684 2867 717 2905 se
740 2877 778 2905 ut
803 2869 1013 2918 legitimum
1035 2870 1174 2919 probat.
1203 2869 1269 2907 Al-

226 2918 292 2949 teri
324 2912 487 2954 eruendo
521 2924 598 2950 non
619 2913 696 2953 sum
714 2918 827 2956 hodie
842 2947 851 2963 ,
881 2921 919 2957 ὃς
939 2928 1062 2957 tamen
1082 2920 1185 2969 spero
1208 2932 1270 2958 me

225 2973 311 3000 cum
334 2964 417 3000 Deo
437 2974 512 3000 cras
531 2963 590 3000 vel
609 2966 781 3011 perendie
802 2969 981 3016 aptiorem
1000 2972 1092 3009 fore,
1146 2972 1272 3021 Atque

227 3024 314 3051 ecce
330 3042 340 3058 ‚
366 3013 469 3063 quod
489 3013 677 3051 defectum
697 3015 867 3062 tantisper
886 3021 1069 3069 suppleat,
1098 3021 1187 3059 dum
1199 3032 1268 3059 nec

226 3075 294 3113 pro
324 3076 414 3101 vero
447 3063 618 3108 defendi,
646 3075 715 3101 nec

231 3114 361 3152 melius
381 3126 427 3152 eo
441 3143 450 3158 ‚
470 3114 528 3151 cui
547 3113 727 3152 succedit:
1019 3144 1023 3149 .

663 3175 827 3215 tantoque
841 3165 979 3214 petitior
992 3194 1002 3210 ‚
1030 3167 1146 3215 inquit
1158 3199 1168 3214 ‚

229 3214 401 3253 Omnibus
421 3230 452 3252 es
473 3215 645 3266 Nymphis
659 3244 667 3258 ,
695 3225 825 3261 quanto
848 3227 910 3252 tua
931 3216 1028 3253 mala
1049 3220 1212 3264 maristis,

230 3266 284 3305 At
311 3266 431 3307 versus
459 3267 564 3306 Salve
591 3265 740 3318 virginei
757 3276 835 3319 wc,
854 3266 1001 3317 ineptus
1018 3266 1088 3314 est,
1115 3279 1186 3308 nec
1204 3280 1274 3318 pro

744 3076 810 3113 pro
841 3065 929 3103 falso
956 3071 1101 3110 excludi
1130 3071 1270 3120 potest,
1316 3087 1319 3089 ·

2238 186 2362 230 1101

1321 287 1533 342 Vertumno
1548 318 1559 333 ,
1585 291 1648 342 qui
1666 302 1749 329 eam
1764 318 1774 334 ,
1803 291 1904 340 cujus
1925 294 2121 343 virginitati
2131 296 2284 340 struebat
2302 298 2361 347 ing=

1319 336 1423 374 fidias
1436 366 1447 382 ‚
1475 338 1495 376 a
1514 342 1720 390 virginitate
1736 341 1883 380 laudare
1904 355 1981 382 non
2001 346 2139 386 debuit.

1372 387 1457 426 Fab.
1481 401 1594 431 xvxxi.
1622 393 1710 431 vers.
1729 393 1812 440 827.

1320 437 1476 494 Pulcbra
1490 441 1587 487 subit
1596 444 1706 488 facies
1719 472 1729 487 ,
1757 455 1801 482 (φ’
1816 442 2066 493 pulvinaribus
2085 447 2168 485 altis

1319 492 1468 544 Dignior
1487 491 1551 536 est,
1578 493 1691 542 qualis
1711 494 1862 532 trabeati
1874 496 1996 541 forma
2015 496 2172 544 Qirini.

1320 538 1528 588 Distinguo.
1581 543 1751 592 Dignior,
1777 545 1819 593 est
1840 545 1967 595 qualis.

1563 642 1924 684 LIBRO
2006 647 2112 687 XV,

1419 743 1550 783 Fab.1.
1577 744 1667 783 vers.
1691 758 1749 795 25.

1371 795 1486 841 Postea
1505 795 1683 844 discedunt
1698 796 1827 843 pariter
1839 797 2047 849 somnusque
2067 802 2250 852 Deusque‚'

1320 844 1383 882 An
1412 846 1523 894 igitur
1557 847 1736 885 Hercules
1765 847 2018 896 exspectavit,
2064 851 2184 891 donec
2209 853 2360 891 somnus

1321 896 1519 934 discederet
1539 896 1554 933 ?
1582 897 1671 934 Hoc
1690 898 1882 936 absurdum
1904 899 1963 937 est.
2009 902 2070 938 An
2088 902 2249 940 Hercule
2267 903 2358 941 haec

1322 946 1472 984 elocuto
1500 959 1590 985 mox
1613 948 1760 986 somnus
1779 949 1865 987 abiit
1883 948 1898 987 ?
1928 950 2016 988 Hoc
2036 951 2232 996 neceffario
2254 953 2361 991 relin-

1321 997 1457 1047 quitur.
1510 997 1614 1048 Quid
1643 998 1729 1048 ergo
1758 1000 1819 1038 est.
1856 1000 1998 1048 Postea?
2031 1001 2057 1039 fi
2077 999 2254 1045 nihil'est‚
2282 1004 2362 1052 quis

1325 1048 1556 1087 Ovidianum
1586 1048 1718 1088 dixerit
1738 1048 1753 1086 ?
1782 1051 1833 1088 At
1853 1052 1971 1089 versus
1985 1080 1995 1096 ‚
2023 1053 2085 1102 qui
2108 1051 2278 1101 proxime
2299 1066 2363 1091 an-

1322 1099 1481 1144 tecedit,
1510 1099 1595 1138 cum
1618 1100 1749 1138 Ovidii
1768 1100 1833 1146 fit,
1870 1101 1932 1140 sed
1951 1114 2027 1140 non
2049 1104 2154 1152 hujus
2173 1104 2247 1143 loci
2266 1130 2277 1148 ,
2303 1111 2364 1152 to:

1323 1158 1380 1189 tus
1399 1152 1501 1190 locus
1517 1152 1592 1194 hoc
1614 1151 1731 1190 modo
1753 1152 2022 1191 constituendus
2042 1154 2103 1192 est.

1649 1217 1743 1222 ...-
1771 1203 1904 1251 patrias
1925 1217 1983 1252 age
2001 1205 2109 1251 desere
2120 1204 2240 1252 sedes,

1374 1256 1421 1289 Et
1439 1261 1512 1301 pete
1532 1252 1662 1302 diverfi
1679 1253 1844 1303 lapidosas
1863 1254 1998 1304 AEsaris
2015 1256 2140 1298 undar.

1378 1305 1493 1352 Surgit
1511 1303 1744 1343 Alemonides.

1318 1361 1400 1392 tum
1421 1353 1514 1394 infra
1536 1356 1624 1394 vers.
1647 1367 1705 1403 33.
1734 1355 1795 1392 ubi
1811 1354 1965 1404 legitur:

1375 1409 1419 1441 Et
1432 1433 1442 1450 ‚
1471 1404 1536 1451 nisi
1546 1406 1701 1453 paruerit
1718 1406 1821 1455 plura
1842 1417 1886 1446 <7⁴
1899 1405 2065 1455 graviora
2082 1406 2214 1445 minari
2226 1423 2239 1445 ε

1323 1455 1490 1504 Legend.
1510 1457 1580 1494 est:

1376 1512 1433 1543 Ac
1452 1507 1492 1543 ni
1507 1507 1665 1556 paruerit
1679 1536 1689 1551 ,
1717 1507 1832 1544 multa
1849 1520 1889 1544 ac
1908 1507 2094 1544 metuenda
2112 1508 2256 1546 minari.

1325 1556 1425 1593 Nam
1454 1570 1517 1595 cur
1540 1559 1719 1596 Hercules
1739 1558 1906 1607 Myscelo
1929 1559 2029 1606 plura
2051 1560 2089 1596 &
2109 1560 2275 1607 graviora
2296 1561 2368 1598 mi-

1325 1615 1495 1652 naretur,
1522 1608 1606 1646 cnm
1634 1609 1753 1646 adhuc
1782 1609 1873 1646 nihil
1893 1609 1942 1646 illi
1965 1610 2050 1646 mali
2070 1608 2251 1647 accidisset
2272 1608 2286 1645 ?
2315 1612 2367 1648 At

1324 1657 1515 1707 postquam
1539 1659 1716 1697 Hercules
1735 1660 1867 1696 minari
1889 1660 2034 1707 coepit,
2062 1668 2139 1696 tum
2165 1659 2254 1697 vero
2278 1661 2368 1708 My-

1323 1708 1435 1746 scelus
1458 1710 1659 1759 pertimuit.
1711 1710 1817 1746 Haec
1834 1721 1917 1747 mea
1937 1710 1986 1747 est
2003 1709 2177 1747 sententia
2192 1737 2201 1753 ‚
2229 1711 2266 1747 &
2286 1711 2369 1758 qui-

1325 1758 1411 1796 dem
1434 1760 1529 1798 adeo
1552 1768 1647 1798 certa
1668 1771 1709 1797 ac
1730 1759 1820 1804 fixa,
1856 1768 1895 1797 ut
1918 1759 1941 1797 fi
1961 1759 1981 1797 a
2003 1761 2086 1797 viris
2108 1759 2225 1798 doctis
2247 1761 2370 1809 impu-

1322 1818 1431 1858 gnata
1452 1812 1581 1855 fuerit,
1609 1811 1773 1848 futurum
1793 1810 1855 1855 fit,
1883 1822 1957 1848 non
1980 1822 2042 1847 me
2063 1818 2103 1847 ut
2122 1810 2257 1859 pudeat
2269 1812 2369 1856 mei„

1322 1860 1384 1898 sed
1403 1869 1442 1898 ut
1460 1870 1673 1911 temporum
1696 1861 1902 1899 nostrorum
1923 1861 2101 1899 misereat.

1415 1911 1502 1950 Fab.
1522 1926 1566 1950 11.
1586 1912 1676 1950 vers.
1702 1911 1784 1959 138.

1376 1963 1472 2000 Unde
1481 1964 1599 2010 fames
1618 1961 1751 1999 homini
1771 1962 1959 1999 vetitorum
1980 1971 2084 1999 tanta
2103 1960 2253 1999 ciborum
2271 1961 2342 2013 est?

1377 2014 1530 2051 Audetis
1548 2015 1637 2063 vesti
1650 2026 1754 2061 genus
1775 2012 1792 2049 o*
1809 2013 1981 2049 mortale?

1327 2065 1369 2103 In
1401 2063 1617 2114 quibusdam
1649 2064 1868 2107 immortale,
1899 2064 1937 2100 &
1967 2061 2010 2108 est
2041 2062 2224 2101 omittitur
2244 2075 2253 2100 :
2288 2073 2365 2112 quo

1327 2127 1508 2156 moveor,
1536 2122 1578 2151 ut
1597 2113 1796 2162 legendum
1816 2113 2043 2151 existimem:

1376 2164 1472 2202 Unde
1477 2165 1594 2209 fames
1616 2164 1748 2200 homini
1767 2164 1958 2200 vetitorum
1981 2173 2084 2200 tanta
2103 2162 2254 2200 ciborum
2269 2190 2281 2207 ,

1377 2215 1523 2252 Audeat
1544 2224 1583 2250 ut
1601 2214 1690 2262 vesci
1708 2227 1813 2262 genus
1835 2213 2030 2250 immortale
2045 2223 2061 2251 t

1323 2266 1411 2304 Fab.
1424 2277 1490 2303 111.
1500 2265 1587 2302 vers.
1601 2266 1682 2302 216.
1713 2265 1793 2300 Fuit
1804 2264 1867 2300 illa
1879 2265 1947 2301 (lies
1961 2292 1970 2307 ,
1986 2277 2054 2313 qua
2062 2263 2195 2311 semina
2208 2262 2368 2309 tantiam,

1324 2323 1464 2366 Spesque
1473 2315 1656 2353 hominum
1661 2315 1807 2362 primae,
1821 2315 2011 2363 matrisque
2020 2314 2263 2350 habitavimus
2272 2313 2368 2352 alvo.

1324 2368 1368 2405 In
1389 2365 1772 2416 matrisqueEnclitica
1790 2366 2006 2413 supervacua
2027 2364 2084 2401 eil.
2108 2365 2214 2412 Lego
2229 2365 2370 2409 matris,

1324 2419 1428 2466 quod
1458 2419 1496 2455 &
1529 2415 1694 2463 caesura,
1734 2417 1773 2454 ὃς
1792 2417 1964 2465 sequente
1982 2415 2220 2464 adspiratione
2239 2414 2367 2453 locum

1324 2475 1459 2507 tuetur.

1427 2517 1514 2558 Fab.
1536 2529 1589 2556 xv.
1610 2516 1700 2555 vers.
1723 2527 1808 2560 272.

1594 2581 1639 2609 (ρ’
1655 2568 1810 2618 antiquis
1832 2578 1906 2604 tam
1924 2567 2039 2604 multa
2061 2566 2264 2604 tremoribus
2283 2563 2372 2602 arbit

1324 2619 1491 2658 Flumina
1509 2618 1710 2669 profiliunt,
1735 2628 1800 2656 aut
1818 2618 1982 2665 exsiccata
2003 2616 2165 2667 residunt.

1324 2671 1493 2721 Legend.
1513 2670 1667 2708 videtur:
1688 2669 1829 2720 antiqui
1851 2668 2017 2719 compulsa
2031 2666 2233 2705 tremoribus
2258 2664 2344 2703 orbis

1410 2722 1496 2759 Fab.
1517 2732 1590 2758 vn.
1609 2720 1697 2757 vers.
1718 2731 1805 2765 277.

1324 2777 1371 2809 Et
1394 2772 1535 2820 Mysum
1556 2772 1740 2820 capitisque
1754 2770 1834 2817 sui,
1861 2770 2017 2818 ripaeque
2034 2768 2154 2817 prioris
2167 2793 2178 2811 ,

1324 2820 1525 2871 Poenituiffie
1537 2822 1663 2868 ferunt
1679 2848 1687 2862 ,
1716 2820 1790 2856 alia
1810 2834 1902 2857 nunc
1918 2821 1969 2856 ire
1986 2825 2154 2865 Caycum.

1326 2873 1459 2910 Oratio
1480 2873 1566 2909 hiat.
1594 2872 1715 2919 LegO,
1734 2871 1875 2921 aliaque
1891 2870 1992 2906 exire.

1329 2923 1435 2970 Virg.
1466 2922 1574 2959 VIII,
1606 2921 1695 2959 vers.
1731 2932 1787 2965 74.

1332 2976 1412 3021 Qo
1445 2984 1477 3009 te
1497 2985 1641 3020 cumque
1667 2971 1759 3004 lacus
1778 2967 2001 3011 miserantem
2020 2965 2234 3003 incommoda
2254 2963 2367 3014 nostra

1326 3029 1433 3060 Fonte
1456 3033 1547 3059 tenet
1561 3047 1571 3062 ,
1600 3030 1809 3067 quocumque
1829 3017 1893 3063 [olo
1910 3016 2161 3068 pulcherrimus
2181 3016 2263 3054 exis.

1431 3072 1515 3106 Fal),
1539 3080 1616 3104 xix.
1637 3067 1725 3104 vers.
1750 3078 1835 3115 319.

1327 3120 1398 3158 Cui
1415 3132 1484 3155 non
1505 3118 1630 3154 audita
1650 3117 1693 3164 est
1714 3116 1869 3165 obscenae
1889 3117 2053 3154 Salmacis
2074 3116 2181 3153 unda.

1380 3169 1455 3205 Hic
1482 3168 1585 3206 locus
1615 3167 1759 3205 videtur
1784 3169 1979 3206 nonnullos
2002 3165 2202 3213 decepisse,
2229 3173 2269 3203 ut
2291 3177 2370 3204 cre·

1328 3218 1457 3257 derent
1489 3218 1681 3255 crescentia
1702 3219 1738 3254 in
1759 3219 1825 3255 idis
1844 3219 1903 3256 vel
1923 3219 1993 3255 idos
2013 3218 2122 3254 etiam
2141 3216 2272 3254 habere
2293 3218 2374 3271 Ge·

1328 3267 1788 3361 nitivumzparisyllabum:
1807 3282 1852 3310 ex
1872 3270 2003 3320 quibus
2024 3268 2071 3309 est
2092 3268 2283 3308 Lotichius
2302 3277 2375 3316 pri-

1524 3329 1669 3361 ZZZZZ
1694 3330 1716 3360 2
2310 3328 2381 3361 mo,
