2483 3616
421 133 1961 220 METAMORPHosEoNLmr.
2214 166 2250 230 9

824 277 966 324 Fan.
1003 275 1042 322 Ι.
1075 275 1567 323 ARGUMENTUM.

969 355 1123 403 Chaos
1146 343 1194 402 in
1217 356 1416 419 Species.

206 442 368 502 Chaos,
403 451 449 487 ut
469 442 671 502 Hesiodus
695 447 710 466 ⁸
730 440 889 486 indicat
922 440 1156 497 volamine,
1170 437 1279 499 quod
1298 437 1466 483 deorum
1489 438 1686 497 originem
1711 439 1889 482 continet
1902 471 1917 496 ‚
1922 434 2047 498 fuitb
2069 439 2113 482 in
2131 440 2252 486 initio

138 509 341 572 quaedam
373 521 512 551 rerum
535 504 738 566 confufio‚
783 520 886 564 quae
898 503 1036 562 postea
1058 507 1073 526 ⁰
1093 505 1138 547 in
1157 502 1264 563 suas
1275 500 1430 560 species
1453 501 1678 562 distributa
1701 501 1784 561 est,
1817 497 1835 525 d
1858 504 1922 546 ita
1943 512 1990 546 ut
2014 508 2031 527 ‘²
2052 503 2254 560 leviffima

137 586 377 632 corporum,
413 569 742 631 aetherigneus,
777 568 831 621 ὃ
856 565 870 592 f
884 566 1005 628 infra
1026 566 1135 613 hunc
1155 569 1232 613 aer
1239 565 1458 627 frigidus,
1494 576 1707 625 ceteraque
1725 565 1871 626 sidera
1888 565 2114 627 sscblimem
2146 572 2164 598 Β
2181 581 2254 625 pe-

140 771 339 811 Sciendum
361 771 469 807 etiam
492 769 562 813 est,
599 781 618 805 1
641 769 758 816 po'e'tis
780 780 856 805 non
877 773 1020 804 tantum
1041 766 1144 803 Deos
1158 793 1169 810 ,

140 823 311 860 Musasve
333 849 343 866 ‚
380 822 419 857 ὃς
441 847 452 864 ,
489 827 527 856 ut
559 819 632 856 dixi
656 846 666 861 ‚
694 819 824 856 Poe'tas
845 817 1018 861 v„invocari
1047 816 1169 853 solitos

137 872 266 916 fuisse,
291 871 349 908 sed
379 870 558 917 Principes
598 880 771 917 quoque,
808 880 849 906 ac
872 877 1024 915 magnos
1049 867 1169 910 viros,

140 922 188 960 ad
219 933 310 970 quos
342 932 432 968 opus
464 919 676 956 mittebant:
715 926 755 954 ut
785 930 828 954 ex
862 917 1002 954 Ovidio
1024 916 1062 954 in
1097 927 1169 960 eo,

137 972 241 1021 quod
262 969 426 1019 proxime
449 968 662 1012 nominavi,
698 968 888 1004 volumine
910 994 920 1011 ‚
949 967 987 1003 &
1018 977 1062 1002 ex
1085 966 1171 1001 Ma-

138 1022 254 1066 nilio,
282 1021 494 1064 Nicandro,
522 1027 629 1068 atque
645 1017 823 1066 Oppiano
844 1014 1026 1065 perspicue
1057 1023 1167 1064 patet.

139 1073 357 1117 Cxofefflus.

195 1134 227 1160 1,
254 1129 333 1158 Fert
355 1119 531 1168 animus.]
560 1119 613 1156 Ita
636 1118 825 1156 Lucanus:
858 1117 959 1164 1.67.

219 1179 299 1209 Fert
319 1172 456 1207 animus
477 1169 602 1218 cauffas
622 1179 806 1205 tantarum
827 1178 1013 1216 expromere
1046 1183 1171 1207 rerum.

141 1223 357 1260 Cromnos.
396 1220 547 1267 explicat
580 1218 787 1255 Scholiastes
819 1219 967 1255 Horatii
988 1218 1033 1255 ad
1054 1220 1173 1268 Epod.

143 1286 180 1310 v.
202 1285 234 1322 3.
255 1284 317 1320 per
328 1270 406 1307 vult
422 1298 432 1314 ‚
458 1269 503 1306 ad
522 1269 579 1305 illa
600 1269 709 1305 verba
722 1297 732 1314 ,
758 1269 856 1316 Qid
875 1268 932 1315 iste
943 1270 1019 1316 fert
1041 1269 1174 1306 tumul-

139 1333 220 1367 tus,
255 1323 345 1358 haec
384 1319 509 1357 Ovidii
539 1319 696 1355 laudans.

195 1386 224 1410 1.
253 1369 591 1418 Mutatasfhrmas.]
619 1369 694 1405 Hic
723 1369 859 1405 formas
883 1375 1035 1405 mutatas
1063 1369 1171 1406 dicit:

135 1431 177 1461 at
199 1422 279 1459 alibi
300 1432 452 1468 corpora
469 1419 539 1468 ipsa
561 1427 699 1457 mutata
719 1419 757 1456 in
778 1419 925 1456 formas.
961 1418 1047 1467 Ejus
1064 1420 1173 1456 verba

139 1473 240 1511 sunt:

191 1524 365 1572 Diffiaque
379 1520 466 1570 fient
487 1520 580 1557 nobis
593 1548 604 1564 ,
617 1520 779 1570 quamvis
793 1534 919 1557 manus
929 1519 1056 1556 ultima
1070 1528 1174 1569 coepto

247 1573 369 1619 Defuit
385 1600 394 1615 ,
421 1573 458 1607 in
471 1571 579 1617 facies
601 1580 732 1619 corpora
757 1571 856 1618 versa
879 1584 997 1607 novas.

145 1625 363 1662 Cmrmws.
411 1621 560 1657 Fallitur
588 1621 706 1668 Regius
728 1648 740 1664 ‚
772 1620 840 1669 qui
873 1620 920 1657 ait
941 1620 1013 1657 hoc
1036 1620 1174 1657 dietum

148 1673 220 1712 effe
234 1685 304 1722 per
325 1671 543 1721 Hypallagen.
572 1676 717 1719 Corpora
739 1680 880 1706 mutata
902 1671 938 1705 in
967 1684 1076 1706 novas
1099 1673 1177 1716 for-

147 1738 248 1768 mas,
274 1722 320 1759 fic
344 1722 441 1758 enim
454 1721 523 1768 ipse
535 1733 567 1757 2.
581 1720 687 1757 Trist.
699 1721 735 1756 in
739 1721 846 1766 facies
866 1729 996 1769 corpora
1008 1720 1106 1768 versa
1120 1734 1178 1756 no·-

145 1788 222 1812 vas.
235 1775 358 1821 Quam
373 1771 599 1819 Hypallagen
611 1769 636 1806 fi
647 1768 838 1807 admififfet
849 1770 966 1807 modo
979 1799 989 1814 ,
999 1771 1058 1807 vel
1068 1771 1179 1807 etiam

149 1821 350 1862 advertiffet
362 1822 515 1869 Scaliger
535 1820 804 1869 Hypercritico.
827 1832 860 1863 7.
882 1832 912 1856 c.
934 1833 1011 1858 non
1031 1821 1182 1858 licenter

148 1873 243 1912 adeo
265 1881 372 1921 atque
393 1871 583 1908 infeliciter
605 1871 721 1918 operis
741 1871 845 1919 hujus
867 1871 1084 1919 principium
1099 1899 1110 1915 ,
1133 1871 1181 1907 ob

148 1924 362 1961 brevitatem
373 1933 501 1970 puram
525 1933 565 1957 ac
586 1920 708 1957 scitam
730 1920 915 1957 laudatum
937 1921 1031 1969 prius
1048 1949 1058 1965 ,
1077 1921 1182 1958 locu-

147 1974 258 2011 tionis
270 1972 399 2010 deinde
411 1970 595 2008 inusitatae
604 1969 814 2013 damnasset,
825 1983 944 2019 neque
957 1983 1022 2019 pro
1032 1971 1180 2008 laudato

151 2024 226 2061 hoc
240 2022 365 2060 Ovidii
385 2021 534 2058 disticho
556 2021 657 2057 bono
680 2020 878 2057 obtrufiffet
898 2022 1003 2058 nobis
1014 2021 1180 2069 pentasti-

154 2073 253 2110 chon
266 2072 402 2109 malum
417 2072 454 2107 ὃς
464 2071 567 2106 suum
582 2071 771 2115 (consulto
783 2072 822 2108 &
834 2071 1016 2119 eleganter
1036 2071 1055 2108 a
1069 2075 1180 2119 poeta

153 2122 292 2160 faetum
310 2121 448 2170 judicat
470 2121 555 2157 Ger.
577 2120 721 2157 Voffius
735 2129 796 2165 ,ut
809 2149 819 2165 ‚
832 2122 894 2169 qui
916 2122 961 2157 de
982 2133 1179 2169 corporum

156 2171 395 2210 converfione
426 2168 511 2206 effet
541 2169 721 2214 dieturus,
757 2170 777 2207 a
809 2171 1005 2207 verborum
1028 2182 1183 2208 conver-

157 2220 259 2259 fione
289 2221 560 2269 auspicaretur.)
598 2220 679 2256 Nec
700 2221 834 2257 immiti
862 2232 981 2269 aeque
1012 2221 1181 2265 censura,

157 2271 326 2318 syllabam
357 2284 416 2306 mu
439 2272 610 2307 ‘iteratam
640 2268 798 2314 rosisset‚
835 2282 929 2320 quae
960 2270 1181 2319 compofitio

159 2320 338 2357 veteribus
369 2320 485 2367 po'e'tis
498 2347 509 2363 ‚
534 2320 644 2368 iisque
665 2321 847 2368 majorum
859 2321 1024 2369 gentium
1039 2349 1049 2365 ,
1070 2320 1180 2369 usque

161 2370 256 2407 adeo
267 2381 345 2406 non
367 2368 538 2416 displicuit
550 2396 559 2413 ‚
571 2378 611 2406 ut
632 2371 740 2406 etiam
753 2371 790 2407 in
801 2370 933 2408 deliciis
945 2371 1052 2408 fuerit
1063 2399 1073 2415 ,
1088 2371 1182 2408 obti-

161 2420 352 2468 nueritque
364 2420 456 2455 inter
475 2418 654 2455 schemata
663 2420 787 2456 locum
802 2420 1020 2464 ‚Parecbafis
1041 2433 1182 2458 nuncu-

162 2478 257 2518 pata.
308 2474 354 2504 Et
375 2467 452 2504 illas
467 2496 477 2512 ‚
504 2468 620 2516 inquit
639 2468 737 2505 idem
761 2469 848 2506 Scal.
879 2483 921 2509 (φ
943 2471 1027 2519 quid
1057 2471 1183 2508 aliud?

164 2520 255 2558 Non
271 2518 372 2555 *aliud
394 2517 489 2555 certe
503 2546 513 2562 ‚
535 2529 645 2566 quam
659 2518 703 2554 ab
722 2517 809 2555 irata
829 2520 962 2555 Critica
982 2520 1185 2565 impastum

165 2569 328 2618 sugillum
358 2567 582 2617 supercilioso
625 2567 807 2615 Censori,
852 2569 914 2616 qui
946 2567 1132 2604 causalem
1165 2567 1185 2605 a

166 2619 384 2667 Copulativa
396 2630 472 2655 non
494 2617 704 2654 discreverit.
717 2617 837 2654 Habet
849 2618 944 2654 enim
961 2617 1185 2666 ConJunetio

169 2673 213 2709 (ἑ
243 2670 318 2705 vim
351 2669 605 2716 Einphaticam
626 2668 663 2704 in
685 2668 894 2715 Aetiologia
926 2668 1187 2706 Invocationis.

170 2731 206 2768 q.
228 2719 260 2755 d.
273 2718 336 2754 Dii
359 2719 467 2759 (nam
481 2731 523 2756 cy
544 2719 566 2754 i.
588 2718 697 2753 etiam
713 2746 723 2761 ,
743 2732 804 2754 vos
823 2717 978 2764 mutastis
999 2717 1101 2765 illas)
1134 2717 1189 2767 as-

163 2770 277 2818 pirate
298 2769 411 2816 coeptis
432 2768 521 2804 meis.
545 2767 767 2813 Jamdudum
800 2768 942 2816 explosa
974 2768 1022 2804 est
1043 2768 1087 2805 ab
1108 2780 1189 2805 eru-

170 2818 250 2855 ditis
262 2818 510 2865 Interpretatio
529 2818 573 2853 ab
596 2817 722 2854 ordine
732 2818 794 2854 illo
807 2833 817 2861 ;
834 2825 929 2853 Nam
951 2818 1106 2864 mutastis
1128 2833 1188 2855 vos

171 2879 214 2906 ey
224 2867 309 2903 illas.
322 2869 410 2914 Quo
423 2867 571 2915 quidem
584 2866 699 2903 modo
712 2896 722 2911 ,
734 2868 851 2915 inquit
861 2867 1022 2915 Rapha‘el
1034 2869 1166 2916 Regius
1181 2897 1190 2914 ‚

173 2916 284 2952 sensus
306 2928 349 2952 ex
372 2917 523 2963 eleganti
542 2916 682 2953 insulsus
701 2917 881 2961 redditum
918 2917 1080 2966 peritque
1110 2919 1192 2955 uni-

178 2965 271 3001 versa
290 2966 507 3013 Emphaseos
527 2966 647 3013 gratia.
701 2967 870 3014 Ineptum
892 2968 1016 3015 utique
1038 2968 1133 3004 foret
1154 2969 1192 3005 &

175 3014 430 3062 supervacuum
446 3043 456 3059 ‚
482 3015 627 3063 quando
648 3027 722 3052 vox
743 3017 802 3053 issa
824 3016 900 3056 illas
911 3016 1068 3053 includat
1078 3018 1189 3055 etiam

177 3063 260 3110 ipsas
280 3064 446 3101 Deorum
470 3073 620 3102 mutatas
651 3066 795 3103 formas.
832 3068 1070 3104 FARNABxus.
1105 3069 1191 3116 Hy-

178 3112 333 3166 pallagen
363 3113 430 3150 effe
454 3142 463 3157 ,
498 3114 555 3151 sed
577 3114 689 3151 studio
710 3117 753 3152 ab
773 3116 911 3153 Ovidio
940 3117 975 3154 in
997 3117 1099 3154 initio
1122 3130 1190 3166 pc·-

177 3164 279 3197 1itam
294 3188 304 3204 ,
330 3164 411 3209 quia
431 3164 475 3200 de
498 3164 730 3202 conversione
742 3166 880 3203 aeturus
889 3166 1070 3214 eleganter
1090 3169 1198 3206 etiam

184 3210 379 3296 verTborup}
408 3213 681 3252 conversionem
705 3216 789 3254 fecit
811 3244 822 3262 ‚
849 3216 956 3255 docet
978 3217 1121 3257 Voffius
1140 3219 1200 3260 lib.

263 3273 325 3296 om.
379 3291 386 3298 .

2122 640 2257 676 terent

1228 777 1284 804 1v.
1305 766 1416 805 Instit.
1446 766 1550 803 Orat.
1582 776 1660 814 cap.
1681 764 1744 802 ult.
1770 765 1807 800 in
1828 762 1912 802 fine.
1938 764 1998 802 sed
2019 765 2058 802 ὃς
2079 764 2153 803 fine
2176 767 2262 815 Hy-‘

1224 816 1360 866 pallage
1389 815 1486 853 ree'te
1517 816 1685 863 explicari
1718 812 1856 862 posset,
1894 826 1978 852 cum
2013 822 2137 852 Forma
2157 816 2262 865 saepe

1224 878 1292 914 pro
1325 867 1399 914 ipso
1431 866 1587 902 homine
1617 865 1800 913 capiatur,
1827 864 1874 901 fic
1897 867 2034 912 formas
2068 867 2106 903 δε
2129 866 2263 914 figuras

1225 916 1296 953 dici
1328 916 1522 953 docuimus
1543 915 1590 952 ad
1610 914 1786 963 Quinctil.
1813 915 1920 952 Decl.
1941 928 2000 953 xv.
2014 914 2107 953 2.s1c
2129 916 2263 955 Noster

1228 979 1258 1004 1.
1281 966 1434 1010 Trist.7.

1276 1017 1448 1054 Carmina
1469 1026 1626 1053 mutatas
1647 1013 1826 1053 hominum
1850 1016 1997 1053 dicentia
2010 1019 2160 1064 formas.

1225 1068 1264 1105 &
1290 1080 1303 1104 1
1329 1067 1435 1104 Trist.
1463 1079 1491 1103 r.

1276 1124 1365 1154 Sunt
1376 1131 1505 1167 quoque
1517 1127 1674 1154 mutatae
1687 1126 1738 1154 ter
1761 1117 1909 1166 quinque
1922 1117 2103 1154 volumina
2114 1120 2260 1164 formae

1228 1169 1267 1205 δε
1289 1168 1391 1210 alibi;
1417 1169 1455 1204 &
1487 1168 1535 1204 ita
1557 1170 1695 1214 formae
1726 1167 1889 1210 deorum,
1918 1169 2082 1212 firm-um
2105 1169 2176 1205 δίς.
2198 1182 2266 1218 pro

1228 1217 1306 1266 ipsis
1328 1218 1392 1255 diis
1407 1218 1522 1261 ‚feris
1544 1217 1628 1254 vide
1651 1218 1699 1253 D.
1722 1216 1847 1254 Heins.
1875 1217 1914 1254 δε
1934 1216 2119 1255 Drakenb.
2142 1218 2187 1256 ad
2208 1219 2269 1258 Sil.

1229 1269 1304 1306 Ital.
1329 1281 1389 1305 xv,
1411 1269 1469 1306 86.
1497 1268 1757 1305 BURMANNUS.

1279 1332 1312 1355 2.
1341 1326 1440 1355 Nam
1462 1333 1522 1355 vos
1545 1317 1702 1365 mutastis
1722 1331 1765 1358 (φ
1783 1316 1900 1367 illas.]
1931 1318 2060 1355 Codex
2089 1318 2271 1356 Palatinus

1228 1369 1490 1418 antiquissimus
1504 1398 1514 1414 ‚
1541 1370 1580 1406 ὅ(
1600 1369 1818 1406 veterrimae
1837 1368 1989 1405 schedae
2002 1368 2245 1406 Leodicenses
2258 1398 2272 1414 ‚

1230 1433 1315 1456 nam
1347 1420 1398 1456 Di
1429 1419 1587 1467 mutastis
1611 1448 1621 1463 ,
1658 1417 1837 1457 concinna
1870 1419 1908 1456 &
1929 1417 2103 1464 nervosa,
2130 1419 2155 1456 fi
2182 1420 2272 1468 quid

1230 1471 1341 1507 video
1357 1499 1366 1514 ‚
1402 1471 1632 1519 repetitione.
1671 1482 1793 1519 neque
1825 1469 1924 1506 aliter
1949 1470 1989 1505 in
2012 1471 2156 1518 optimo
2183 1470 2274 1507 Ber-

1230 1522 1453 1568 neggeriano
1486 1522 1526 1556 &
1558 1531 1635 1555 uno
1665 1518 1937 1567 Hamburgenfi
1968 1518 1988 1555 a
2012 1531 2125 1557 manu
2155 1519 2273 1568 prima

1230 1571 1347 1606 fuerat
1369 1577 1568 1606 exaratum.
1598 1579 1687 1606 mox
1702 1598 1713 1614 ‚
1740 1581 1808 1617 pro
1832 1574 1930 1605 Ante
1953 1583 2048 1606 mare
2071 1583 2114 1609 ey
2136 1580 2273 1614 terras,

1231 1632 1322 1657 unus
1354 1619 1546 1656 Mediceus
1571 1647 1581 1664 ,
1619 1620 1800 1657 recentior
1837 1619 1987 1668 quidem
2019 1620 2102 1665 ille,
2138 1620 2197 1657 sed
2226 1632 2271 1657 ex

1232 1670 1369 1714 veteri,
1396 1670 1499 1719 quod
1520 1669 1644 1718 paffim
1666 1671 1881 1717 apparebat,
1919 1669 2111 1717 descriptus
2125 1698 2135 1714 ,
2161 1670 2274 1718 longe

1235 1721 1432 1769 elegantius
1446 1748 1456 1764 ‚
1484 1725 1582 1755 Ante
1604 1734 1700 1756 mare
1722 1719 1874 1758 &tellus
1888 1747 1898 1762 ,
1925 1730 2061 1767 nempe
2083 1730 2176 1756 unus
2199 1728 2275 1757 erat

1235 1771 1364 1807 vultus.
1411 1781 1567 1819 eamque
1596 1768 1805 1818 scripturam
1839 1768 1990 1806 Carolus
2023 1770 2200 1814 Vivianus
2235 1772 2276 1808 in

1236 1820 1532 1869 praestantissimo
1555 1819 1683 1857 codice
1705 1818 1724 1856 a
1747 1819 1781 1856 se
1804 1819 2064 1867 deprehensam
2088 1818 2192 1857 fuiss'e
2222 1820 2276 1867 at}

1236 1872 1383 1908 severat.
1410 1870 1457 1908 fic
1479 1871 1558 1907 Art.
1580 1870 1751 1907 Amator.
1773 1870 1985 1916 lib.11.468.

1291 1928 1431 1972 Unaque
1452 1930 1553 1957 erant
1566 1921 1676 1967 facies
1688 1919 1806 1969 fidera
1821 1949 1832 1966 ,
1858 1931 1951 1957 terra
1966 1948 1976 1966 ‚
1995 1923 2148 1968 fretum.

1236 1972 1370 2009 Fastor.
1380 1972 1438 2009 lib.
1455 1984 1484 2008 1.
1499 1970 1581 2008 106.

1288 2023 1378 2069 Ignis
1392 2051 1402 2066 ,
1429 2035 1538 2071 aquae
1551 2049 1561 2065 ‚
1589 2022 1687 2059 tellus
1701 2051 1711 2068 ,
1733 2036 1822 2059 unus
1844 2035 1986 2058 acervus
2007 2033 2121 2060 erant.

1218 2080 1276 2123 ΙΠῖ
1298 2073 1405 2109 &hic
1427 2072 1576 2108 fortaffis
1597 2086 1687 2109 unus
1708 2084 1807 2110 erant
1830 2073 1951 2109 vttltus
1972 2071 2012 2109 fit
2033 2072 2276 2111 scribendumss

1236 2123 1328 2160 infra
1359 2122 1524 2159 tellurem
1548 2150 1558 2166 ,
1597 2134 1722 2168 mare,
1759 2124 1798 2160 δε
1831 2122 1979 2159 coelum
2010 2135 2089 2160 uno
2124 2136 2274 2174 quoque

1236 2172 1340 2210 versu
1360 2172 1407 2209 est
1429 2172 1666 2220 complexus,
1693 2185 1775 2222 257.

1291 2225 1368 2270 ἔξω
1390 2236 1508 2266 mare,
1536 2236 1600 2273 quo
1623 2223 1720 2261 tellus
1735 2252 1746 2269 ‚
1769 2233 1982 2275 correptaque
2003 2221 2094 2272 regia
2117 2224 2206 2261 coeli.

1291 2273 1438 2309 Ardeat.
1466 2274 1668 2311 Hfimsms.

1238 2329 1298 2359 Vos
1331 2335 1395 2371 pro
1428 2322 1465 2359 di
1497 2332 1623 2360 contra
1645 2325 1801 2363 mutavit
1828 2321 2278 2373 Heinsius.lib.xm.5o7.

1237 2388 1297 2409 vos
1319 2373 1611 2422 mutnst-iseasdem
1633 2375 1781 2424 quidam
1804 2375 1958 2412 codices.
1983 2375 2151 2411 Francius
2173 2376 2275 2412 vole-

1237 2423 1310 2467 bat,
1323 2436 1406 2459 mvn
1419 2437 1478 2459 vos
1490 2424 1646 2470 mutastis
1657 2425 1693 2460 in
1706 2425 1843 2469 illa,vel
1856 2436 2004 2473 namque
2017 2423 2080 2460 has
2093 2438 2139 2461 m.
2152 2425 2189 2460 in
2198 2425 2274 2463 illa.

1291 2485 1324 2522 3.
1353 2474 1538 2523 Primaque
1570 2474 1613 2510 ab
1636 2475 1745 2523 orgine
1768 2473 1930 2523 mundi.]
1970 2473 2025 2510 Sic
2055 2475 2093 2511 &
2120 2474 2223 2512 alibi:

1292 2529 1409 2557 Pauca
1423 2550 1434 2565 ,
1462 2524 1582 2571 quibus
1599 2524 1718 2570 primd
1731 2525 1873 2572 surgens
1895 2523 1938 2560 ab
1953 2523 2078 2571 origine
2101 2525 2227 2562 mundi

1344 2577 1386 2606 In
1408 2581 1470 2608 tua
1493 2572 1620 2608 deduxi
1643 2583 1792 2623 tempora
1815 2575 1943 2623 Caesar
1965 2582 2052 2622 opus.

1242 2620 1412 2669 Virgilius
1432 2621 1490 2658 lib.
1507 2635 1520 2659 1
1531 2622 1709 2671 1.Georg.

1297 2691 1376 2721 Non
1397 2685 1480 2722 alios
1498 2685 1613 2735 prima
1635 2685 1806 2734 crescentis
1828 2686 1953 2735 origine
1981 2687 2107 2724 mundi

1297 2735 1444 2784 Illuxiſje
1466 2737 1534 2773 dies
1548 2764 1557 2780 ‚
1583 2735 1739 2774 aliumve
1761 2737 1907 2786 habuiffi’
1929 2749 2077 2775 tenorem
2152 2735 2153 2738 ¹

1295 2786 1520 2824 Crediderim.

1245 2844 1436 2885 Lucretius
1453 2849 1511 2886 lib.
1540 2863 1601 2888 111.

1299 2910 1457 2958 Imploxis
1479 2910 1543 2946 ita*
1546 2913 1721 2962 principiis
1742 2914 1786 2950 ab
1808 2916 1934 2964 origine
1951 2917 2068 2966 prima
2097 2924 2101 2928 ’

1300 2965 1394 2995 Inter
1405 2961 1442 3008 se
1457 2960 1554 3008 fiunt
1574 2964 1718 3012 consorti
1738 2967 1898 3014 praedita
1923 2969 2013 3003 vita.

1244 3021 1292 3059 Et
1322 3035 1358 3060 v.

1296 3073 1359 3109 Sed
1375 3076 1507 3123 pariter
1522 3077 1640 3126 prima
1663 3089 1815 3129 concepta
1839 3080 1882 3116 ab
1905 3080 2027 3127 origine
2052 3077 2184 3115 mundi.

1246 3121 1386 3160 Ibidem
1401 3141 1411 3161 .-

1305 3179 1425 3224 Atque
1445 3176 1497 3212 ita
1520 3191 1569 3213 res
1591 3180 1715 3216 mundi
1738 3180 1876 3216 cecidere
1898 3178 1941 3215 ab
1963 3178 2085 3226 origine
2099 3177 2228 3227 prima.

1253 3223 1456 3273 Propertius
1474 3227 1533 3267 lib.
1556 3241 1618 3265 111.
1989 3237 1991 3239 ’

1622 3277 1649 3313 Β
2182 3284 2285 3317 Nunc
