2483 3616
362 140 1917 241 METAMORPHOSEONLmffl.

2110 191 2210 251 ‚663

371 292 500 364 Spes
525 302 703 342 tamen
727 285 1007 341 obscaenas
1033 288 1210 343 animo
1235 291 1522 347 demittere
1542 310 1652 348 non
1677 292 1752 347 est

371 360 627 418 Ausa'suo
651 360 884 431 vigilans.
922 360 1128 432 placida
1152 363 1379 418 resoluta
1403 366 1585 437 quiete

367 435 533 503 Saepe
556 432 731 496 videt,
769 432 917 504 quod
945 447 1098 487 amat.
1137 435 1240 488 visa
1263 436 1338 489 est
1363 453 1582 509 quoque
1602 437 1827 511 jungere
1851 440 1998 496 fratri

216 526 324 579 470
361 506 605 576 Corpu53
650 504 703 557 ἃ
737 505 976 567 erubuit,
1014 507 1253 578 quamvis
1283 508 1449 579 sopita
1468 509 1690 578 jacebat.

364 577 594 631 Somnus
617 576 750 630 abit:
789 577 898 632 filet
923 578 1008 632 illa
1030 578 1157 641 diu;
1198 582 1501 652 repetitque
1524 583 1718 654 quietis

364 650 473 722 Ipsa
502 650 620 704 suae
647 650 907 720 lpeciem3
951 650 1219 724 dubiaque
1242 654 1314 706 ita
1337 668 1518 707 mente
1549 655 1819 725 profatur:

365 723 466 777 Me
492 723 758 776 miseram!
799 724 988 777 tacitae
1013 724 1145 795 quid
1170 726 1281 778 vult
1308 724 1400 779 fibi
1423 727 1592 780 noetis
1615 723 1833 799 imago?

360 796 540 868 Quam
564 796 728 849 nolim
751 809 861 848 rata
885 795 974 857 fit,
1013 813 1108 849 cur
1134 795 1266 850 haec
1289 815 1392 869 ego
1417 798 1617 853 somnia
1642 801 1786 855 vidi?

216 888 322 939 475
363 870 452 922 llle
478 868 698 940 quidem
724 868 799 921 est
820 868 987 921 oculis
1008 870 1248 940 quamvis
1271 869 1532 925 formosus
1557 872 1778 945 iniquis:

365 941 437 995 Et
463 947 634 1012 placet
652 979 665 1002 ‚
710 939 766 992 δε
789 939 1023 1010 polium,
1063 939 1099 992 fi
1123 957 1232 994 non
1258 941 1319 995 fit
1345 944 1539 1009 frater,
1578 962 1781 1000 amare:

369 1014 441 1068 Et
468 1032 554 1067 me
584 1014 774 1085 dignus
800 1025 928 1065 erat.
967 1029 1158 1066 verum
1183 1027 1342 1068 nocet
1370 1015 1474 1070 effe
1499 1016 1753 1072 sororem.

359 1085 679 1142 Dummodo
707 1085 809 1138 tale
835 1084 964 1138 nihil
985 1085 1205 1155 vigilans
1240 1090 1582 1142 committere
1608 1103 1847 1153 tentem;

360 1160 526 1229 Saepe
551 1159 675 1211 licet
703 1156 852 1210 simili
877 1157 1060 1211 redeat
1088 1157 1178 1210 sub
1202 1158 1431 1230 imagine
1458 1161 1685 1216 somnus,

212 1231 323 1301 480
360 1231 535 1285 Testis
561 1229 703 1282 abest
725 1229 941 1290 somno;
986 1247 1085 1284 nec
1110 1229 1251 1283 abest
1273 1233 1476 1285 imitata
1499 1234 1756 1305 voluptas,

363 1304 471 1359 Pro
499 1301 715 1363 Venus,
759 1301 813 1354 δε
840 1304 1023 1355 tenerit
1046 1304 1266 1356 volucer
1289 1322 1412 1358 cum
1437 1320 1605 1359 matre
1633 1307 1887 1377 Cupide,

361 1375 576 1431 Gaudia
600 1387 796 1446 quanta
818 1374 938 1427 tuli!
981 1392 1141 1445 quam
1165 1392 1251 1428 me
1274 1376 1546 1430 manifesta
1570 1378 1738 1432 libido

357 1449 633 1518 Contigit!
673 1460 732 1500 ut
754 1446 892 1516 jacui
919 1448 1044 1500 totis
1069 1448 1295 1502 resoluta
1319 1449 1595 1503 medullis!

359 1521 437 1575 Ut
466 1518 759 1575 meminiffe
779 1518 949 1588 juvat!
993 1520 1231 1593 quamvis
1263 1521 1436 1575 brevis
1461 1522 1545 1575 illa
1571 1524 1844 1596 voluptas3

203 1595 316 1665 485
355 1594 589 1666 Noxque
617 1592 717 1645 fuit
742 1609 1021 1662 praecepS,
1063 1593 1116 1646 &
1144 1594 1350 1665 coeptis
1374 1593 1552 1648 invida
1576 1596 1778 1651 nostris.

364 1666 416 1723 O
440 1684 573 1738 ego,
610 1665 649 1719 fi
673 1665 828 1719 liceat
853 1678 1061 1720 mutato
1084 1665 1304 1721 nomine
1324 1666 1474 1739 jungi
1492 1709 1507 1733 ,

2026 1793 2208 1867 'Quam

63 1929 212 1979 aerfecz't.
263 1931 377 1970 Porro
390 1942 456 1979 pro
473 1928 663 1980 praestanti
682 1937 810 1979 corpore
831 1928 1032 1979 nympham
1045 1940 1112 1967 eo·
1157 1929 1225 1979 sub
1255 1930 1320 1981 ipfia
1353 1930 1524 1970 Gronov.
1558 1930 1597 1969 ὃς
1627 1929 1711 1978 Jun.
1749 1930 1788 1969 Sc
1809 1928 1943 1969 deinde
1965 1929 2097 1978 aestuat
2124 1931 2213 1980 ignis

62 1982 154 2019 dem
178 1982 354 2030 Spirenfi‚
381 1982 541 2028 Florem.
579 1982 612 2019 S.
636 1982 754 2018 Marci
778 2009 789 2025 ,
817 1981 968 2018 Thuan.
992 1981 1112 2029 Neap.

65 2032 202 2068 *Urbim
221 2032 395 2080 Bernegg.
419 2033 527 2080 prim.
548 2033 684 2070 Erfurt.
702 2032 810 2080 prim.
834 2032 989 2075 Moreti,
1003 2032 1112 2078 prim.

65 2081 178 2119 Palat.
212 2081 280 2118 fec.
310 2082 447 2119 Medic.
474 2084 625 2132 aliisque
651 2083 836 2119 nonnullis
859 2110 869 2124 ,
900 2081 1112 2130 praestantia

64 2140 204 2179 corpora
217 2131 352 2178 forma.
375 2132 561 2180 praestanti
581 2141 708 2181 corpore
727 2132 879 2181 nympha
900 2134 1007 2180 prim.
1035 2132 1114 2169 Va-

67 2182 179 2219 tican.
201 2183 238 2218 ἃ
259 2182 435 2232 Sixianus.
452 2183 589 2226 formae
609 2195 701 2221 unus
726 2184 868 2220 Medic.
889 2183 970 2231 lege
987 2210 996 2225 ‚
1010 2191 1111 2232 prae-

61 2231 174 2279 stanti
195 2241 326 2280 corpora
338 2233 459 2278 forma
474 2260 484 2275 ‚
512 2241 552 2271 ut
581 2245 648 2281 pro
675 2233 812 2271 diversa
841 2233 1002 2271 lechone
1022 2233 1110 2270 Ber-

67 2283 321 2330 neggerianus.
349 2282 433 2324 vel,
455 2283 660 2331 praestantis
672 2286 820 2330 formae.
834 2284 892 2321 vel
906 2312 916 2328 ‚
930 2283 1110 2332 praestan-

0 2370 1 2376 ,
45 2331 121 2371 wia
143 2341 276 2381 corpora
288 2334 439 2380 formae.
473 2342 514 2371 ut
535 2334 709 2382 praestans
728 2334 842 2371 animi
860 2334 957 2383 apud
979 2334 1111 2383 virgil.

70 2381 412 2491 Hizbiing‘sangat]
441 2431 575 2481 Jungit
587 2460 598 2477 ,
625 2434 664 2471 &
682 2446 773 2470 mox
786 2460 796 2477 ,
809 2433 1004 2471 circumdat
1014 2446 1110 2472 non-

67 2483 208 2583 muiilgp.
237 2534 499 2583 Mendaciqae]
515 2533 762 2582 Mendacisque
781 2532 927 2578 Junian.
948 2533 987 2568 &
1008 2534 1110 2570 alius.

119 2588 203 2634 460.
230 2585 412 2622 Paulatim
434 2585 584 2622 declinat
598 2583 734 2632 amma]
765 2582 944 2630 Saccrescit
962 2583 1111 2633 Politia-

67 2648 138 2676 nus
162 2648 206 2674 ex
238 2636 353 2672 veteri
386 2636 527 2673 codice.
558 2637 595 2673 ὅ(
626 2635 675 2672 fic
693 2634 831 2682 primus
855 2634 1044 2672 Gronovii
1071 2634 1111 2671 δί

65 2693 139 2727 :tres
155 2687 227 2725 alii.
251 2686 311 2724 sed
332 2686 439 2723 male.
468 2686 643 2724 Horatius
662 2697 691 2723 1.
711 2683 786 2722 Od.
806 2695 866 2733 33.

122 2792 220 2801 ...-.
248 2763 364 2812 Lydus
381 2762 419 2798 in
439 2763 592 2812 asperam

123 2815 288 2852 Declinat
308 2813 467 2851 Pholoen.

71 2890 142 2931 Pro
164 2898 263 2929 amat
280 2889 461 2927 Pholoen.
492 2890 696 2939 Spartianus
718 2889 826 2928 initio
844 2887 941 2925 vitae
952 2885 1109 2924 Hadria—

75 2943 136 2980 fii:
167 2939 323 2977 imbutus
343 2939 520 2989 impensius
549 2941 687 2978 Graecis
711 2939 858 2987 stadiis,
885 2938 1016 2984 ingenio
1039 2938 1111 2984 ejus

71 2991 118 3041 sic
135 2992 181 3029 ad
199 3005 238 3028 ea
256 2989 469 3034 declinante,
497 3001 536 3027 ut
563 2990 588 3028 a
604 2991 783 3028 nonnullis·
810 2989 996 3026 Graeculus
1023 2987 1112 3025 dice·-

76 3051 180 3080 retur.
207 3043 349 3079 Herus.
377 3041 529 3077 Succedit
554 3054 646 3079 unus
665 3041 820 3078 Heinsii.

127 3093 209 3142 463.
237 3091 452 3139 Nullamque
467 3091 526 3137 sub
547 3092 605 3128 illo
634 3093 810 3140 lgnefacit
830 3088 984 3138 votum]
1000 3090 1109 3126 Non-

79 3142 167 3181 dum
196 3153 300 3179 arnor
335 3149 410 3178 tam
444 3153 594 3188 magnus
625 3152 721 3186 erat,
749 3144 890 3192 inquit,
919 3147 959 3177 ut
989 3139 1108 3188 Byblis

77 3201 266 3240 propterea
286 3201 417 3229 votum
439 3191 652 3239 susciperet,
680 3192 780 3240 quod
801 3197 1041 3233 vehementer
1068 3204 1107 3229 a-

79 3251 218 3279 mantes
245 3243 363 3279 facere
393 3241 607 3279 consuerant
629 3269 638 3283 ‚
674 3251 714 3278 ut
739 3243 942 3289 potirentur
970 3252 1109 3282 amato.

80 3293 334 3341 §Lam-:auus
361 3291 427 3329 Sub
447 3292 506 3330 illo
526 3292 601 3342 igne
607 3290 687 3339 fait
708 3300 831 3329 votum
857 3294 998 3334 Medic..
1016 3302 1111 3331 unus

131 3347 223 3381 Tam.
251 3347 297 3381 ΙΙ,

1167 1981 1256 2019 duo.
1773 1999 1776 2002 >

1216 2033 1299 2079 466.
1328 2031 1520 2082 Mavult.]
1561 2032 1688 2069 Mallet
1717 2033 1888 2070 Gronov.
1913 2032 2086 2070 Heinsius
2104 2031 2210 2069 malit

1164 2082 1321 2131 legebat.

1218 2137 1301 2180 467.
1330 2133 1566 2183 Dimittere.]
1622 2133 1814 2171 Demittere
1853 2140 1994 2170 veteres
2032 2133 2209 2181 pleriquess

1167 2184 1382 2222 HE1NSIUS.
1435 2185 1638 2222 permittere
1674 2196 1768 2222 unus
1804 2182 1963 2220 Heinfii.
1991 2185 2102 2220 etiam
2130 2194 2210 2220 non

1167 2235 1276 2273 male.
2147 2230 2152 2239 ’

1214 2299 1300 2332 470.
1326 2286 1518 2337 flueren]
1571 2285 1798 2324 Vetustiores
1819 2311 1831 2329 ‚
1877 2282 2027 2332 jacebat.
2074 2283 2209 2330 Hem-J

1165 2350 1264 2376 stus.

1215 2400 1300 2434 472.
1328 2395 1384 2425 Ita
1404 2387 1558 2437 menta]
1588 2393 1643 2424 Ita
1661 2398 1741 2422 voce
1757 2383 1895 2424 Medic,
1916 2385 1956 2422 δε
1983 2384 2059 2424 duo
2084 2383 2156 2423 alii.
2168 2382 2208 2421 in

1166 2448 1281 2475 mente
1302 2447 1384 2476 tres.

1217 2489 1301 2533 476.
1329 2494 1376 2523 Et
1388 2486 1558 2536 possim}
1581 2487 1714 2534 Poffam
1743 2497 1827 2524 cum
1855 2484 2012 2533 scriptis,
2040 2492 2082 2523 ut
2103 2483 2213 2532 supe-⁴

1165 2539 1319 2624 {loribus
1349 2539 1442 2574 haec
1470 2536 1724 2585 respondeant.
1759 2536 1826 2574 nifi
1856 2537 1994 2580 mavis,
2028 2545 2069 2572 ut
2082 2534 2212 2584 poffim.

1211 2599 1308 2625 eins.
1331 2601 1333 2605 ¹
1598 2619 1605 2624 .

1214 2650 1298 2685 477.
1326 2643 1431 2674 Nocet
1449 2637 1506 2686 effe
1515 2636 1703 2686 sororem]
1731 2636 1841 2674 sorori
1861 2637 1956 2674 forte
1975 2635 2208 2674 scribendum

1165 2688 1236 2726 esse
1260 2689 1305 2726 ad
1333 2689 1500 2736 Elegiam
1521 2688 1566 2726 de
1591 2688 1699 2725 Nuce
1720 2688 1863 2724 monui.
1893 2687 2006 2724 IDEM.

1215 2739 1299 2784 478.
1327 2737 1588 2788 ammittere]
1616 2737 1820 2774 Admittere
1841 2750 1933 2775 unus
1954 2737 2056 2774 Bafil.
2075 2736 2208 2775 eadem

1164 2792 1318 2828 varietas
1357 2790 1425 2828 inf.
1460 2790 1546 2837 625.
1588 2788 1650 2826 ubi
1680 2786 1845 2837 admififfe
1881 2788 2045 2826 Vofflan.
2084 2789 2122 2825 ἃ
2159 2789 2208 2824 ita

1165 2841 1262 2878 alibi.

1215 2891 1301 2937 480.
1329 2890 1477 2927 Imitata
1505 2888 1709 2939 voluptas.]
1741 2888 1907 2925 Voluntas
1925 2888 2084 2938 plurimi.
2101 2888 2207 2930 teme&

1164 2952 1245 2978 rata
1265 2941 1424 2990 volupias
1444 2939 1741 2989 Medic.privata
1760 2940 1860 2977 alius.

1216 3007 1300 3053 48¹·
1329 3005 1497 3054 Tenera.]
1529 3006 1648 3043 Nivea
1666 3017 1758 3044 unus
1777 3004 1938 3041 Moreti:
1966 3000 2062 3040 unde
2084 2998 2203 3036 Heia*

1163 3055 1232 3097 fius
1252 3057 1430 3102 faciebat,
1458 3056 1603 3093 Gnidia.

1215 3121 1298 3167 482.
1327 3123 1449 3169 Qum
1467 3121 1553 3169 ma}
1585 3119 1679 3156 Mihi
1702 3130 1809 3167 qaam
1830 3115 1936 3153 Leid.

1214 3182 1302 3229 483.
1330 3183 1461 3231 Totis.]
1492 3181 1605 3218 Taffiis
1623 3192 1716 3217 unus
1738 3177 1877 3217 Medic.

1217 3246 1302 3293 485.
1328 3245 1455 3295 faia]
1483 3243 1584 3292 Fugit
1613 3243 1701 3310 duo.

1618 3342 1748 3389 pppp
1980 3336 2066 3387 487,
2090 3337 2213 3388 &aava
