2483 3616
217 147 325 218 ,516

687 140 750 197 P.
824 131 1240 197 OVIDII
1307 131 1843 191 *NASONIS

520 239 667 299 Mira
691 241 903 316 loquor.
942 255 1052 293 non
1077 236 1160 289 illa
1185 250 1369 305 caneS,
1402 235 1697 309 avidaeque
1725 239 1998 304 volucres„

379 329 484 383 550
521 314 649 375 Non
676 316 794 371 cani
819 313 1047 383 tetigere
1074 307 1208 380 lupi:
1251 306 1443 379 dilapsa
1468 309 1794 381 liquescunt;

523 387 855 460 Adflatuque
880 395 1111 444 nocent3
1155 380 1207 434 δε
1236 395 1398 450 agunt
1424 382 1671 452 contagia
1695 385 1816 440 late.

522 461 774 516 Pervenit
802 458 869 513 ad
895 457 1110 512 miseros
1135 453 1333 506 damno
1358 454 1601 524 graviore
1623 457 1847 511 colonos

520 533 712 597 Pestis,
752 532 805 586 &
831 532 885 585 in
911 546 1130 600 magnae
1156 524 1463 579 dominatur
1489 527 1769 583 moenibus
1797 530 1955 585 urbis.

521 606 744 662 Viscera
770 619 1041 659 torrentur
1071 600 1269 671 primo:
1312 597 1667 669 flammaeque
1692 600 1903 656 latentis

381 698 480 751 545
517 678 780 734 Indicium
809 677 972 732 rubor
1000 674 1099 737 est⁹
1139 674 1189 728 δέ
1220 670 1408 725 duetus
1432 671 1692 725 anhelitus
1721 674 1896 745 aegre.

417 737 430 747 ἰ
519 753 717 824 Aspera
744 752 919 820 lingua
947 762 1147 808 tumet;
1188 744 1516 817 trepidisque
1547 747 1747 800 arentia
1777 747 1924 801 venis

525 824 636 878 Ora
660 837 871 896 patent:
915 838 1178 892 auraeque
1209 836 1391 889 graves
1417 831 1697 889 captantur
1724 819 1888 874 hiatu,

525 898 652 952 Non
678 895 919 957 stratum,
959 911 1068 947 non
1094 893 1195 946 ulla
1220 893 1327 963 pati
1357 892 1614 945 velamina
1637 891 1877 963 possunt:

528 971 679 1024 Dura
703 968 794 1022 sed
819 969 871 1022 in
898 971 1037 1022 terra
1063 980 1271 1038 ponunt
1299 964 1636 1037 praecordia:
1677 983 1779 1020 nec
1803 965 1865 1019 fit

381 1045 483 1111 560
517 1043 730 1114 Corpus
754 1042 920 1096 humo
947 1040 1212 1112 gelidum,
1249 1037 1340 1092 sed
1367 1039 1558 1092 humus
1585 1038 1656 1092 de
1684 1056 1914 1111 corpore
1938 1039 2128 1098 fervet.

524 1117 642 1170 Nec
668 1114 978 1168 moderator
1009 1112 1180 1168 adest:
1222 1111 1384 1183 inque
1411 1111 1548 1182 ipsos
1578 1112 1725 1165 saeva
1750 1112 2029 1170 medentes

526 1188 778 1260 Erumpit
804 1188 1009 1250 clades;
1051 1184 1350 1258 obsuntque
1374 1184 1674 1240 au&oi·ibus
1699 1199 1852 1240 artes,

241 1405 382 1432 emus.
409 1389 581 1440 Agr-isque
592 1388 748 1440 jugisque
772 1389 847 1427 duo
866 1389 1041 1428 Medicei.
1068 1389 1283 1427 Hssmsxus.

2249 1261 2378 1337 Quo

1564 1385 1661 1436 laffits
1681 1388 1799 1437 quatit
1818 1400 1915 1438 aeger
1933 1388 2110 1428 anhelitus
2129 1400 2240 1428 artus.

238 1444 432 1494 Antrisque
453 1442 586 1497 viisque
617 1442 809 1478 Mediceus
837 1453 939 1478 uuus.
966 1440 1129 1489 arvisque
1153 1440 1285 1491 viisque
1338 1438 1469 1477 Statius
1488 1438 1612 1476 Theb.
1640 1451 1709 1476 vu.

243 1496 416 1533 Gronov.
443 1492 644 1543 fluviisque,
665 1492 834 1540 agrisque,
854 1491 988 1542 viisque
1014 1504 1106 1529 unus
1127 1491 1283 1528 Heinsii.

291 1546 373 1594 548.
403 1544 581 1581 Vitiantur
601 1543 757 1579 odoribus
774 1556 890 1579 aurae.
907 1543 920 1592 ]
964 1544 1013 1580 Ita
1037 1550 1177 1579 veteres
1193 1542 1284 1580 libri.

242 1597 407 1646 Quidam
430 1595 570 1632 malunt
597 1592 736 1630 Herbae.
764 1593 1070 1642 quosaudiendos
1090 1605 1167 1630 non
1178 1602 1287 1641 puto,

242 1659 326 1684 cum
362 1647 506 1684 nullum
541 1646 710 1692 scriptum
742 1645 875 1682 librum
900 1644 1057 1682 habeant
1083 1644 1288 1681 autfiorem.

241 1698 446 1734 Cxofmus
514 1695 645 1732 Herbae
678 1704 803 1733 tamen
841 1695 889 1733 est
928 1696 966 1733 iu
1001 1707 1077 1732 uuo
1113 1695 1290 1740 Thuani,

247 1749 495 1796 Neapolitano
522 1748 564 1784 δε
599 1746 760 1784 secundo
783 1747 976 1784 Mediceo.
1013 1746 1087 1784 vid.
1112 1745 1174 1784 lib.
1204 1759 1291 1787 111.

244 1809 264 1847 7
296 1861 378 1897 549.
409 1849 504 1885 Mira
527 1847 670 1896 loquar:
700 1861 767 1884 non
788 1847 850 1885 illa
871 1860 992 1892 canes,
1021 1847 1291 1898 avidaequevo-

242 1899 373 1944 lucres,
406 1906 482 1936 Non
510 1899 587 1935 cani
607 1898 741 1945 tetigere
760 1898 868 1948 luni]
900 1899 1192 1948 Talequippiam
1206 1913 1287 1937 nar-

243 1961 298 1989 rat
322 1951 447 1988 Livius
469 1950 530 1987 lib.
554 1961 631 1985 xm.
661 1950 848 1986 Cadavera
868 1951 1002 1986 intarta
1026 1948 1050 1986 a
1080 1951 1221 1987 canibus
1248 1964 1289 1988 ac

243 2001 449 2038 vulturibus
470 2007 562 2037 tabes
585 1999 796 2042 absumebat.
810 2002 976 2038 ΓῙΟΈΑΝ.
1006 2006 1137 2051 Loquor
1157 2002 1290 2039 melio-

242 2063 309 2090 res.
350 2054 550 2089 HfiiNxxus.
603 2050 690 2089 Vid.
729 2052 774 2090 ad
813 2051 921 2102 Epist.
954 2063 1032 2089 xxv.
1060 2064 1119 2100 45.
1164 2054 1203 2090 &
1230 2065 1292 2092 vx.

249 2103 436 2141 Fast.612.

299 2165 381 2200 550.
411 2160 492 2190 Non
521 2152 637 2204 cani]
671 2152 795 2194 ,Avidi
816 2165 908 2192 unus
938 2153 1143 2192 Mediceus.
1172 2155 1292 2201 forte,

249 2205 353 2241 Ravi.
384 2205 595 2241 Hfimsius.

299 2266 382 2304 553.
413 2262 451 2292 In
481 2254 663 2305 magnae]
721 2255 863 2304 Magnis
894 2255 1064 2294 Menard.
1099 2257 1137 2294 &
1161 2257 1294 2295 Voffii.

247 2307 365 2344 male:
395 2320 522 2354 magna
552 2306 632 2343 urbs
659 2306 706 2344 est
739 2307 981 2356 metropolis,
1007 2316 1115 2356 caput
1136 2308 1293 2354 insulae,

247 2357 324 2395 vid.
344 2357 403 2394 lib.
427 2370 486 2394 vt.
505 2369 581 2403 147.
614 2359 650 2395 &
666 2370 815 2406 x1.137.

302 2421 381 2455 554.
411 2409 539 2454 Viscera
561 2419 737 2448 torrentur
754 2408 867 2457 primo
883 2438 892 2453 ‚
919 2408 1151 2461 flammaeque
1181 2409 1294 2447 laten-

252 2456 336 2505 m]
366 2459 499 2505 Regius
523 2459 630 2506 legit,
653 2459 879 2510 flammisque
899 2461 1077 2509 fatiscunt.
1111 2462 1295 2510 Atqueita

252 2507 331 2543 libri
354 2519 482 2545 omues
507 2519 656 2547 veteres.
684 2513 794 2558 Quae
817 2510 928 2548 lectio
950 2524 1061 2560 quare
1084 2511 1128 2548 ab
1147 2513 1222 2550 aliis
1240 2523 1296 2549 re-

251 2557 349 2605 36813
368 2557 429 2601 fit,
457 2571 533 2596 non
554 2559 636 2596 sane
656 2561 775 2598 video.
831 2561 935 2599 Silius
956 2563 1057 2600 enim
1082 2574 1165 2600 eam
1190 2574 1296 2601 com-

253 2607 394 2657 probat.
421 2609 520 2657 cujus
542 2609 632 2647 haec
650 2611 729 2649 suut
753 2612 813 2648 lib.
838 2625 881 2649 11.
905 2625 989 2661 315.

899 2677 984 2700 num
1005 2664 1162 2709 gentibus
1176 2663 1247 2712 istis

310 2708 476 2743 Mortales
494 2710 632 2748 animi?
660 2714 828 2755 autferro
843 2709 1273 2765 flammaquefatiscunt?

257 2757 432 2807 Virgilius
464 2772 614 2807 quoque
644 2761 777 2797 eodem
811 2765 922 2800 utitur
939 2768 1054 2802 verbo
1073 2768 1133 2804 lib.
1160 2780 1188 2804 1.
1223 2767 1299 2804 Ae—

258 2809 356 2846 neid.
384 2821 462 2858 123.
501 2810 672 2857 Rimisque
688 2813 868 2856 fatiscunt.
897 2814 1117 2854 (λοι-11111115.
1167 2818 1299 2866 Viscera

258 2859 449 2908 torpescunt
474 2861 602 2906 fragm.
627 2861 787 2898 Boxbor.

312 2924 395 2959 555.
426 2911 597 2947 Indicium
616 2910 718 2947 rubor
737 2912 817 2959 est.]
849 2915 1040 2952 Lucretius
1061 2916 1120 2953 lib.
1136 2929 1172 2954 v,

311 2965 360 2997 Et
370 2959 479 3008 simul
498 2961 664 2998 ulceribus
684 2961 782 3012 quast
801 2963 919 3011 inustis
940 2978 1037 3000 omne
1057 2965 1175 3003 rubere

312 3017 450 3060 Corpus.
504 3012 672 3050 CwFAN.

313 3075 397 3111 555.
424 3068 470 3099 Et
487 3063 610 3099 (lucius
627 3064 803 3101 anhelitus
820 3063 929 3112 igni]
970 3071 1047 3112 Igne
1069 3066 1215 3112 plurimi
1237 3079 1303 3104 ve-

259 3119 352 3151 teres
366 3141 377 3159 ,
400 3126 495 3162 quos
515 3116 746 3152 iuterOmu.
762 3118 864 3162 prim.
879 3116 1049 3153 Gronov.
1064 3118 1168 3164 prim.
1182 3118 1302 3155 Ham·

262 3163 456 3212 burgensis.
483 3166 549 3202 oris
577 3179 681 3211 prun.
705 3167 844 3204 Moret.
875 3167 1051 3204 Arondel.
1075 3168 1112 3204 &
1134 3168 1191 3205 alii
1213 3181 1302 3218 qua-

257 3220 353 3251 tuor.
379 3225 537 3265 quatuor
559 3217 687 3255 itidem
703 3246 714 3262 ‚
740 3232 804 3255 ore.
833 3217 1052 3266 Legendurn
1068 3218 1219 3257 arbitror
1233 3247 1244 3265 ‚
1258 3231 1302 3261 ω’

261 3262 382 3302 ‘luctus
412 3266 587 3306 anhelitus
611 3282 720 3318 aegro,
772 3269 929 3319 Virgilio
958 3281 1012 3308 xx.
1040 3268 1122 3316 814.

1390 1495 1435 1525 Et
1448 1490 1529 1538 jam
1548 1500 1736 1540 utrumque
1757 1490 1854 1528 labor
1863 1491 2080 1542 suspiriaque
2096 1505 2198 1543 aegra
2210 1493 2383 1545 fatigant.'

1344 1540 1433 1579 lbid.

1453 1590 1607 1629 Flatibus
1626 1593 1772 1629 alternis
1789 1607 1952 1643 aegroque
1969 1593 2106 1642 effoetus
2124 1594 2238 1635 hiatu.

1346 1642 1596 1682 Terentianus
1619 1644 1771 1682 Maurus
1792 1646 1837 1682 de
1851 1645 1980 1683 Mettis
1994 1673 2004 1689 ,

1400 1699 1523 1730 Genua
1543 1707 1620 1730 cum
1640 1694 1765 1732 labant
1792 1696 1935 1733 Daretis
1948 1725 1961 1742 ,
1987 1710 2083 1745 aeger
2104 1698 2147 1747 est
2164 1698 2354 1740 anhelitus.

1348 1744 1517 1783 Alcimus
1540 1745 1671 1782 Avitus
1693 1746 1753 1783 lib.
1772 1759 1807 1784 v.

1401 1802 1523 1846 Atque
1541 1797 1738 1846 repercuſjus
1754 1808 1910 1836 vexatur
1926 1798 2105 1837 anhelitus
2124 1814 2231 1851 aeger.

1346 1847 1460 1897 Apud
1482 1846 1640 1885 Perfium
1662 1849 1787 1898 Satyra
1808 1862 1871 1887 111.
2010 1900 2017 1907 ⁶

1925 1914 2033 1949 aegris

1447 1948 1617 1986 Faucibus
1639 1951 1815 1999 exsuperat
1835 1949 1980 1988 halitus.

1346 2000 1422 2039 Ubi
1443 2013 1509 2050 pro
1528 2002 1704 2050 exsuperat
1727 2002 1953 2039 Theodorus
1975 2001 2161 2041 Marcilius
2179 2005 2393 2054 reponebatfi

1349 2053 1522 2101 Exspirat.
1552 2053 1717 2090 Lucilius
1737 2053 1832 2100 apud
1855 2053 2025 2090 Nonium
2047 2056 2084 2090 in
2108 2059 2304 2105 Deponere:

1402 2104 1589 2152 Exspirans
1607 2104 1768 2140 animam
1786 2103 2006 2152 pulmonibus
2032 2118 2127 2152 aeger
2143 2107 2274 2155 agebat.

1351 2155 1409 2192 Sic
1436 2168 1531 2204 aegre
1562 2155 1733 2204 respirare.
1764 2155 1969 2193 HEINsius.
2025 2155 2145 2193 Barth.
2167 2161 2210 2195 ad
2232 2160 2319 2197 Stat.
2340 2171 2395 2199 ιν.

1351 2206 1472 2243 Theb.
1496 2207 1579 2255 756.
1600 2207 1708 2255 legit,
1748 2218 1790 2245 (φ
1821 2206 1929 2242 durus
1955 2205 2157 2246 anhelitus.-
2185 2210 2257 2259 igni
2278 2212 2394 2262 aspera

1349 2257 1469 2307 lingua
1490 2268 1602 2294 tumet
1621 2257 1842 2307 trepidisque,
1863 2270 1936 2296 (fc,

1407 2310 1489 2358 556.
1520 2309 1714 2359 Tepidisque
1734 2309 1872 2345 arentia
1895 2308 2050 2359 ventis.]
2084 2311 2395 2362 Trepidisqueven-

1351 2359 1396 2397 tis
1417 2361 1522 2409 prim.
1546 2361 1714 2398 vatican.
1738 2361 1845 2407 prim.
1868 2359 1969 2398 Bafil.
1991 2361 2059 2398 sec.
2079 2362 2220 2400 Medic.
2238 2369 2271 2401 ὥς
2301 2365 2396 2402 Nea-

1351 2411 1426 2459 pol.
1454 2411 1519 2448 nifi
1542 2410 1645 2460 quod
1664 2412 1702 2449 in
1725 2411 1791 2448 illis
1815 2410 1958 2449 duobus
1977 2412 2232 2460 posterioribus
2255 2426 2322 2461 pro
2342 2415 2395 2454 di-

1350 2462 1449 2500 versa
1468 2462 1630 2500 leffione
1646 2490 1654 2505 ‚
1694 2462 1806 2500 venis.
1833 2462 1931 2498 venis
1957 2475 2109 2512 quoque
2133 2465 2304 2505 Cantabr.
2329 2465 2394 2504 sec.

1349 2513 1422 2551 Pal.
1443 2514 1549 2562 prim.
1570 2514 1608 2551 &
1635 2521 1716 2551 tert.
1744 2513 1884 2552 Medic.
1906 2514 2011 2561 prim.
2040 2516 2203 2561 Moreti,
2233 2520 2270 2554 ὃς
2292 2528 2394 2555 com-

1351 2564 1469 2613 plures
1492 2565 1562 2602 alii.
1591 2564 1829 2602 Scribendum
1853 2565 2057 2614 trepidisque
2078 2567 2186 2603 venis.
2216 2577 2327 2616 atque
2345 2569 2393 2607 ita

1352 2616 1451 2664 prior
1472 2615 1770 2663 Hamburgenfis.
1797 2615 1856 2652 lib.
1882 2629 1951 2652 vn.
1976 2616 2058 2665 389.
2087 2617 2133 2656 de
2153 2619 2318 2669 Marsya:

1570 2665 1577 2667 ’
1613 2665 1829 2716 trepidaeque
1839 2664 1914 2716 sine
1932 2666 2010 2704 ulla

1406 2716 1498 2753 Pelle
1515 2716 1650 2753 micant
1671 2730 1792 2753 venae.

1353 2766 1453 2804 Vide
1487 2770 1604 2805 Notas
1634 2767 1694 2804 lib.
1724 2780 1788 2805 111.
1814 2767 1872 2811 us.
1904 2781 1985 2819 ης.
2021 2769 2067 2808 de
2094 2771 2196 2810 Peste
2224 2771 2394 2822 Virgilius

1355 2818 1492 2867 Georg.
1515 2831 1576 2855 111.
1595 2818 1678 2863 482.

1409 2875 1480 2906 Nec
1497 2870 1560 2906 via
1581 2869 1702 2905 mortis
1720 2880 1794 2906 erat
1809 2869 1956 2920 stmplex
1970 2888 1981 2908 :
2005 2872 2066 2919 sed
2086 2872 2146 2909 ubi
2165 2873 2262 2922 ignea
2273 2873 2370 2912 vem's

1410 2920 1580 2956 Omnibus
1598 2923 1677 2956 alia
1690 2922 1765 2968 suis
1783 2923 1918 2970 miseros
1938 2923 2138 2961 adduxerat
2158 2935 2270 2963 artus.

1356 2969 1573 3007 Prudentius
1597 2972 1824 3016 Apotheofi:

1408 3019 1569 3066 Jamcsue
1585 3020 1748 3067 insertato
1770 3023 1941 3069 reserabat
1962 3024 2093 3074 vistera
2112 3025 2221 3062 cultro

1411 3070 1566 3104 vittatus
1586 3071 1625 3105 de
1644 3084 1733 3107 more
1740 3078 1844 3119 senex
1859 3101 1868 3113 ‚
1899 3076 2125 3126 manibusque
2145 3076 2294 3114 cruentis

1412 3119 1600 3156 Tractabat
1618 3122 1766 3170 trepidas
1788 3123 1911 3161 lethali
1923 3127 2053 3175 frigore
2065 3125 2187 3172 fibras,

1360 3170 1455 3206 Mox
1477 3183 1542 3218 pro
1557 3199 1566 3213 ,
1593 3184 1765 3224 auraeque
1778 3188 1903 3222 graves
1923 3186 2106 3226 captantur
2125 3177 2240 3219 hiatu,
2254 3176 2395 3222 malinii

1355 3222 1462 3310 gavi
1507 3220 1623 3261 hiatu.
1659 3224 1763 3273 quod
1804 3225 2011 3265 Balileenfis
2052 3238 2145 3266 unus
2191 3227 2394 3266 confirmat.

1397 3284 1569 3312 Emsms.

2187 3339 2270 3378 559.
2292 3331 2396 3364 Dura
