2483 3616
290 171 1555 240 METAMORPHOSEON
1622 171 1764 228 Lus.

1844 174 1913 230 V.

330 277 385 332 Si
410 275 699 347 patiemur,
737 270 864 326 erit:
905 287 1028 324 narn
1050 271 1162 343 spes
1186 270 1413 326 adfeciat
1439 269 1668 325 easdem.

325 351 402 402 At
427 360 520 409 tu,
551 361 651 416 pro
674 344 821 398 socio
845 342 883 397 fi
910 360 1014 416 qua
1038 343 1110 398 est
1136 361 1253 398 mea
1277 343 1444 416 gratia
1466 359 1663 412 regn0,

319 419 494 489 Junge
516 417 692 471 Deam
718 429 925 488 patruo
966 415 1101 470 dixit
1126 415 1328 471 Venus,
1366 416 1453 470 ille
1480 415 1782 486 pharetram

186 493 288 559 380
326 491 521 544 Solvit:
564 490 618 543 &
647 489 867 543 arbitrio
892 489 1073 542 matris
1098 489 1168 542 de
1189 489 1332 543 mille
1355 488 1556 559 sagittis

323 561 500 616 Unam
525 561 768 634 seposuit.
806 560 897 615 sed
924 561 1028 634 quai
1055 578 1154 616 nec
1180 562 1385 615 acutior
1411 560 1540 623 ulla,

316 635 434 689 Nec
461 635 634 689 minus
659 635 864 689 incerta
888 634 988 697 est,
1022 651 1121 688 nec
1183 652 1279 688 uae
1303 634 1467 705 magis
1493 632 1672 688 audiat
1697 650 1897 689 arcum.

326 705 699 780 Oppofitoque
724 725 867 779 genu
891 707 1129 760 curvavit
1156 708 1179 760 1
1199 707 1334 761 exile
1358 722 1560 761 cornu:

328 778 495 852 Inque
520 798 616 835 cor
647 780 856 835 hamata
878 777 1131 852 percuffit
1155 779 1413 836 arundine
1435 777 1645 834 Ditem-‚-

42 983 141 1024 Nihil
157 991 284 1022 tamen
304 991 447 1022 temere
464 983 539 1022 hoe
558 983 646 1023 1060
667 982 900 1022 mutandum.
922 981 1072 1020 Hmss.

41 1036 174 1084 Regius
197 1036 351 1084 explicat
369 1036 407 1072 in
429 1036 592 1084 periculo
613 1034 770 1073 versatur
781 1045 860 1083 pars
885 1033 990 1070 tertia
1004 1044 1074 1077 ,ne

40 1097 61 1124 a
91 1085 195 1123 nobis
216 1086 414 1123 amittatur.
450 1098 529 1124 non
566 1086 674 1124 male.
709 1085 758 1122 ita
790 1083 916 1133 paffim
939 1083 1074 1121 Cicero

39 1136 95 1185 agi
110 1137 262 1183 salutem
275 1165 286 1181 ‚
311 1136 491 1186 imperium
505 1164 516 1181 ,
533 1138 694 1183 fizmam,
704 1137 871 1183 fortunas
890 1133 989 1172 dicit.
1011 1145 1076 1183 ap-

37 1185 153 1235 pofite
175 1187 302 1224 Senec.
328 1200 358 1224 1.
384 1186 430 1224 de
453 1186 636 1224 Clement.
652 1198 712 1223 21.
738 1195 779 1222 ut
799 1184 995 1222 innocentia
1014 1194 1079 1234 ap-

32 1246 198 1286 pareret,
223 1252 291 1274 non
321 1237 488 1274 minorem
515 1237 571 1284 agi
592 1250 663 1273 rem
687 1235 938 1285 periclitantis,
966 1248 1074 1286 quam

31 1288 162 1337 judicis
181 1288 286 1336 sciat.
336 1287 490 1324 Terent.
508 1287 645 1323 Heaut.
671 1298 743 1323 111.
764 1298 792 1323 1.
822 1299 890 1322 non
911 1295 1077 1336 nunepe-

38 1338 141 1374 cunia
160 1338 277 1386 agitur
289 1365 300 1382 ‚
328 1345 368 1374 ut
388 1336 587 1386 legendum
607 1336 657 1374 ibi
668 1336 729 1376 est.
750 1337 873 1386 itaque
889 1336 979 1374 nihil
991 1348 1076 1375 mu-

36 1387 202 1426 tandum.
229 1388 360 1425 Bmm.

91 1449 176 1488 373.
200 1443 246 1475 Et
269 1449 388 1475 tamen
408 1436 445 1474 in
465 1437 551 1474 caelo
569 1437 751 1488 quaejam
768 1437 942 1487 patientia
964 1437 1078 1485 nostra

36 1488 118 1539 est.]
147 1489 189 1526 In
211 1488 346 1526 eodem
368 1500 456 1526 mco
477 1489 514 1526 &
534 1500 611 1526 uno
632 1487 784 1526 Caelest.
806 1489 844 1526 &
870 1501 948 1527 uno
973 1488 1078 1527 Maff.

36 1545 86 1576 Et
116 1549 233 1577 tamen
260 1540 299 1576 in
321 1539 408 1576 caelo
439 1553 567 1590 quoque
590 1540 670 1589 jam
698 1539 872 1588 patientia
892 1539 1003 1587 nostra
1023 1539 1076 1586 est.

35 1589 84 1628 In
103 1601 189 1627 meo
207 1590 412 1640 antiquiore
432 1591 471 1627 ὅ(
491 1590 730 1639 praeclariore
756 1590 794 1627 &
815 1590 964 1627 Briantii
984 1589 1076 1638 legi-

34 1647 95 1677 tur
107 1668 118 1685 ,
144 1645 191 1677 Et
209 1650 326 1678 tamen
345 1641 383 1677 in
397 1640 491 1677 caelo
514 1654 643 1692 quoque
659 1649 778 1689 parva
793 1641 947 1690 potentia
961 1640 1074 1688 nostra

35 1689 90 1737 est.
117 1702 210 1740 quae
247 1691 295 1728 est
333 1692 505 1728 omnium
536 1690 679 1739 optima
710 1690 834 1728 166110.
861 1692 1075 1729 Cxofmus.

36 1740 108 1778 Sed
144 1752 212 1779 nec
243 1741 350 1779 altera
372 1741 484 1779 166110
503 1741 651 1779 absurda
680 1740 750 1785 est,
776 1740 850 1779 fine
872 1741 1074 1791 interroga-

35 1790 137 1828 tione
148 1791 298 1840 prolata.
327 1791 426 1842 quafi
445 1792 605 1837 diceret,
633 1791 807 1840 patientia
831 1791 950 1829 nostra
973 1792 1074 1837 facit,

35 1848 76 1878 ut
93 1842 130 1879 in
154 1842 256 1880 caelo
277 1854 429 1892 quoque
447 1843 669 1891 spernamur.
698 1842 905 1881 BERSMAN.
949 1842 1074 1881 Locus

36 1891 241 1930 mendosus.
268 1893 430 1942 plerique
460 1901 601 1931 veteres
616 1921 627 1938 ,
653 1905 783 1944 quoque
790 1894 871 1942 jam
887 1893 1076 1943 patientia,

36 1942 174 1991 primus
194 1944 317 1981 Vatic.
339 1944 377 1981 &
398 1943 474 1980 duo
496 1944 579 1989 alii,
605 1957 670 1994 quo
682 1945 777 1993 jam.
805 1957 935 1994 quoque
955 1953 1076 1995 parva

28 1994 185 2042 potentia
215 1994 357 2031 Moreti
387 2001 568 2043 excerpta.
604 2007 668 2044 quo
697 1994 775 2043 visa
798 1995 953 2044 potentia
984 2006 1076 2032 unus

39 2043 234 2081 Gronovii.
256 2045 337 2093 jam
368 2044 483 2093 quippe
496 2045 652 2093 petentia
671 2058 755 2081 rara
775 2045 819 2092 est
840 2045 928 2082 alter
952 2046 1074 2082 Ham-

38 2091 232 2141 burgenfis.
253 2094 313 2131 alii
333 2093 445 2132 aliter.
482 2094 684 2132 Calandrae
707 2103 877 2143 excerpta
902 2123 914 2141 ,
942 2109 1074 2146 quoque

37 2142 115 2190 iam
130 2143 302 2191 patientia
316 2143 434 2190 ⁴nostra
455 2145 642 2194 Spernitur.
698 2144 842 2183 Scribe:

89 2197 138 2228 Et
158 2203 278 2249 tamen
297 2194 336 2231 in
356 2193 437 2231 coelo
457 2208 586 2246 quoque
606 2205 711 2233 tanta
725 2196 882 2245 potentia
903 2196 1010 2245 nostro

6 2282 7 2288 ἵ
88 2248 276 2292 Spernitur.

34 2292 97 2330 vel
110 2320 121 2337 ,
141 2294 204 2342 sed
221 2304 340 2330 tamen
362 2304 447 2331 cum
461 2294 756 2345 Cantabrigienfi.
784 2297 888 2348 quod
907 2297 1070 2346 praestat.

37 2352 143 2379 tanta
160 2344 314 2391 potentia
335 2343 373 2381 in
384 2344 466 2392 jam
479 2345 651 2392 patientia
673 2348 778 2385 facile
802 2348 990 2398 depravari
1002 2360 1072 2397 po-

35 2393 116 2430 tuit.
134 2393 203 2431 lib.
223 2406 258 2431 x.
272 2405 356 2443 573.

8 2471 9 2486 3
281 2444 345 2494 sed
358 2453 470 2481 ‘tanta
484 2445 639 2494 potentia
652 2448 790 2493 firmae
807 2448 861 2496 est.

35 2491 97 2531 111).
107 2506 196 2532 xm.
210 2506 227 2540 7
237 2494 293 2543 58.

283 2554 346 2594 pro
367 2554 502 2595 quanta
516 2545 674 2594 potentia
694 2547 789 2596 regni

86 2594 144 2642 Est
166 2601 274 2632 Venus
294 2595 391 2631 alma
414 2595 495 2631 tui!

32 2644 204 2694 appofite.
231 2647 270 2684 ὃ(
289 2645 348 2683 111).
370 2656 449 2683 xxv.
468 2657 554 2694 491.
581 2645 627 2684 de
650 2647 779 2685 eadem
803 2649 979 2687 Venere:

621 2698 731 2734 oderit
751 2713 864 2735 omnes
1008 2695 1019 2703 ³

86 2746 153 2783 Sub
179 2746 342 2784 Diomede
363 2745 478 2790 viros3
509 2746 627 2784 odium
645 2758 765 2785 tamen
791 2749 885 2785 illius
906 2763 1019 2787 omnes

84 2797 276 2844 Spernimus
289 2825 300 2842 ‚
325 2809 368 2837 (φ
381 2805 494 2846 parvo
509 2797 582 2843 stat
606 2808 710 2835 tanta
722 2800 875 2847 potentia
896 2801 1000 2837 nobis.

30 2844 81 2882 ita
97 2845 198 2883 locus
218 2847 276 2884 ille
295 2859 340 2884 ex
361 2847 513 2894 vestigiis
530 2855 698 2886 veterum
718 2849 891 2886 librorum
917 2851 1070 2887 concin-

34 2895 186 2933 nandus.
214 2898 251 2934 in
271 2897 377 2945 nostro
397 2898 500 2934 coelos
517 2904 556 2934 ut
578 2898 688 2936 Pallas
707 2899 846 2946 Junoni
866 2900 961 2949 apud
985 2900 1069 2940 Val.

33 2942 202 2984 Flaccum
222 2947 270 2983 lib
302 2960 335 2985 v.
357 2959 442 2995 295.

210 2996 309 3034 liceat
325 2999 461 3047 puppim
476 3026 486 3041 ,
516 3012 622 3047 quam
633 2998 829 3045 struximus
852 3000 960 3050 ipsae,

84 3046 273 3091 JaHatam
292 3049 433 3084 tandem
457 3048 563 3094 nostro
583 3060 771 3099 componere
792 3051 883 3088 coelo.

12 3094 208 3192 111111)ῑέωὲ
214 3097 284 3181 ὁέᾷ
323 3098 570 3136 Hannibalem
612 3100 708 3148 apud
739 3101 867 3138 Silium
898 3101 1067 3141 Italicum

88 3192 167 3238 siste
184 3195 358 3241 grad-um,
381 3211 485 3247 neque
508 3198 600 3235 enim
626 3200 735 3244 sacris
755 3200 939 3251 irrumpere
952 3204 1075 3248 muris,

86 3248 214 3288 Poene,
242 3245 348 3330 muge}
389 3247 534 3286 dabitur.
562 3248 714 3297 nostrum
744 3263 851 3299 quum
883 3253 1072 3301 exscindere

237 3306 287 3330 coe
302 3307 373 3331 um.

2005 847 2173 903 Haud

1130 979 1178 1019 Et
1197 981 1278 1019 alibi
1304 996 1313 1020 ε

1182 1037 1305 1070 Aurea
1327 1033 1468 1082 Tarpeja
1486 1041 1588 1082 ponet
1609 1031 1781 1082 Capitolia
1803 1039 1893 1081 rupe.
1911 1032 1924 1075 ζ

1181 1087 1228 1119 Et
1243 1084 1365 1132 junget
1387 1083 1494 1130 nostro
1515 1083 1718 1133 templorum
1741 1082 1895 1119 culmina
1915 1079 2009 1118 coelo.
2113 1128 2117 1134 ἡ

1132 1133 1280 1182 Cupido
1313 1133 1360 1172 ad
1391 1134 1580 1172 Venerem
1611 1132 1709 1183 apud
1738 1133 1893 1171 Statium
1924 1131 1984 1170 lib.
2016 1142 2047 1169 1.
2084 1127 2171 1167 Sum*

1133 1195 1180 1222 11.
1203 1196 1266 1231 72.

1586 1235 1815 1285 praesagaque
1827 1234 1966 1280 formae

1182 1285 1346 1323 Protinus
1366 1300 1383 1323 e
1402 1285 1508 1333 nestro
1524 1286 1619 1335 posui
1641 1284 1839 1334 cognomina
1859 1282 1958 1319 caelo.

1133 1336 1245 1373 Certe
1263 1337 1492 1375 Florentinus
1509 1336 1726 1374 veterrimus
1740 1363 1750 1380 ‚
1765 1347 1895 1384 quoque
1910 1334 1988 1381 jam
2006 1333 2175 1382 potentia.

1132 1386 1267 1425 deinde
1288 1399 1355 1435 pro
1376 1388 1586 1424 minuuntur
1613 1386 1771 1435 Neapol.
1793 1385 1939 1421 Lovan.
1964 1385 2002 1421 ὃ(
2025 1384 2170 1429 Junian.

1132 1448 1336 1476 tenuantur.
1361 1438 1449 1475 Vid.
1470 1438 1544 1486 sup.
1565 1437 1710 1476 lib.111.
1735 1448 1820 1486 395.
1848 1434 2063 1473 Prudentius
2075 1434 2172 1473 Peri-

1131 1488 1243 1536 steph.
1264 1489 1369 1539 hym.
1394 1500 1465 1525 v11.
1491 1500 1571 1537 130.

1182 1544 1283 1576 Dum
1302 1540 1522 1589 putrescentes
1544 1548 1668 1576 tenuat
1686 1536 1856 1575 medullas

1259 1590 1411 1627 Tabidus
1431 1589 1566 1626 humor.

1130 1640 1189 1678 Sic
1211 1641 1383 1679 eit-MSS.
1411 1639 1625 1688 Bodlejano.
1648 1639 1787 1687 vulgo,
1814 1637 1939 1676 tenuit.
1966 1638 2181 1675 Haustus..

1128 1692 1226 1731 Mihi
1247 1692 1492 1740 plurimorum
1517 1691 1692 1728 codicum
1714 1690 1826 1727 166110
1846 1690 1965 1738 placet
1984 1689 2085 1726 satis:

1181 1747 1229 1778 Et
1249 1753 1368 1779 tamen
1389 1742 1426 1779 in
1447 1740 1529 1778 coelo
1542 1768 1553 1786 ,
1575 1742 1755 1791 quaejam
1769 1740 1944 1790 patientia
1967 1739 2078 1787 nostra
2101 1737 2165 1787 est„

1181 1794 1391 1842 Spernimur.

1130 1842 1187 1880 Ita
1210 1845 1247 1881 δε
1270 1844 1380 1893 Epist.
1400 1855 1512 1882 xv1r.
1534 1855 1595 1892 29.

1182 1896 1284 1942 Qae
1304 1905 1367 1932 tua
1389 1894 1547 1946 nequitia
1563 1893 1606 1941 est
1621 1920 1633 1938 ,
1657 1907 1725 1930 nan
1747 1892 1801 1930 his
1823 1890 2132 1941 contentarfitiffitf

1129 1944 1216 1982 Vid.
1238 1945 1285 1983 ad
1317 1946 1424 1994 Epist.
1449 1956 1550 1993 1.75.
1592 1944 1653 1981 ubi
1676 1944 1832 1991 pluribus
1860 1944 1960 1981 hunc
1990 1942 2176 1992 loquendi.

1131 1994 1290 2033 modum
1312 1996 1536 2034 illustramus.
1562 1994 1620 2032 illa
1641 1995 1754 2032 etiam
1775 1994 1948 2043 particula
1961 1994 2043 2042 jam
2064 1993 2176 2031 inser·

1130 2046 1184 2084 vit
1204 2046 1460 2096 indignationi.
1486 2054 1534 2083 ut*
1548 2045 1614 2083 inf.
1640 2057 1722 2093 522.
1775 2064 1778 2067 ·

1357 2096 1480 2147 sejam
1502 2110 1578 2133 mea
1594 2095 1670 2140 filia
1692 2095 1796 2144 digna
1810 2093 1864 2142 est.
1892 2094 2025 2132 BURM.

1180 2159 1261 2197 375¹.⁴
1288 2145 1584 2196 Jaculatricem.]
1635 2145 1912 2195 Venatricemque
1939 2143 2173 2182 Gronovians‘

1128 2198 1203 2236 vid.
1225 2199 1284 2237 lib.
1297 2210 1440 2246 11.454.

1180 2260 1263 2297 377.
1290 2250 1325 2287 Si
1346 2250 1533 2299 patiemur.
1555 2247 1571 2299 ]
1625 2246 1814 2284 Patiamur
1843 2244 1982 2299 Medic.
2014 2243 2172 2282 Urbinas

1129 2299 1321 2338 Leidensis
1344 2302 1383 2338 ὅτ
1404 2308 1474 2337 tres
1493 2299 1553 2337 alii
1566 2327 1577 2344 ‚
1597 2310 1683 2336 cum
1710 2295 1894 2334 nonnullis
1915 2294 2031 2332 editis.

1179 2351 1264 2400 378.
1295 2356 1351 2388 At
1372 2352 1465 2400 turpi
1476 2349 1604 2399 ficia]
1645 2346 1815 2386 Emenda
1845 2357 1890 2382 ex
1912 2345 2084 2384 omnibus
2104 2356 2170 2382 an-

1128 2401 1238 2450 tiquis
1252 2428 1264 2445 ‚
1290 2405 1351 2438 At.
1369 2411 1409 2437 tu
1424 2409 1486 2450 pro
1500 2400 1599 2448 secio.
1628 2400 1742 2436 C10F.

1186 2450 1269 2499 378.
1296 2451 1332 2487 Si
1361 2464 1430 2500 qua
1461 2450 1504 2495 est
1533 2463 1570 2486 ea
1598 2446 1754 2498 gratia.]
1810 2446 1956 2490 Scribe,
1975 2443 2011 2494 fi
2035 2459 2104 2496 qua
2128 2445 2172 2491 est
2198 2458 2200 2460 ’

1131 2513 1207 2537 mea
1233 2500 1364 2548 gratia.
1401 2499 1598 2549 quomodo
1622 2500 1870 2546 Langerrnan.
1892 2498 1930 2534 &
1947 2507 2040 2533 unus
2061 2493 2171 2544 Voss.¹
2190 2526 2193 2528 ,

1130 2561 1216 2587 cum
1235 2561 1312 2587 uno
1336 2550 1506 2588 Gronov.
1524 2549 1586 2586 lib.
1597 2561 1651 2586 VI.
1668 2561 1750 2595 440.

1402 2599 1438 2648 si
1451 2600 1594 2649 gratia,
1621 2599 1734 2642 dixit,
1758 2634 1761 2637 ,

1178 2650 1256 2687 Ulla
1283 2664 1358 2687 mea
1380 2651 1433 2697 est'.

1127 2699 1177 2738 Et
1196 2701 1270 2738 hoc
1291 2702 1382 2738 libro
1404 2701 1519 2744 infra,
1549 2714 1623 2750 515.

1396 2750 1431 2801 st
1450 2752 1549 2788 nulla
1569 2751 1612 2796 esi
1627 2751 1746 2800 gratia
1767 2752 1920 2798 matris-5

1176 2807 1276 2838 Nata
1294 2811 1432 2851 patrem
1456 2812 1608 2840 movent.

1124 2852 1243 2901 Neap.
1266 2852 1333 2889 sec,
1356 2852 1495 2889 Medic.
1516 2851 1687 2889 Cantabr.
1707 2851 1839 2903 aliique
1853 2850 1980 2896 multi,
2009 2850 2073 2888 tibi
2082 2850 2165 2899 grah*

1124 2903 1187 2939 tia.
1235 2903 1353 2947 Puto,
1381 2903 1469 2939 mihi
1479 2918 1494 2945 ⁷,
1520 2911 1559 2939 ut
1587 2902 1686 2939 reete
1719 2914 1811 2941 unus
1835 2903 2004 2940 Strozzae
2028 2903 2066 2938 &
2087 2901 2164 2936 duo

1125 2952 1321 2990 Leidenses
1342 2964 1428 2990 curn
1452 2965 1528 2991 uno
1550 2952 1743 2990 Voffiano.
1771 2953 1982 2992 alterutrum
1992 2959 2087 2990 certe
2099 2959 2193 2992 vce-⁴

1122 3015 1204 3042 rum
1227 3003 1287 3040 est.
1314 3003 1397 3042 Val.
1418 3004 1565 3042 Flaccus
1586 3003 1789 3054 lib.v.493²
1839 3033 1841 3035 >

1406 3054 1470 3091 tibi
1486 3054 1604 3103 gratia
1627 3052 1730 3102 nostri
1751 3084 1753 3087 .

1179 3105 1231 3142 Sit
1245 3133 1254 3148 ‚
1274 3115 1387 3154 precor
1404 3133 1415 3150 ‚
1437 3105 1529 3142 haec.

1132 3154 1219 3193 Stat.
1240 3156 1361 3193 Theb.
1381 3168 1417 3193 v.
1439 3157 1525 3202 629.

1184 3205 1219 3240 Si
1239 3217 1309 3254 qua
1332 3205 1374 3250 est
1394 3206 1510 3243 meriti
1535 3205 1621 3243 mihi
1638 3205 1755 3254 gratia
1776 3206 1864 3242 duri.
1891 3205 2033 3242 HFJNSj

1132 3254 1228 3290 Mihi
1259 3254 1370 3290 etiam
1405 3255 1589 3295 Pomanus
1622 3254 1785 3291 censebat
1815 3251 2095 3295 rescribendum
2120 3251 2168 3291 de

1119 3303 1209 3355 socie
1231 3316 1329 3352 regne
1355 3302 1427 3342 vid.
1455 3303 1500 3342 ad
1526 3315 1556 3343 1.
1578 3304 1711 3341 Amor.
1733 3305 1834 3355 xx.6l

1617 3351 1733 3402 xxa
2022 3354 2178 3407 38111-
