2483 3616
384 146 1646 214 METAMORPHOSEON
1719 152 1865 212 Lm.
1927 158 2070 218 XV.

673 334 865 383 ΕΑΒ.

2183 169 2324 235 1065

934 333 995 381 L.
1064 334 1764 384 ARGUMENTUM.

887 463 1180 528 AEsculapius
1215 463 1262 509 in
1298 462 1582 512 Draconem.

212 609 374 654 Gravis
392 605 631 667 pestilentia
653 605 863 651 Romanis
886 619 978 650 cunt
1003 606 1235 666 incidiffet‚
1272 604 1326 656 δέ
1348 606 1540 649 maxima
1562 606 1789 663 trepidatio
1803 607 1947 655 urbem
1971 615 1987 634 ²
2009 617 2165 657 teneret
2178 630 2194 666 3
2224 624 2303 670 per

144 674 297 735 legatos
321 675 533 718 oraculum
556 672 765 731 Apollinis
791 668 1019 730 confilltum
1042 671 1111 731 est.
1178 671 1252 715 Ex
1277 685 1353 729 quo
1375 668 1607 728 responsum
1623 703 1637 727 ‚
1673 682 1722 716 ut
1745 670 1763 694 b
1788 674 2083 734 AEs'mlapjum
2108 677 2302 735 Epidau„

137 753 187 782 ro
208 742 224 760 ⁶
247 737 496 798 arcesfhrent
518 753 532 782 .·
567 733 584 760 ‘³
605 734 916 795 nobilifflmique
939 737 1068 796 legati
1090 750 1183 780 cum
1197 737 1483 791 stmulacrum
1508 735 1603 780 Dei
1621 740 1801 794 potitum
1827 739 1884 783 ad
1896 740 2150 798 Epidaurios
2164 740 2302 801 “fuist-

123 799 253 861 sent,
277 803 538 864 stupentibus
560 802 842 846 admiratione
861 800 985 846 Deus
1009 802 1054 845 in
1079 799 1322 844 Draconem
1344 799 1516 860 faustis,
1546 797 1649 859 perf
1660 803 1842 846 medium
1856 803 2125 862 Epidaurum
2139 808 2296 866 lapsus,

133 881 290 911 navem
312 870 543 930 legatorum
567 864 809 927 conscendit.
843 880 935 909 cum
956 864 1106 924 quibus
1130 868 1272 909 veclus
1298 865 1481 910 Romam
1506 874 1556 908 ut
1580 866 1744 911 delatus
1766 867 1850 926 est,
1883 872 1901 900 Β
1935 869 2116 931 insulam
2139 862 2299 917 Tiberis

133 931 332 992 ingreffies
354 932 435 994 est,
470 932 606 992 ibique
616 929 668 990 se
690 929 892 990 virgultis
915 930 1107 975 occuluit.
1141 925 1162 953 ¹²
1197 932 1272 991 qui
1297 931 1405 975 locus
1431 929 1649 976 Draconis
1672 941 1867 978 vocatur.
2286 927 2300 930 Α

526 1091 729 1145 Andite
756 1106 932 1152 nune,
970 1088 1188 1154 Musae,
1227 1090 1521 1161 ‘praesentia
1546 1089 1763 1143 numina
1790 1103 1972 1147 vatum
1989 1130 2006 1155 ‚

536 1164 713 1236 (Scitis
742 1163 914 1225 enim,
953 1180 1054 1217 nec
1081 1181 1174 1219 vos
1199 1163 1328 1217 fallit
1353 1161 1574 1234 spatiosa
1603 1162 1854 1232 vetustas)

417 1237 580 1291 Unde
608 1235 927 1291 Coroniden
958 1234 1272 1306 circumflua
1296 1234 1592 1308 Thybridis
1624 1235 1774 1290 alveo

275 1313 378 1377 625
411 1310 583 1366 Insula
608 1308 909 1365 Romuleae
937 1307 1090 1364 sacris
1120 1308 1401 1365 adsciverit
1427 1306 1586 1363 urbis,

176 1521 323 1570 Reptasti
340 1533 398 1574 per
412 1525 514 1573 scuta
533 1533 629 1574 puer.

121 1570 211 1609 hinc
233 1582 403 1622 reptantes
423 1590 546 1619 annos,
560 1588 624 1624 pro
637 1575 847 1625 puerilibus,
861 1576 952 1614 dixit
961 1575 1179 1615 Enuodius:

175 1629 279 1659 Hunc
299 1625 363 1662 tibi
384 1626 424 1663 de
436 1627 561 1676 primis
581 1639 624 1666 (φ
643 1626 758 1663 adhuc
777 1627 994 1674 reptantibus
1014 1629 1118 1664 annis
1132 1656 1142 1671 ,

148 1720 157 1727 ·
171 1676 295 1760 Sanc-le
309 1685 407 1725 pater
423 1705 433 1722 ‚
452 1691 572 1715 voveo.
601 1679 744 1715 Hzms.
773 1678 945 1728 Micyllus
958 1679 1067 1717 etiam
1080 1692 1179 1716 aera·

125 1730 174 1758 tis
216 1734 302 1772 eg1t.

173 1779 188 1798 ²
218 1776 397 1830 Teneret]
428 1783 580 1816 Terreret
601 1779 720 1817 Parm.
744 1779 867 1829 Lugd.
887 1778 1036 1829 Micyll.
1055 1779 1176 1817 urbem

121 1821 244 1878 crebris
251 1827 432 1869 funeribus
444 1839 663 1877 terreret‚per
675 1829 697 1867 l.
710 1844 738 1867 o.
752 1836 800 1869 A.
812 1843 891 1868 c.e.a
905 1844 970 1880 quo
981 1845 1010 1868 r.
1025 1840 1066 1868 ut
1076 1837 1113 1868 A
1116 1832 1174 1879 esc.

121 1884 192 1917 ejus
206 1875 324 1920 filium
345 1891 387 1915 ex
410 1879 506 1927 Epid.
526 1880 607 1917 urbe
620 1881 784 1917 Graeciae
805 1883 1009 1932 accerserent
1036 1878 1177 1922 Colon.

174 1922 194 1947 b
221 1927 500 1979 AEsculapium.]
531 1932 730 1979 Asclepium
751 1931 870 1970 Parm-

176 1978 194 1997 c
225 1978 481 2027 Arcesserent.]
514 1980 727 2028 Accerfirent
746 1982 866 2020 Parm.
887 1983 1009 2031 Lugd.
1032 1984 1177 2031 Micyll.

105 2064 108 2065 ⁷
176 2019 195 2047 ἆ
224 2024 533 2076 Nobiliffi'mique.]
576 2030 778 2078 Nobiliffimi
812 2032 930 2080 itaque
958 2033 1019 2082 leg.
1044 2045 1178 2081 propter

114 2070 349 2120 simulacrum
367 2077 415 2113 ad
435 2078 533 2126 Epid.
555 2077 642 2126 mtffi
661 2084 756 2127 sunt.
805 2083 880 2129 Qi
901 2096 978 2119 cum
1000 2085 1175 2120 mandata

122 2127 162 2158 P.
186 2129 225 2161 R.
254 2127 456 2176 peregiffent.
505 2130 628 2165 Graeci
652 2139 798 2177 prr¹ceres
825 2133 866 2167 de
896 2139 968 2169 Deo
1000 2135 1176 2171 contraria
1210 2174 1213 2177 ,

115 2174 314 2229 sentiebant
333 2193 343 2213 .·
373 2177 453 2214 aliis
484 2185 610 2215 Romae
628 2179 907 2227 subveniendum
938 2184 1174 2229 censentibus,

122 2224 204 2260 altis
235 2228 301 2262 Dei
325 2229 522 2276 praesentia
544 2243 763 2279 nequaquam
786 2231 905 2267 urbem
922 2232 1023 2273 suam
1043 2233 1098 2282 effe
1106 2234 1177 2282 pri-

121 2275 300 2317 vandum.
349 2285 483 2315 Interea
501 2279 556 2316 die
575 2280 721 2317 abeunte
743 2294 810 2318 nox
831 2291 965 2330 corpora
979 2282 1048 2329 sua
1069 2284 1177 2331 quieti

123 2326 282 2364 contulit.
330 2334 422 2366 Deus
442 2330 561 2380 itaque
584 2337 818 2369 Romanorum
832 2332 1103 2379 sollicitudinem
1128 2334 1176 2371 le-

121 2389 215 2433 vare·
228 2378 346 2416 volens
360 2409 369 2424 ,
397 2394 436 2417 ea
449 2382 553 2427 specie
566 2409 576 2424 ‚
605 2394 674 2432 qua
695 2383 732 2418 in
757 2383 878 2431 templo
898 2393 996 2427 erat,
1025 2384 1121 2430 visus
1131 2385 1176 2430 est

122 2437 185 2462 unt
202 2441 239 2462 in
253 2431 400 2476 somniis
420 2442 502 2468 ante
513 2433 585 2478 ejus
595 2442 710 2469 torum
716 2432 808 2479 stare
819 2461 829 2477 ,
858 2433 1019 2470 baculum
1032 2444 1148 2472 tenens
1162 2464 1173 2480 ‚

121 2490 224 2524 (litem
248 2482 384 2532 serpens
406 2481 467 2530 sui
496 2483 638 2532 corporis
671 2483 802 2531 inflexu
831 2483 991 2520 ambibat
1011 2512 1022 2528 ,
1061 2497 1105 2524 ω’
1135 2487 1173 2523 in

118 2529 213 2563 ltunc
223 2530 316 2584 jeſse,
337 2531 399 2579 sed
419 2531 530 2569 multo
552 2533 694 2581 majoris
705 2534 864 2580 staturae
869 2534 998 2583 postera
1009 2535 1082 2572 luce
1093 2551 1172 2573 ver-

110 2579 195 2633 sum
213 2606 224 2623 ,
252 2591 318 2616 iter
337 2595 454 2619 eorum
475 2584 607 2631 sponsor
624 2598 728 2620 verus
745 2585 936 2631 conscendit
949 2613 958 2629 ‚
987 2586 1171 2636 &inpup-

111 2635 150 2674 pi
176 2630 346 2676 consistens
367 2639 512 2670 Romam
533 2647 638 2684 usque
659 2635 819 2671 devectus
838 2635 881 2682 est
903 2650 915 2679 ;
943 2635 1057 2686 ibique
1076 2637 1171 2687 insu-

119 2675 194 2712 lam
214 2685 251 2716 T.
270 2682 338 2730 ing.
359 2684 449 2731 virg.
468 2692 506 2730 se
528 2684 674 2721 occuluit
701 2685 838 2723 Colon.
960 2705 972 2713 ³

172 2734 189 2753 e
219 2731 402 2782 Fuiffimt]
434 2733 600 2782 aluissent
628 2735 748 2774 Parm.
783 2735 900 2784 Lugd.
935 2737 1078 2786 Micyll.
1109 2736 1171 2777 sed

122 2779 158 2815 in
180 2790 293 2826 marg.
314 2783 491 2828 venissent.

171 2827 186 2855 f
211 2830 412 2877 Medium]
443 2833 572 2878 Malo,
599 2835 764 2874 mediam.

170 2886 188 2914 g
221 2880 416 2930 Insulam.]
451 2882 567 2928 Insula
583 2885 702 2924 Parm.

172 2929 191 2956 ¹¹
218 2931 293 2978 Qt'
312 2929 440 2981 locun]
468 2937 574 2968 L00u5
595 2946 673 2970 ‘007⁰
694 2937 757 2985 ipse
769 2938 940 2976 Draconis
951 2939 1165 2989 postmodum

120 2983 313 3031 appellatus
332 2981 374 3027 est
396 2981 532 3019 Colon.
826 3000 855 3005 ν

171 3035 255 3080 623.
285 3031 434 3081 ἠπίη]
466 3031 609 3069 Fallunt
627 3032 782 3070 Moreti.
792 3038 1063 3081 seneffusetiam
1079 3042 1167 3080 duo,

171 3084 256 3128 624.
284 3083 380 3119 Unde
399 3083 605 3120 Coronidem
629 3082 727 3132 eya]
761 3085 931 3125 Diximus
949 3094 986 3128 in
1000 3093 1168 3131 Sarritio·

120 3133 225 3172 nibus
255 3134 292 3170 in
324 3134 401 3171 Ibin
428 3135 645 3171 Coroneum
682 3134 842 3172 Asteriae
866 3134 886 3172 a
905 3136 1055 3179 Phoebo
1079 3143 1168 3180 dile-

120 3184 199 3221 ctae
212 3193 348 3231 patrem
363 3183 477 3222 fuiffe:
492 3184 651 3234 indeque
662 3185 1072 3233 Coroniden,penultima
1083 3205 1168 3237 pro..

122 3234 230 3271 dueta
245 3262 254 3276 ,
282 3234 317 3271 id
331 3235 379 3272 est
400 3235 621 3279 Coroneiden,
635 3237 933 3285 patronymicum
946 3236 1088 3274 deduci.
1101 3252 1165 3276 ne-

122 3296 197 3333 que
227 3284 263 3370 {a}
290 3285 448 3326 diximus
464 3314 474 3333 ‚
520 3287 623 3338 quoa
659 3285 877 3341 nesciremus
893 3314 904 3334 ‚
944 3285 1164 3341 Priscianum

257 3347 321 3375 cm.
349 3342 394 3376 Il.

2153 1384 2293 1441 Dira

1240 1524 1543 1575 patronymicum
1577 1525 1651 1563 hoc
1679 1522 1701 1564 a
1723 1531 1837 1562 matre
1862 1521 2080 1569 deflectere,
2107 1536 2203 1574 quae
2227 1531 2297 1561 Ca-

1239 1577 1331 1613 renis
1352 1577 1462 1614 fuerit
1483 1577 1658 1626 appellata
1684 1584 1740 1622 (ut
1759 1576 1902 1614 Servius
1921 1577 1956 1610 in
1978 1574 2117 1612 sextum
2144 1576 2239 1612 Aen.
2253 1576 2294 1613 δε

1239 1628 1324 1665 Ister
1337 1655 1346 1671 ‚
1366 1628 1516 1666 auctore
1539 1629 1710 1676 Hygino,
1737 1627 1949 1671 voluerunt)
1963 1636 2004 1662 ac
2018 1627 2215 1675 Phlegyam
2231 1637 2295 1674 pa-

1237 1686 1331 1716 trem
1358 1679 1535 1716 habuerit.
1565 1679 1624 1716 sed
1649 1678 1751 1727 quod
1775 1679 2039 1715 formationem
2064 1677 2160 1715 hanc
2180 1687 2296 1724 gene-

1236 1730 1351 1767 ralem
1381 1730 1481 1779 sequi
1514 1730 1858 1778 patronymicorum
1892 1727 2054 1776 regulam
2079 1727 2298 1776 agnoscere-

1235 1791 1328 1818 mus.
1357 1780 1491 1817 fabulas
1511 1790 1634 1818 autem
1657 1781 1782 1817 variari
1806 1789 1930 1817 notius
1949 1778 1996 1816 est
2025 1776 2139 1826 quam
2170 1786 2209 1814 ut
2229 1776 2296 1814 de-

1234 1830 1317 1869 beat
1345 1831 1596 1869 demonstrari.
1625 1831 1776 1868 Coun.
1807 1830 1903 1869 FAN.
1934 1829 2023 1866 Non
2058 1828 2105 1865 est
2137 1828 2292 1865 dubium

1234 1882 1431 1919 Coroniden
1458 1884 1759 1932 patronymicum
1793 1879 1862 1918 esse
1893 1879 1915 1916 a
1948 1880 2144 1916 Coroneus
2165 1906 2176 1921 ‚
2216 1878 2292 1915 five

1232 1933 1293 1970 ille
1321 1943 1422 1982 pater
1456 1934 1564 1970 fuerit
1587 1935 1688 1981 ejus,
1726 1943 1836 1980 quam
1863 1929 2002 1978 Apollo
2022 1930 2189 1972 vitiavit,
2215 1928 2291 1965 five

1235 1983 1335 2032 ejus,
1360 1995 1472 2032 quam
1498 1984 1706 2031 Neptunus.
1732 1993 1815 2019 nam
1841 1982 1876 2018 in
1901 1980 2292 2026 hocgrammaticiva-

1232 2036 1339 2071 riant.
1367 2033 1603 2080 Aesculapius
1626 2034 1730 2075 enim
1747 2031 1840 2068 filius
1859 2030 1935 2078 ejus
1957 2030 2048 2073 fuit,
2076 2040 2186 2077 quam
2214 2029 2292 2066 La-

1233 2082 1374 2121 risseam
1408 2092 1519 2121 vocat
1539 2084 1599 2119 lib.
1622 2095 1668 2118 11.
1697 2082 1798 2128 cujus
1819 2081 1898 2128 quis
1918 2080 2027 2117 fuerit
2056 2090 2155 2127 pater
2182 2080 2291 2127 igno-

1230 2144 1272 2170 ro
1295 2162 1305 2177 ‚
1345 2133 1405 2170 sed
1444 2132 1613 2169 existimo
1656 2132 1766 2168 etiam
1812 2132 1988 2167 Coronea
2008 2158 2019 2174 ,
2066 2139 2105 2167 ut
2144 2129 2288 2167 alterius

1233 2182 1347 2230 quam
1385 2183 1422 2219 in
1454 2183 1634 2219 Phocaica
1666 2183 1795 2219 tellure
1824 2182 1988 2230 genitam
2021 2179 2110 2217 dicit
2150 2180 2288 2217 eodem

1231 2233 1325 2270 libro
1353 2245 1399 2269 ex
1429 2234 1631 2274 Cotoneo,
1659 2232 1725 2269 nisi
1754 2233 1835 2280 quis
1865 2231 2063 2268 nominum
2096 2231 2285 2268 vicinitate

1233 2283 1386 2321 confusa
1423 2281 1444 2320 ὲ
1476 2284 1593 2321 Poe'ta
1616 2292 1720 2332 putet
1741 2282 1932 2332 adjectiva.
1957 2282 2166 2319 GLAREAN.
2195 2280 2285 2320 Vid-

1232 2333 1294 2371 lib.
1316 2347 1362 2372 11.
1385 2336 1429 2381 56
1462 2362 1468 2369 .

1282 2386 1366 2432 624.
1393 2346 1612 2435 Cigcumflua
1625 2383 1776 2421 Tibridis
1788 2383 1865 2421 alti.
1879 2383 1895 2433 ]
1926 2383 2015 2420 Non
2029 2382 2077 2420 est
2092 2383 2287 2421 Latinum:

1231 2447 1318 2474 nam
1338 2435 1540 2486 circumflua
1562 2436 1699 2473 Tibride
1719 2444 1795 2473 erat
1815 2433 2027 2473 dicendum.
2047 2434 2193 2483 utapud
2206 2434 2286 2479 Va5

1230 2486 1293 2524 ler.
1315 2487 1487 2524 Flaccum
1503 2488 1563 2525 lib.
1585 2499 1622 2524 v.
1639 2498 1723 2534 449.

1280 2537 1365 2574 Urbs
1381 2549 1454 2574 erat
1475 2537 1530 2574 hic
1548 2548 1668 2574 contra
1685 2567 1693 2583 ,
1718 2537 1851 2585 gemino
1868 2534 2073 2585 circumflua
2090 2544 2208 2585 ponto.

1228 2586 1335 2626 Silius
1356 2588 1417 2625 lib.
1438 2600 1465 2625 1.
1489 2588 1573 2636 289.

1278 2638 1397 2686 Insula
1415 2652 1497 2688 quos
1514 2638 1636 2687 genuit
1656 2639 1764 2686 Grajo
1784 2637 1986 2687 circumflua
2004 2647 2118 2687 ponto.

1225 2689 1262 2726 ἃ
1275 2689 1395 2726 eidem
1413 2689 1500 2726 Silio
1510 2690 1569 2727 lib.
1582 2702 1672 2727 vm.
1687 2691 1769 2737 596.
1783 2695 1912 2725 Verona
1925 2687 2050 2736 Athesi
2060 2684 2281 2736 circumflua.'

1221 2739 1402 2788 scripserat
1422 2740 1520 2777 Naso
1534 2768 1543 2783 ‚
1575 2740 1601 2777 fi
1618 2741 1745 2789 genius
1765 2740 1843 2788 ejus
1863 2740 1956 2776 mihi
1976 2737 2179 2786 perspectus
2200 2737 2246 2772 cst
2263 2763 2274 2776 .

1223 2789 1375 2827 Tibridis
1396 2789 1506 2827 alveo.
1534 2791 1646 2828 Certe
1667 2791 1706 2828 in
1727 2791 1834 2839 prim.
1848 2790 1968 2826 Vatic.
1987 2785 2273 2840 prim.Ambr0s.

1224 2841 1342 2888 Neap.
1362 2842 1400 2878 &
1421 2840 1564 2879 duobus
1586 2841 1789 2884 Mediceis,
1817 2838 1934 2876 undis.
1958 2837 2017 2873 sed
2028 2835 2127 2872 alveo
2140 2845 2273 2873 verius,

1225 2892 1360 2929 Noster
1378 2891 1450 2939 ipse
1468 2892 1528 2929 lib.
1551 2903 1588 2930 v.
1609 2891 1699 2929 Fast.
1721 2892 1806 2935 637.
2024 2934 2029 2939 .

1277 2942 1388 2979 Tibris
1407 2942 1650 2990 arundiferum
1673 2939 1783 2976 medio
1801 2944 1899 2984 caput
1918 2934 2046 2972 extulit
2065 2935 2176 2972 alveo,

1223 2992 1354 3041 Virgil.
1371 2993 1433 3030 lib.
1452 3005 1523 3030 v11.
1545 3002 1629 3038 303.
1836 3035 1842 3041 ι
1891 3035 1897 3041 ·

1278 3059 1280 3062 >
1454 3050 1566 3088 optato
1584 3037 1780 3073 conduntur
1802 3034 1952 3073 Tibrtdis
1970 3035 2081 3072 alveo.

1224 3095 1262 3132 &
1280 3094 1386 3131 initio
1407 3089 1570 3137 ejusdem
1592 3088 1670 3124 libri
1692 3087 1744 3128 iss.
1770 3097 1830 3135 33.
1852 3086 1896 3123 de
1921 3087 2053 3123 eodem
2074 3085 2205 3133 Tibrig

1275 3142 1437 3188 Assuetae
1459 3138 1538 3187 ripis
1559 3137 1714 3173 volucres
1734 3148 1776 3175 c?
1791 3136 1948 3185 fluminis
1967 3136 2067 3173 alveo

1274 3189 1424 3227 AEthera
1446 3187 1644 3225 mulcebant
1661 3196 1778 3224 cantu.

1226 3242 1264 3281 ὃ(
1287 3252 1376 3278 mox
1393 3267 1402 3282 ‚
1430 3250 1515 3287 430.

1401 3339 1438 3380 T
1456 3289 1564 3336 classes
1582 3289 1737 3341 invel‘las
1755 3288 1904 3331 tibridis
1923 3289 2033 3329 alveo.

1454 3347 1564 3381 ttttt
