2483 3616
254 91 1489 189 METAMoRPHosEoN
1561 125 1704 182 Lm.
1778 128 1891 185 vn.

2041 147 2158 198 495·

441 252 905 325 Andemvipereis
932 252 1185 327 Ephyren
1208 255 1453 326 Pirenida
1477 255 1666 326 pennis

439 327 698 398 Contigit.
740 328 829 380 hic
849 344 987 380 aevo
1011 342 1218 383 veteres
1242 328 1482 383 mortalia
1504 328 1680 398 primo

295 402 540 474 Corpora
567 400 846 471 vulgarunt
872 401 1178 470 pluvialibus
1203 395 1347 455 edita
1373 400 1565 470 fungis.

364 473 470 527 Sed
498 472 775 545 postquam
800 470 1017 526 Colchis
1042 472 1158 527 arsit
1183 491 1320 528 nova
1344 484 1510 542 nupta
1536 473 1801 537 venenis,

159 563 257 616 395
296 545 739 618 Flagrantemque
766 543 989 600 domum
1016 546 1155 615 regis
1181 564 1322 600 mare
1346 545 1483 599 vidit
1507 557 1826 618 utrumque3

303 617 567 691 Sanguine
592 632 840 674 natorum
866 618 1202 690 perfunditur
1227 619 1418 692 impius
1444 616 1605 672 enfis:

65 831 146 873 391.
173 822 332 873 Ephyren
346 819 550 870 Pirenida]
581 820 803 859 Corinthum
817 823 873 867 ,in
884 832 955 871 qua
968 820 1050 859 fons

16 874 62 913 est
82 873 219 911 Pirene.
247 873 344 912 Scite
364 880 489 912 autem
507 872 673 909 Pirenida
693 872 942 922 adjecit,nam
957 873 1050 909 mul-

14 934 70 964 tae
85 923 185 961 urbes
213 924 349 962 eodem
377 924 533 962 nomine
558 930 738 961 vocantur
764 951 774 967 ,
814 931 852 961 ut
878 923 1050 960 diximus.

13 977 176 1014 Rmms.
231 974 412 1013 Ceterum
442 973 626 1023 Ephyren,
664 973 707 1011 ab
730 973 875 1023 Ephyre
905 972 1049 1010 Oceani

13 1024 105 1070 filia,
132 1037 226 1074 quae
254 1026 372 1074 prima
406 1036 453 1062 eo
482 1025 555 1062 loci
583 1024 748 1062 habitarit
769 1051 780 1069 ‚
816 1022 950 1062 dietam
978 1031 1049 1061 tra-

13 1076 109 1116 dunt.
121 1076 277 1112 Pirenem
289 1086 414 1115 autem
429 1077 571 1113 fontem
582 1074 768 1113 Pausanias
781 1087 825 1111 11.
837 1086 870 1111 2.
881 1072 1048 1122 quidem,

13 1127 136 1165 Eirene
172 1127 303 1164 Oebali
325 1155 335 1171 ,
364 1127 438 1164 five
453 1154 463 1170 ,
492 1134 532 1163 ut
553 1125 613 1162 alii
634 1125 797 1168 malunt,
826 1124 985 1162 Acheloi
1004 1124 1050 1162 fi-

11 1177 79 1220 lia,
106 1176 245 1215 dietum
278 1186 380 1225 putat
402 1205 411 1222 ‚
439 1188 533 1225 quae
565 1187 649 1213 cum
673 1188 718 1212 ex
742 1176 920 1223 Neptuno
949 1176 1048 1212 Cen-

11 1228 123 1266 chrim
154 1230 192 1265 ὃς
213 1229 365 1266 Lechen
384 1224 597 1277 peperiffet,
624 1225 723 1264 unde
736 1228 959 1274 &portuum
977 1238 1048 1264 no·

11 1279 109 1316 mina
129 1277 290 1323 ibidem,
317 1291 408 1317 mox
438 1276 633 1315 interfeeto
660 1275 681 1313 a
705 1276 826 1314 Diana
856 1276 935 1314 casu
954 1289 1050 1326 quo-

11 1328 92 1367 dam
116 1329 304 1367 Cenchrea
324 1358 334 1374 ,
361 1330 410 1366 ita
439 1339 611 1365 moerore
642 1328 680 1364 δὲ
708 1326 810 1364 lustu
840 1327 1050 1373 contabuit,

11 1380 105 1418 utin
125 1379 269 1416 fontem
291 1379 450 1428 ejusdem
473 1378 656 1421 nominis,
685 1376 871 1424 postremo
891 1378 1052 1416 delicue·

12 1430 68 1468 rit.
106 1429 386 1468 Cominentaria
416 1436 540 1466 autern
573 1427 754 1476 Euripidis
776 1429 944 1466 Pirenem
966 1430 1050 1466 fon-

16 1487 90 1518 tem
108 1480 151 1518 ab
174 1480 299 1529 Asopo
316 1482 508 1518 inventurn
522 1507 532 1523 ‚
546 1480 583 1516 ὃ(
599 1478 750 1528 Sisypho
764 1481 838 1527 regi
851 1491 1047 1518 common-

14 1530 158 1569 stratum
178 1531 324 1575 dicunt,
352 1531 503 1578 praemii
519 1530 629 1574 loco,
655 1541 770 1577 quum
792 1530 851 1566 ille
863 1531 1049 1579 Aeginam

11 1580 123 1619 filiam
152 1580 172 1618 a
200 1581 292 1627 Jove
319 1590 457 1629 raptam
480 1609 491 1625 ,
530 1581 620 1628 patri
648 1580 774 1627 Asopo
808 1581 1019 1628 prodidisset
1038 1609 1050 1624 .

13 1631 237 1679 conspicatus
258 1632 354 1669 illam
375 1644 419 1668 ex
438 1643 519 1668 arce
544 1631 776 1668 <forinthi21ca
792 1659 802 1675 ,
829 1643 923 1680 quae
944 1633 992 1669 ob
1011 1633 1049 1671 id

14 1683 174 1731 speculae
197 1694 334 1719 nomeu
359 1682 529 1730 deinceps
550 1681 746 1718 retinuerit.
783 1682 895 1730 Apud
917 1683 1051 1720 Corin·

16 1733 117 1770 thum
151 1732 240 1770 vero
273 1734 473 1782 antiquitus
511 1733 683 1770 homines
712 1732 832 1770 ferunt
861 1745 905 1771 ex
931 1734 1050 1783 fungis

16 1791 125 1822 ortos.
153 1783 378 1825 Micrtrus.

67 1845 148 1883 394.
181 1841 280 1871 Nova
304 1835 452 1884 nupta]
501 1837 627 1884 Creusa
646 1836 814 1874 Creontis
836 1836 1052 1874 Corinthio-

16 1896 94 1923 rum
114 1887 203 1934 regis
224 1885 304 1923 filia.
333 1887 501 1924 Remus.
530 1886 715 1924 Pausanias
736 1887 796 1924 lib.
816 1899 860 1923 11.
887 1899 919 1936 3.
944 1887 1052 1924 &alii

15 1934 166 1972 Glaucen
183 1945 338 1980 vocant,
366 1949 476 1985 quam
498 1936 561 1974 hic
572 1940 737 1983 Creusam
760 1938 916 1986 Regius:
947 1939 1052 1975 &in-

14 1983 62 2023 de
79 1987 187 2022 etiarn
201 1987 281 2032 fons
304 1987 445 2024 Glauces
464 1987 661 2036 appellatur
676 2015 687 2031 ,
712 1989 749 2025 in
771 2001 840 2036 qua
863 1989 920 2025 illa
942 2000 1055 2025 vene-

15 2047 107 2073 num
127 2036 270 2075 abluere
288 2038 408 2074 voluit
427 2066 439 2082 ,
467 2050 543 2086 quo
570 2050 615 2075 ex
638 2039 734 2075 veste
758 2037 778 2074 a
798 2040 932 2075 Medea
955 2037 1056 2076 mil'sa

14 2085 152 2122 inseeta
173 2087 301 2124 fuerat.
339 2089 435 2124 Nam
457 2096 595 2135 praeter
615 2100 791 2126 coronam
809 2117 818 2132 ‚
847 2089 890 2126 de
911 2102 980 2138 qua
993 2090 1056 2127 hic

17 2134 150 2172 dicitur
174 2164 182 2178 ‚
221 2135 331 2174 etiarn
361 2138 497 2174 vestem
530 2151 676 2177 veneno
700 2139 852 2177 tinetam
875 2139 895 2177 a
919 2141 1054 2178 Medea

16 2185 69 2222 illi
90 2184 230 2222 missam
246 2186 402 2225 tradunt.
427 2188 612 2227 Praeterea
633 2201 754 2239 neque
774 2191 818 2228 de
829 2200 927 2239 patre
938 2191 1054 2229 Creu-

17 2235 74 2272 sae
101 2235 175 2272 five
205 2236 385 2281 Glauces,
412 2245 556 2276 autores
583 2240 823 2279 consentiunt.
875 2243 971 2280 Nam
993 2242 1054 2280 alii

20 2285 223 2323 Creontem
247 2295 382 2325 vocant
395 2315 406 2331 ,
432 2288 492 2325 alii
512 2289 705 2338 Hippoten
721 2319 730 2335 ,
744 2291 913 2330 Creontis
922 2292 1051 2331 filium.

22 2337 119 2374 Nam
141 2337 219 2384 post
241 2337 530 2386 Bellerophontis
545 2341 687 2378 obitum
702 2368 711 2383 ‚
741 2343 911 2380 Corinthi
926 2355 1054 2392 regna-

24 2387 74 2424 vit
87 2387 294 2436 Lycaethus
308 2416 316 2431 ‚
329 2387 406 2436 post
420 2389 652 2437 Lycaethum
672 2391 796 2428 Creon
806 2393 898 2440 ,post
911 2394 1055 2430 Creon-

23 2444 96 2475 tem
124 2438 305 2486 Hippotes
326 2467 336 2483 ,
378 2439 479 2488 cujus
507 2439 618 2477 filiam
654 2439 789 2478 duxiffe
821 2455 975 2479 uxorem
996 2444 1055 2489 Ja-

23 2485 85 2525 son
106 2488 276 2526 traditur:
305 2498 411 2527 autor
433 2491 957 2539 CommentatorEuri‘pidisin
969 2494 1056 2529 Me-

25 2536 98 2575 dea.
110 2538 165 2581 J'ls.
179 2551 237 2576 20.
250 2540 425 2577 MicrLL.
447 2540 631 2578 Videntur
640 2540 787 2589 quidam
800 2542 969 2580 hocloco
982 2544 1055 2580 Re-

23 2588 118 2635 gium
139 2589 422 2638 quodammodo
443 2602 588 2639 carpere
606 2602 649 2628 ac
670 2591 858 2635 vellicare,
883 2605 967 2630 cum
992 2605 1056 2641 per

25 2650 151 2676 novam
187 2649 330 2689 nuptam
363 2640 535 2679 Creusam
566 2642 737 2678 Creontis
775 2642 1055 2681 Corinthiorum

26 2690 113 2736 regis
133 2689 264 2735 filiam,
300 2691 531 2730 intellexerit.
578 2690 648 2729 Sed
667 2691 706 2728 hi
724 2691 846 2729 frustra
867 2702 989 2742 agunt.
1018 2695 1057 2732 ὃς

25 2738 119 2825 {este
139 2751 246 2789 atque
263 2742 406 2790 optime
425 2742 590 2792 Raphae‘l
611 2741 743 2779 noster.
797 2743 956 2782 Ovidius
973 2757 1015 2783 xr
1027 2757 1057 2783 1.

75 2842 196 2887 Qam
214 2841 277 2877 tibi
294 2851 378 2880 tunc
395 2842 488 2892 longe
508 2858 652 2894 regnum
672 2845 786 2883 dotale
807 2846 952 2894 Creusae
967 2874 979 2891 ‚

27 2936 60 2977 E
126 2891 299 2978 ΕᾸβΥθΥ,
326 2904 370 2932 Θ·
386 2895 505 2943 magni
523 2906 634 2946 nupta
656 2897 813 2935 Creontis
829 2907 915 2934 erat.

61 2948 74 2977 t
96 2951 128 2977 1.
184 2949 224 2978 rt.
244 2953 262 2990 3
271 2954 328 2990 35.

76 2990 144 3026 Cui
169 3004 236 3047 aon
255 2991 376 3043 defleta
398 2994 439 3041 est
463 2996 657 3046 Ephyraeae
669 2996 824 3049 flamma
843 2997 991 3049 Creusae
1004 3009 1020 3039 ἒ

29 3037 231 3087 Propertius
253 3055 296 3079 11.
321 3056 417 3080 xvix.
437 3057 480 3081 11.

82 3090 244 3146 Colchida
257 3091 306 3141 sic
326 3094 435 3143 hospes
445 3098 625 3150 ¹quondam
649 3099 772 3150 decepit
796 3101 914 3149 Ic'isbn;

101 3185 106 3190 ι
132 3143 244 3196 Εμρἱα
264 3144 326 3188 cll.-
356 3155 467 3181 tenuit
490 3159 638 3197 namque
657 3152 785 3199 Creusa
804 3151 955 3190 domum.

37 3188 168 3227 Seneca
186 3202 221 3228 in
239 3193 375 3232 Medea
398 3196 483 3234 816.

135 3294 167 3327 Τ
234 3248 291 3331 TIuI
304 3258 395 3283 nunc
414 3247 516 3295 vestes
537 3246 655 3297 tingue
680 3250 834 3298 Creufize.

162 3303 225 3331 om.
290 3320 297 3330 .

1958 688 2142 756 [Uitam

1108 822 1155 861 Et
1176 834 1261 871 921.

1279 871 1466 924 Qudquid
1485 884 1526 910 ex
1543 871 1602 910 illo
1619 880 1720 909 tuum
1741 870 1784 919 est

1157 925 1286 973 Creusa
1299 924 1438 973 peperit.
1501 957 1510 959 ,

1105 974 1246 1011 Verum
1272 974 1460 1022 Euripides
1482 975 1520 1012 in
1541 972 1701 1017 Medea,
1730 973 1767 1010 &
1787 969 2037 1020 Apollodorus
2059 982 2141 1010 eam

1107 1025 1272 1062 Glaucen
1293 1033 1439 1062 vocant.
1492 1025 1573 1061 Nec
1596 1023 1644 1060 ob
1664 1023 1701 1061 id
1720 1022 1853 1060 fallitur
1877 1023 2034 1071 Regius:
2063 1034 2143 1060 non

1107 1076 1206 1113 enim
1230 1074 1249 1111 a
1269 1075 1389 1122 po‘e‘tis
1409 1074 1456 1111 est
1478 1073 1684 1123 quaerenda
1695 1072 2144 1111 veritas.Croi=.Glaucam

1103 1127 1215 1164 etiam
1229 1127 1413 1162 Lucianus
1425 1124 1617 1174 aliquoties
1639 1133 1760 1167 vocat5
1778 1132 1817 1161 ut
1830 1124 1873 1160 de
1885 1123 2005 1160 Saltat.
2017 1135 2051 1172 p.
2063 1137 2079 1170 ς
2089 1135 2146 1161 η.

1105 1177 1144 1214 &
1166 1188 1246 1225 521.
1276 1177 1312 1213 &
1334 1176 1502 1213 Lutatius
1523 1175 1566 1212 ad
1600 1175 1686 1212 Stat.
1715 1187 1749 1212 v.
1768 1185 1851 1223 403.
1882 1175 1920 1211 &
1941 1173 2024 1220 456.
2050 1185 2146 1221 quae

1105 1227 1288 1265 diversitas
1307 1226 1392 1264 inde
1412 1226 1610 1274 provenit,
1636 1226 1722 1273 quia
1752 1224 1879 1273 Creusa
1899 1235 2039 1261 nomen
2065 1235 2146 1261 non

1105 1277 1154 1315 est
1182 1276 1370 1326 proprium
1390 1291 1400 1319 3
1433 1276 1490 1313 sed
1516 1276 1617 1325 quod
1638 1275 1748 1313 filiam
1777 1276 1868 1323 regis
1891 1281 2018 1317 notat;
2048 1273 2148 1310 unde

1104 1328 1222 1377 plures
1245 1329 1355 1371 etiarn
1380 1327 1524 1376 Creusae
1545 1333 1810 1364 memorantur.
1826 1333 1866 1362 ut
1887 1325 1998 1362 etiam
2020 1329 2148 1360 Creon-

1106 1389 1178 1422 tes,
1222 1379 1260 1416 id
1292 1378 1340 1416 est
1378 1389 1491 1426 reges.
1528 1377 1665 1414 vestem
1695 1387 1786 1413 vero
1819 1373 1961 1413 missam
1990 1373 2146 1412 Creusae

1108 1431 1220 1468 etiam
1238 1429 1298 1468 alii
1315 1428 1497 1467 testantur.
1524 1428 1657 1465 Horat.
1680 1425 1800 1475 Epod.
1821 1437 1857 1463 v.

1333 1485 1409 1516 Cur
1433 1479 1511 1516 dira
1531 1477 1698 1515 barbarae
1720 1477 1838 1514 minus

1261 1535 1395 1567 Venena
1416 1530 1557 1566 Medeae
1573 1528 1721 1566 valent?

1157 1581 1296 1631 Qibus
1306 1580 1490 1630 superbam
1500 1579 1596 1628 fugit
1619 1579 1697 1616 ulta
1712 1577 1867 1629 pellicem

1259 1632 1384 1679 Magni
1405 1632 1563 1667 Creontis
1577 1629 1709 1677 filiam,

1156 1687 1249 1719 Cum
1266 1683 1362 1731 palla
1376 1710 1385 1725 ,
1414 1681 1492 1718 tabo
1509 1694 1636 1718 munus
1663 1680 1839 1718 imbutum
1851 1708 1862 1727 ,
1889 1694 2021 1719 novam

1261 1732 1419 1769 incendio
1440 1740 1583 1781 nuptam
1608 1731 1758 1778 abstulit.

1110 1782 1181 1821 Ubi
1211 1783 1332 1821 Schol.
1345 1783 1430 1832 sunt
1454 1782 1514 1833 qui
1538 1783 1698 1818 Medeam
1718 1795 1785 1819 non
1800 1782 1935 1832 pallam
1948 1810 1958 1826 ,
1977 1780 2041 1829 sed
2061 1782 2151 1818 coro-3

1107 1848 1191 1870 nam
1212 1833 1364 1871 Glauciae
1384 1833 1502 1882 dediffe
1523 1833 1659 1871 volunt.
1685 1832 1784 1870 idem
1808 1844 1959 1883 quoque
1970 1831 2016 1870 ad
2030 1832 2149 1881 Epod.

1111 1897 1194 1923 111.

1211 1942 1282 1972 Hoc
1302 1935 1461 1973 delibutis
1483 1935 1560 1972 ulta
1580 1934 1677 1971 donis
1691 1934 1844 1984 pellicem

1314 1994 1466 2034 Serpente
1486 1987 1575 2034 fugit
1595 1986 1688 2022 alite.
1765 1994 1768 1997 '

1109 2037 1219 2074 Donis
1249 2040 1401 2085 exponit
1429 2036 1586 2083 vestibus.
1627 2036 1749 2073 Valer.
1782 2036 1878 2073 Flac.
1910 2035 1972 2073 lib.
1994 2047 2033 2073 v.
2063 2038 2149 2083 449ss

1110 2091 1304 2137 utramque
1327 2088 1541 2137 conjungit:

1469 2137 1687 2186 'l‘urbataque
1702 2136 1818 2186 pellice
1839 2135 1960 2183 conjux

1161 2190 1303 2227 Pallam
1315 2218 1324 2234 ‚
1352 2201 1396 2230 er
1408 2190 1626 2239 gemmiferae
1644 2187 1773 2225 donum
1793 2185 1931 2223 exitiale
1948 2197 2098 2235 coronae,

1161 2242 1225 2278 Ad
1247 2251 1338 2278 arat.

1108 2291 1157 2329 Et
1173 2251 1369 2329 itapSenec.
1391 2291 1493 2327 Med.
1514 2302 1598 2339 570.
1625 2290 1687 2327 ubi
1708 2289 1921 2326 Gronovius
1948 2286 2155 2335 videndus,·

1109 2343 1173 2390 qui
1193 2351 1298 2379 notat
1320 2341 1496 2391 quosdam
1518 2342 1584 2379 tria
1604 2340 1701 2377 dona
1725 2336 1824 2376 iuiffa
1844 2338 2038 2386 agnoscere
2050 2354 2060 2382 ;
2090 2340 2152 2379 sed

1109 2404 1311 2440 perperam.
1338 2392 1465 2428 infecit
1486 2403 1576 2428 vero
1601 2390 1766 2438 Naptha,
1795 2397 1834 2425 ut
1848 2389 1925 2438 jam
1949 2389 2085 2438 Regius
2112 2393 2152 2429 δε

1112 2443 1339 2479 Munckerus
1365 2440 1409 2478 ad
1439 2441 1580 2488 Hygin.
1601 2441 1671 2476 fab.
1693 2452 1750 2487 25.
1771 2439 2016 2476 ostenderunt.
2050 2441 2150 2479 Vide

1111 2491 1201 2528 Plin.
1221 2505 1265 2528 11.
1298 2503 1378 2538 ως.
1407 2490 1535 2526 Colcha
1546 2502 1636 2527 vero
1665 2502 1799 2526 venena
1828 2489 1982 2537 appellat
2004 2490 2152 2536 Noster,

1110 2552 1186 2577 non
1217 2543 1301 2590 quia
1323 2542 1469 2589 Naptha
1497 2542 1535 2578 in
1562 2539 1742 2577 Colchide
1771 2539 1952 2578 nascitur.
1983 2540 2042 2576 sed
2067 2543 2154 2590 quia

1113 2591 1248 2629 Medea
1271 2591 1448 2629 Colchica
1478 2590 1520 2628 ea
1558 2590 1618 2628 usa
1635 2590 1727 2634 fuit,
1754 2589 1851 2628 unde
1880 2589 2020 2632 Μηδείκς
2046 2592 2152 2631 ’ἔλαιον

1112 2649 1237 2685 vocari
1251 2648 1378 2686 docuit
1391 2647 1532 2684 Salmas.
1546 2647 1743 2685 Exercitat.
1771 2645 1860 2683 Plin.
1879 2657 1959 2694 pag.
1974 2658 2013 2687 17
2024 2659 2053 2682 1.
2077 2648 2153 2687 Ubi

1113 2698 1213 2745 plura
1235 2699 1279 2736 de
1298 2699 1466 2745 Naptha;
1495 2699 1532 2735 &
1555 2698 1652 2735 reete
1672 2698 1783 2735 docet
1800 2695 1821 2732 a
1838 2695 2048 2744 quibusdam
2074 2698 2155 2734 Col-

1115 2749 1232 2785 chicon
1253 2749 1429 2787 confundi
1449 2759 1534 2786 cum
1558 2747 1723 2798 Naptha,
1750 2748 1836 2797 quia
1850 2747 1977 2784 oleum
1991 2748 2152 2786 Medeae

1110 2800 1278 2848 Naptha‚
1307 2799 1379 2836 dici
1409 2799 1615 2836 Colchicon
1647 2801 1757 2836 etiam
1790 2797 2020 2836 crediderint.
2047 2799 2154 2837 &ita

1109 2850 1235 2898 paffini
1262 2851 1400 2888 Poe'tae
1431 2848 1558 2886 Colcha
1591 2851 1628 2887 &
1657 2849 1816 2886 Colchica
1840 2859 1983 2885 venena
1995 2858 2154 2893 vocant,

1109 2901 1238 2947 quibus
1260 2900 1395 2938 Medea
1409 2899 1468 2938 usa
1489 2900 1570 2938 fuit.
1598 2900 1684 2938 Vid.
1703 2901 1813 2950 Epist.
1833 2900 1888 2936 vi.
1913 2909 1994 2946 131.
2008 2900 2044 2936 ἃ
2057 2900 2152 2937 alibi.

1110 2950 1324 2988 BURMANN.
1368 2979 1371 2980 γ

1165 3003 1248 3050 296.
1276 3008 1423 3051 Utroque
1428 3002 1598 3050 sanguine
1617 3013 1779 3040 natorum
1795 3002 2017 3052 perfunditur
2027 2999 2151 3047 impius

1111 3051 1203 3101 ensis.
1224 3052 1239 3102 ]
1296 3054 1445 3090 Locum
1475 3055 1574 3091 hunc
1605 3054 1772 3091 illustravi
1799 3055 1835 3090 in
1858 3054 1948 3089 meis
1968 3052 2003 3087 in
2024 3050 2082 3104 lib.
2103 3061 2150 3086 11.

1112 3103 1222 3141 Trist.
1242 3103 1405 3140 Scholiis.
1432 3105 1650 3141 Crorauus.
1698 3110 1886 3151 Utrumque
1904 3100 2079 3137 tredecim
2102 3110 2150 3136 ex

1111 3154 1377 3190 vetustioribus.
1410 3154 1517 3190 Unde
1536 3154 1771 3202 sagacissimus
1794 3150 2007 3188 Gronovius
2027 3148 2071 3186 ad
2088 3149 2152 3186 Se-

1114 3215 1197 3240 nec.
1218 3202 1318 3239 Med.
1333 3204 1412 3247 148.
1439 3215 1564 3242 veram
1586 3203 1788 3241 lediionciri
1809 3201 1913 3239 unius
1933 3199 2056 3237 literae
2067 3211 2153 3236 mu-

1116 3254 1256 3290 tatione
1276 3253 1443 3297 eruebat,

1639 3302 1721 3338 Rrr
2071 3298 2154 3349 Ἠιτ-λ
