2483 3616
199 219 303 290 986

649 207 726 265 Ρ.
798 199 1204 262 OVIDII
1281 201 1816 261 NASONIS

497 326 628 398 Quo
654 324 817 385 satuS‚
855 317 1080 390 antiquo
1104 315 1278 371 tenuit
1300 316 1528 389 repetita
1550 316 1776 377 Latinus

496 398 731 454 Nomina
754 410 881 448 cum
906 391 1119 463 sceptro
1145 407 1158 444 :
1200 389 1403 444 clarum
1426 389 1560 444 subit
1586 391 1725 446 Alba
1749 393 2035 450 Latinum:

498 471 689 543 Epitos
712 485 780 522 ex
805 465 898 520 illo
921 463 1010 519 est.
1047 461 1164 536 post
1185 464 1329 518 hunc
1353 461 1731 533 Capetusque,
1768 465 2083 542 Capysque;

502 542 608 598 Sed
633 541 808 611 Capys
835 550 958 592 ante
981 536 1098 591 fuit.
1135 551 1363 607 regnum
1386 533 1679 590 Tiberinus
1713 534 1776 587 ab
1801 537 1897 592 illis

360 625 453 691 615
497 613 690 685 Cepit;
731 611 786 666 &
812 611 868 666 in
893 610 1062 666 Tusci
1093 606 1363 662 demersus
1393 604 1626 661 fluminis
1653 607 1808 660 undis

499 685 734 742 Nomina
755 683 884 739 feeit
907 700 1088 755 aquae.
1129 680 1198 735 de
1223 697 1335 752 quo
1363 679 1730 752 Remulusque
1748 719 1764 742 ‚
1786 680 2049 753 feroxque

502 762 707 815 Acrota
731 757 847 811 sunt
872 755 1037 827 geniti
1066 772 1076 808 :
1118 754 1381 808 Remulus
1409 752 1666 806 maturior
1690 752 1837 808 annis

502 831 784 887 Fulmineo
809 828 994 900 periit,
1031 826 1268 882 imitator
1296 825 1559 890 fulminiS‚
1597 823 1725 880 istu.

210 1057 264 1089 rat
283 1047 319 1087 id
337 1048 472 1086 mirum
493 1043 609 1082 videri
623 1069 634 1087 ‚
659 1040 720 1079 sed
740 1041 778 1080 in
799 1040 987 1083 carmine;
1015 1037 1081 1076 nisi
1104 1037 1207 1088 quod
1220 1038 1260 1076 in

213 1100 321 1138 Fastis
341 1099 414 1136 duo
437 1096 595 1134 carmina
612 1090 741 1131 omissa
755 1120 764 1136 ,
791 1093 852 1130 hic
864 1092 1005 1140 aliquot
1018 1091 1179 1129 omnino
1192 1089 1260 1128 sus-

213 1152 340 1200 picor,
371 1151 409 1186 &
429 1148 717 1184 Commentator
739 1144 829 1181 haec
843 1171 853 1186 ,
878 1141 978 1191 quasi
988 1141 1179 1179 nihiladfit
1190 1141 1260 1179 dif-

214 1200 404 1244 ficultatis,
431 1198 562 1236 leviter
592 1193 764 1239 transilit,
803 1205 872 1231 nos
898 1195 934 1230 in
963 1192 1188 1241 Dionysium
1218 1203 1261 1229 ae

216 1253 371 1289 Livium
397 1250 458 1287 lib.
478 1261 505 1286 1.
535 1259 612 1296 cap.
636 1258 668 1296 3.
695 1243 994 1282 annotationibus
1015 1242 1143 1288 editis,
1170 1243 1263 1280 haec

215 1302 340 1340 multis
371 1298 597 1338 differuimus
611 1326 620 1341 ,
649 1308 760 1346 quare
778 1296 838 1333 hie
860 1295 979 1332 obiter
998 1305 1040 1331 ea
1063 1295 1264 1343 attigimus.

217 1354 426 1391 GLAREAN.
465 1349 611 1399 Ascanii
632 1346 833 1384 binominis.-
863 1345 1023 1383 duorum
1047 1347 1262 1382 nominum.

216 1404 394 1452 Legimus
422 1410 547 1439 autem
563 1428 574 1445 ‚
602 1411 680 1436 non
701 1397 818 1436 solnm
838 1396 1012 1434 homines
1033 1395 1169 1443 duplici
1190 1407 1262 1433 no-

216 1456 322 1492 mine
351 1453 551 1502 appellatos
583 1448 678 1493 effe,
706 1458 746 1486 ut
776 1448 952 1485 Ascanius
980 1447 1017 1483 &
1039 1447 1161 1492 Julus;
1190 1447 1263 1484 Po-

216 1504 352 1543 stumus
381 1505 419 1541 &
451 1503 613 1545 Silvius;
655 1499 856 1538 Numerius
885 1498 924 1535 &
946 1497 1144 1545 Quinfflus
1166 1497 1264 1546 apud

217 1557 275 1593 M.
296 1554 464 1593 Tullium
487 1565 552 1603 pro
578 1552 720 1589 Sextio:
742 1547 870 1587 verum
886 1548 1018 1586 fluvios
1031 1560 1198 1597 quoque,
1223 1556 1263 1586 ut

217 1606 335 1644 Padus
363 1607 401 1643 δε
429 1604 631 1646 Eridanus;
675 1600 760 1638 Ister
791 1601 829 1637 &
861 1599 1074 1643 Danubius;
1105 1600 1143 1636 &
1174 1598 1264 1643 alia,

220 1669 314 1706 quae
333 1667 475 1706 parcam
494 1654 657 1693 scribere.
683 1650 776 1689 illud
797 1649 889 1688 vero
911 1661 989 1687 non
1010 1649 1265 1687 omittendum

174 1720 178 1724 ·
223 1708 300 1752 est,
334 1706 512 1756 quosdam
546 1701 714 1752 scripsisse
737 1731 746 1743 ‚
785 1701 986 1739 Ascanium
1014 1700 1184 1739 &Ilium
1212 1700 1267 1739 di-

223 1758 323 1796 etum
343 1756 436 1801 effe,
463 1768 541 1794 non
559 1755 698 1802 Julum.
727 1753 896 1789 CioFAN.

274 1809 359 1846 610.
387 1805 536 1854 Succeffit
567 1806 699 1842 Silvius
727 1803 819 1851 illi.]
861 1803 935 1840 Hic
962 1801 1180 1840 Posthumus
1202 1803 1272 1841 fuit

223 1859 377 1898 Aeneae
399 1870 443 1895 ex
468 1857 623 1895 Lavinia
641 1865 757 1893 natus.
788 1853 929 1903 sylvius
949 1862 1071 1891 autem
1097 1861 1273 1898 vocatus,

224 1909 328 1960 quod
356 1910 393 1947 in
415 1908 521 1957 sylvis
543 1919 626 1945 cum
654 1915 770 1944 matre
789 1917 809 1943 a
828 1905 968 1954 pastore
986 1904 1149 1954 quodam
1171 1904 1274 1954 Tyr-

226 1962 344 1998 rheno
368 1958 541 1997 educatus
571 1956 669 1995 essct.
696 1957 824 1994 auctor
847 1955 1003 2005 Dionys.
1021 1955 1086 1996 lib.
1108 1969 1135 1994 1.
1162 1956 1274 1994 Cete-

226 2023 308 2050 tum
341 2012 434 2048 inter
463 2008 631 2058 Sylvium
662 2008 761 2045 hunc
788 2008 826 2044 &
858 2007 1060 2051 Latinum,
1096 2008 1160 2056 qui
1182 2019 1275 2045 mox

225 2063 402 2111 sequitur,
425 2059 625 2107 Dionysius
636 2057 798 2095 recenset
811 2058 978 2094 Aeneam
991 2058 1158 2106 Sylvium
1173 2086 1183 2102 ‚
1213 2069 1277 2095 cu-

222 2114 282 2163 jus
304 2113 341 2149 &
366 2111 465 2159 Virg.
481 2109 653 2147 meminit
669 2108 795 2146 lib.v1.
822 2112 869 2144 Et
879 2108 982 2157 quite
998 2108 1134 2144 nomine
1147 2108 1278 2151 reddet,

227 2163 367 2212 Sylvius
396 2165 558 2205 Aeneas,
585 2161 719 2208 pariter
739 2159 865 2207 pietate
889 2157 948 2194 vel
979 2159 1088 2195 armis
1109 2158 1280 2206 Egregius.

225 2216 405 2252 Mrem..
436 2213 524 2249 Hoc
544 2212 655 2248 etiam
676 2209 850 2258 fignificat
871 2220 922 2246 iv.
949 2208 1037 2246 Fast.
1051 2220 1108 2258 39.
1129 2210 1189 2246 ubi
1204 2209 1280 2245 Ae-

225 2277 317 2303 neae
329 2263 557 2313 prosequitur
567 2261 836 2311 genealogiam,
855 2259 1029 2310 additque
1042 2271 1154 2309 quare
1165 2258 1282 2297 dietus

230 2316 277 2354 est
304 2314 462 2352 Silvius:

282 2386 442 2422 Venimus
462 2383 509 2420 ad
524 2382 614 2429 felix
633 2381 825 2431 aliquando
846 2393 971 2417 nomen
994 2380 1061 2417 Iuli
1073 2395 1084 2425 ;

332 2436 428 2472 L'nde
448 2436 570 2470 domus
592 2439 731 2470 Teucros
743 2432 851 2477 Julia
872 2431 988 2479 tangit
1008 2444 1108 2468 avos.

284 2487 460 2534 Postumus
483 2485 584 2525 hinc.
606 2484 666 2533 qui
688 2483 777 2533 quod
787 2482 892 2531 silvis
907 2481 984 2528 fuit
1005 2493 1098 2519 ortus
1116 2481 1154 2519 in
1175 2479 1282 2525 altis,

336 2537 467 2572 Silvius
486 2536 524 2572 in
544 2536 648 2571 latta
667 2544 764 2583 gente
783 2543 928 2569 vocatus
941 2543 1029 2570 erat.

235 2599 365 2636 Livius
385 2599 444 2636 lib.
466 2612 492 2635 1.
521 2598 653 2634 Silvius
683 2598 804 2635 deinde
826 2608 968 2645 regnat,
1000 2596 1149 2646 Ascanii
1161 2595 1283 2644 filius,

239 2650 316 2696 casu
347 2649 495 2697 quodam
524 2650 561 2685 in
582 2649 685 2697 silvis
717 2660 832 2684 natus.
861 2648 1032 2685 ConAN.
1067 2648 1220 2683 Succedit
1252 2645 1287 2684 S.

237 2700 355 2735 Marci
370 2727 378 2740 ‚
416 2699 628 2746 bernegger.
651 2699 756 2748 prim.
777 2699 952 2738 vatican.
974 2706 1057 2737 tert.
1080 2698 1220 2736 Medic.
1245 2698 1283 2734 ὃς

241 2749 299 2786 alii
324 2750 465 2797 vigum.
496 2750 639 2787 Hfims.

291 2801 374 2836 611.
404 2800 481 2847 ’ῥᾴω
506 2799 631 2846 satus,
666 2800 810 2847 antiquo
842 2801 954 2837 tenuit
973 2798 1116 2848 repetita
1139 2797 1287 2835 Latinus

239 2850 396 2889 N-„mina
420 2861 495 2884 cum
511 2848 654 2896 sceptro.-
678 2848 789 2883 clarus
804 2849 899 2895 subit
919 2850 1014 2885 Alba
1031 2849 1154 2885 Latino
1169 2877 1178 2893 ‚
1210 2847 1288 2896 Epi-

241 2914 298 2938 rus
325 2914 366 2936 ex
393 2898 497 2948 illa]
523 2898 565 2935 ln
585 2910 656 2942 eo,
680 2910 791 2946 quem
817 2897 920 2947 supra
940 2900 1137 2936 citavimus
1153 2925 1164 2943 ,
1193 2899 1287 2935 libro

243 2954 341 2991 idem
365 2951 435 2987 ait:

294 3010 404 3053 Isque,
425 2999 562 3042 Latine,
586 2997 648 3034 tibi
665 3006 764 3046 pater
783 2996 847 3044 est,
868 2996 966 3044 subit
987 2997 1083 3033 Alba
1098 2997 1289 3041 Latinum,

345 3051 527 3088 proximus
547 3050 589 3095 est
608 3048 724 3085 situlis
746 3049 865 3092 Epitus
879 3075 889 3091 ,
914 3046 1031 3089 Alba,
1052 3047 1132 3084 tuis.

242 3105 370 3142 Livius
393 3102 479 3139 loco
503 3099 604 3147 supra
628 3102 739 3136 citato
763 3099 977 3135 dehocita:
1006 3097 1138 3133 silvius
1152 3101 1290 3133 Aeneas

242 3154 362 3191 deiude
384 3152 551 3189 Latinum
574 3151 725 3185 Silvium
748 3160 838 3185 creat
853 3177 862 3191 ,
890 3148 934 3184 ab
952 3162 985 3184 eo
997 3148 1143 3184 coloniae
1155 3148 1289 3197 aliquot

244 3207 428 3247 daim-tae,
450 3201 552 3251 prisci
582 3200 703 3236 Latini
729 3200 900 3248 appellati.
929 3198 1063 3247 Mansit
1082 3198 1213 3235 Silvius
1232 3207 1290 3246 po·

243 3256 309 3300 ,aim
322 3254 476 3289 omnibus
487 3264 663 3299 cognomen
678 3279 688 3294 ‚
709 3253 768 3299 qut
784 3250 898 3285 Albae
911 3260 1111 3298 regnarunt.
1126 3248 1151 3285 ἂι
1165 3249 1288 3285 Latino

247 3304 344 3340 Alba
356 3316 448 3338 ortus
462 3331 471 3345 ‚
501 3302 598 3338 Alba
613 3306 703 3348 Atys
718 3328 728 3344 ,
759 3304 852 3348 Atye
863 3306 987 3348 Capys,
1001 3306 1114 3349 Capye
1127 3305 1287 3348 Capetus,

247 3359 370 3403 Cassio
400 3353 585 3392 Hiberiam.
612 3363 726 3401 quem
757 3351 917 3389 Ovidius
938 3361 1018 3390 tum
1037 3353 1121 3398 hic,
1150 3360 1230 3391 tum
1249 3352 1288 3389 in.

2240 904 2286 959 F
2286 925 2368 962 ra-

1312 1036 1422 1076 Fastis
1435 1037 1587 1086 Epitum
1599 1035 1767 1086 appellat.
1783 1037 1913 1079 Livius
1927 1039 2034 1079 Atim
2043 1047 2167 1079 vocat.
2196 1041 2369 1084 Cxomm

1365 1089 1451 1126 611.
1479 1087 1669 1138 Raetica]
1701 1089 1925 1138 conjecerat
1946 1093 2036 1130 olim
2052 1092 2181 1130 Heius.
2196 1094 2365 1134 recidiva.

1314 1148 1356 1227 ilit
1371 1140 1431 1226 lin.
1449 1152 1505 1197 iv.
1523 1139 1613 1178 Fast.
1632 1153 1691 1190 45.
1720 1140 1780 1178 Ille
1799 1141 1895 1180 dedit
1915 1144 2024 1193 Capyi
2042 1143 2203 1181 recidiva
2215 1145 2368 1185 vocabu-

1335 1203 1357 1227 α
1406 1204 1506 1240 roJae.

1370 1242 1457 1279 612.
1486 1240 1615 1278 Clarus
1635 1241 1736 1289 subit
1763 1243 1862 1281 Alba
1890 1244 2056 1294 Latina]
2095 1244 2139 1283 In
2171 1246 2372 1293 omnibus,'

1319 1291 1449 1330 Clarus
1459 1291 1558 1341 subit
1579 1305 1648 1329 ecce
1668 1293 1806 1332 Latino.
1837 1295 1906 1334 Sed
1926 1296 2096 1344 profesto
2116 1296 2208 1335 Alba
2229 1298 2369 1338 Latino

1317 1344 1490 1382 succeffit.
1518 1342 1605 1380 ideo
1625 1355 1693 1382 nos
1714 1344 1833 1392 Alba,
1861 1358 1939 1384 non
1957 1360 2025 1384 ecce
2044 1347 2243 1396 legendum
2264 1358 2371 1397 puta-

1317 1395 1453 1432 vimus.
1481 1395 1674 1433 NAUGER.
1699 1395 1828 1434 Clarus
1849 1409 1991 1435 nomen
2010 1398 2199 1447 proprium
2224 1399 2273 1437 est
2294 1400 2371 1439 hoc

1316 1446 1419 1490 loco,
1433 1457 1510 1483 non
1523 1445 1747 1494 adjectivum
1762 1460 1770 1483 :
1783 1448 2034 1498 significatque
2048 1461 2133 1487 eum
2147 1461 2287 1498 regem,
2306 1451 2372 1499 qui

1318 1497 1412 1534 Alba
1436 1496 1552 1535 dietus
1570 1497 1662 1541 fuit,
1690 1509 1774 1535 nam
1795 1501 1915 1548 poetis
1939 1508 2080 1537 mutare
2093 1500 2278 1538 interdum
2300 1513 2372 1540 no-

1319 1549 1420 1585 mina
1444 1549 1648 1593 convenit,
1675 1549 1826 1588 auecore
1837 1551 1980 1588 Servio.
2007 1550 2158 1588 Clarum
2175 1560 2298 1589 autem
2310 1564 2374 1601 ap-

1320 1599 1492 1647 pellavit,
1527 1609 1639 1647 quem
1673 1601 1783 1637 ceteri
1814 1601 1945 1638 Albam
1961 1629 1971 1646 ,
1999 1601 2049 1638 ob
2071 1601 2106 1639 id
2125 1601 2227 1651 quod
2245 1605 2376 1642 omnia

1321 1649 1399 1687 alba
1428 1648 1559 1687 eadem
1591 1649 1683 1688 clara
1713 1649 1815 1696 sunt;
1855 1654 1892 1689 ὃς
1921 1664 1968 1690 ne
1997 1651 2147 1690 Clarum
2176 1652 2376 1702 fignificare

1323 1700 1459 1738 Albam
1483 1700 1573 1748 quid
1592 1700 1733 1739 dubites
1746 1730 1757 1747 ,
1787 1703 1873 1741 vide
1884 1703 2129 1752 quomodoin
2142 1704 2378 1743 1v.Fast.hoc

1323 1751 1423 1789 idem
1437 1755 1550 1799 poeta
1563 1751 1635 1799 ipse
1650 1752 1697 1789 est
1708 1753 1910 1791 aemulatus
1926 1782 1936 1798 ‚
1965 1753 2063 1791 Subit
2077 1753 2175 1791 Alba
2192 1755 2376 1793 Latinum.

1328 1803 1481 1840 Cousr.
1510 1802 1604 1840 FAN.
1633 1802 1730 1840 Subit
1754 1817 1822 1840 ecce
1840 1813 1979 1842 veteres
2002 1805 2378 1855 plerique.nis1quod

1327 1855 1436 1903 prim.
1456 1854 1627 1892 Gronov.
1649 1856 1687 1891 &
1708 1867 1799 1893 unus
1822 1855 1931 1894 Leid.
1948 1856 2040 1892 inde.
2063 1868 2129 1904 pro
2143 1856 2269 1892 Clarus
2282 1855 2378 1894 mul—

1328 1906 1356 1943 ti
1380 1913 1520 1943 veteres
1536 1933 1545 1948 ,
1573 1904 1727 1944 Clarius.
1755 1917 1860 1943 natus
1878 1907 1946 1944 sec.
1966 1906 2079 1944 Palat.
2099 1907 2137 1943 &
2157 1917 2249 1943 unus
2269 1905 2381 1945 Leid.

1331 1957 1370 1994 &
1388 1968 1481 1994 unus
1502 1955 1631 1994 Voffii.
1659 1965 1694 1994 at
1716 1957 1967 2005 prim.Erfurt.
1996 1962 2124 1994 Narus.
2139 1957 2228 1994 alter
2244 1956 2383 1996 Erfurt.

1331 2012 1496 2044 Daunus.
1523 2007 1593 2045 sec.
1623 2007 1764 2044 Moret.
1793 2007 1884 2043 claro
1904 2006 2000 2056 subit
2025 2020 2094 2043 ecce
2114 2006 2252 2044 Latino.
2281 2007 2382 2046 Alba

1334 2057 1383 2095 est
1402 2058 1440 2095 in
1461 2070 1537 2095 uno
1559 2069 1646 2094 meo
1664 2084 1674 2100 ‚
1704 2057 1903 2095 Calandrae
1935 2059 1973 2096 &
1997 2057 2167 2095 Politiani
2189 2060 2382 2107 excerptis.

1335 2120 1404 2144 ecce
1431 2108 1601 2144 Latinum
1631 2108 1832 2157 Langerm.
1869 2109 1907 2145 &
1938 2107 2068 2145 Urbin.
2096 2107 2246 2145 Latinus
2274 2110 2382 2156 prim.

1336 2158 1542 2207 Hamburg.
1562 2162 1600 2196 bc
1622 2159 1654 2196 S.
1675 2160 1804 2197 Marci.
1833 2159 1884 2196 At
1904 2159 2042 2207 primus
2053 2160 2193 2197 Moreti
2207 2187 2215 2201 ,
2245 2159 2382 2197 clarum

1328 2208 1428 2258 subit
1446 2209 1544 2246 Alba
1568 2209 1749 2246 Latinum.
1776 2210 1932 2259 optime.
1952 2210 2012 2248 lib.
2035 2209 2237 2248 1v.Fast0r.
2259 2211 2383 2256 initio,

1390 2277 1490 2321 Isque
1502 2300 1512 2317 ,
1535 2273 1681 2318 Latine,
1707 2273 1772 2311 tibi
1788 2282 1887 2323 pater
1897 2272 1940 2321 est
1950 2288 1960 2317 ;
1982 2272 2081 2321 subit
2097 2272 2192 2310 Alba
2203 2272 2388 2319 Latinum„

1339 2338 1391 2374 Tb
1411 2337 1510 2374 Alba
1530 2339 1713 2377 exciderat
1730 2340 1910 2388 plerisque
1931 2340 2153 2378 membranis
2166 2367 2176 2384 ,
2204 2340 2307 2389 quod
2318 2341 2390 2379 ho-

1339 2390 1458 2427 mines
1488 2390 1604 2427 insciti
1637 2390 1769 2427 clarum
1799 2392 1933 2428 Albam
1964 2391 2038 2429 dici
2065 2403 2140 2429 non
2172 2403 2392 2441 concoque-
2460 2419 2462 2421 f

1339 2449 1421 2478 rent
1436 2467 1445 2483 ‚
1472 2441 1539 2478 rati
1561 2440 1596 2477 id
1619 2442 1967 2479 foeminininomen
1983 2440 2052 2479 effe
2064 2442 2216 2490 generis.
2243 2454 2312 2480 nec
2325 2454 2390 2480 au-

1339 2491 1493 2528 diendus
1503 2491 1628 2538 Jacob.
1642 2493 1876 2530 Constantius
1890 2521 1900 2537 ,
1928 2493 1991 2541 qui
2009 2492 2143 2530 Albam
2157 2521 2169 2538 ,
2181 2493 2291 2530 etiam
2305 2492 2391 2530 Cla-

1339 2555 1420 2578 rum
1443 2541 1581 2580 dicium
1604 2541 1705 2580 fuiffe
1728 2545 1910 2591 opinatur.
1939 2544 2083 2581 Heius.
2111 2543 2391 2582 Recteclarum

1340 2604 1425 2641 prae
1448 2593 1594 2642 reliquis
1613 2593 1828 2632 obscurioris
1852 2594 1972 2632 famae
1991 2595 2134 2644 regibus
2152 2604 2282 2639 vocat,
2303 2594 2390 2643 quia

1342 2655 1483 2681 nomen
1505 2644 1622 2690 priscis
1643 2644 1780 2681 Latinis
1802 2645 1914 2683 dedit.

1390 2696 1475 2742 613.
1505 2694 1624 2742 Epirus
1642 2708 1682 2730 ex
1701 2694 1800 2744 illa]
1833 2696 1912 2732 Post
1932 2695 2035 2733 ilium
2050 2695 2198 2732 Clarum
2210 2693 2391 2743 intellige,

1340 2755 1417 2781 non
1429 2752 1550 2782 autem
1565 2744 1642 2792 post
1658 2746 1830 2782 Latinum
1842 2774 1849 2788 ‚
1861 2746 2078 2783 utnonnulli
2092 2747 2390 2794 exponunt,quia

1343 2804 1469 2832 contra
1489 2803 1524 2831 te
1547 2795 1678 2832 starent
1699 2807 1831 2832 onmes
1848 2797 2005 2833 historici
2028 2806 2112 2832 cum
2136 2795 2271 2832 eodem
2294 2799 2390 2845 poe*-

1342 2854 1378 2882 ta
1395 2873 1404 2888 ,
1432 2845 1495 2894 qui
1521 2844 1658 2882 ibidem
1680 2846 1754 2888 ait,
1785 2846 1967 2883 Proximus
1980 2844 2021 2890 est
2035 2845 2147 2881 titulis
2162 2846 2281 2894 Epitus
2295 2874 2304 2891 ‚
2318 2845 2390 2884 Al-

1344 2895 1387 2930 ba
1402 2924 1411 2940 ,
1430 2895 1510 2931 tuis.
1539 2896 1689 2932 Consi.
1718 2895 1811 2932 FAN.
1842 2900 1896 2931 Ex
1916 2894 1974 2931 illo
1995 2895 2037 2942 est
2057 2896 2282 2933 vetustiores.
2311 2898 2392 2946 Epa·-

1345 2955 1396 2982 tos
1424 2946 1533 2981 etiam
1565 2944 1740 2992 Bernegg.
1767 2947 1854 2982 alter
1885 2946 2018 2982 Ltfurt.
2048 2948 2152 2992 prim.
2182 2946 2323 2984 Twisd.
2349 2949 2390 2985 &

1347 2997 1455 3042 prim.
1476 2995 1647 3032 Gronov.
1667 2996 1741 3032 dixi
1761 2996 1820 3032 lib.
1844 3008 1894 3033 iv.
1923 2996 2012 3033 Fast.
2031 2996 2155 3045 >I⁷s.43.
2183 2997 2392 3044 [311111.Μο-

1346 3046 1435 3088 reti,
1464 3049 1611 3092 Egrotos.
1640 3045 1735 3092 apud
1756 3046 1952 3094 Virgilium
1973 3046 2031 3083 lib.
2055 3060 2099 3084 11.
2126 3046 2390 3096 AEn.339.pr0

1347 3106 1395 3132 eo
1415 3096 1517 3143 quod
1536 3107 1572 3132 m
1596 3096 1746 3143 vulgatis
1764 3098 1893 3146 legitur
1914 3096 2122 3140 codicibus,

1393 3146 1548 3182 Addunt
1563 3147 1600 3195 se
1618 3147 1753 3184 comites
1775 3147 1943 3197 Ripheus‚
1965 3160 2007 3188 ω’
2029 3160 2218 3186 maxumus
2238 3147 2343 3186 annis

1397 3196 1539 3246 Iphitus.

1344 3249 1462 3284 codex
1497 3250 1714 3287 veterrimus
1744 3248 1937 3287 Mediceus
1968 3249 2129 3298 agnoscit
2151 3276 2162 3292 ‚
2203 3261 2396 3286 maxumus

1343 3299 1452 3334 armis
1473 3300 1625 3348 AEpitus.
1652 3302 1687 3337 in
1712 3299 1787 3337 aliis
1802 3328 1812 3344 ‚
1840 3300 2004 3348 prytus.
2025 3299 2178 3337 &lib.v.
2194 3302 2274 3348 546.
2304 3305 2395 3349 Epy-

1343 3349 1430 3388 ucles
1451 3350 1520 3388 Iuli
1549 3352 1666 3390 custos
1685 3352 1722 3389 in
1748 3352 1950 3390 veterrimis
1971 3351 2205 3391 membranis.
2231 3350 2294 3401 qui
2313 3348 2394 3404 Ep}-

2349 3409 2397 3445 115
