2483 3616
228 224 322 273 170

681 195 744 251 P.
819 191 1237 251 OVIDII
1308 190 1842 248 NASONIS

512 289 841 356 Procubuit,
879 294 1172 364 teneraque
1198 293 1332 345 latus
1356 290 1589 346 submifit
1613 292 1670 346 in
1696 291 1878 347 herba.

514 365 758 419 Cadmus
788 365 896 437 agit
925 378 1129 436 grateS,
1165 364 1587 437 peregrinaeque
1611 365 1787 418 oscula
1811 378 1986 423 terrae

402 455 472 507 25
510 437 680 510 Figit:
722 438 1019 509 &ignotos
1042 450 1287 502 montes,
1323 455 1590 509 agrosque
1614 437 1814 490 salutat.

516 511 675 566 Sacra
699 510 823 582 Jovi
849 510 1080 565 facturus
1106 524 1244 565 erat:
1282 510 1432 582 jubet
1460 510 1538 563 ire
1562 509 1860 576 ministrOS,

519 583 592 638 Et
617 597 804 657 petere
833 583 862 637 e
889 583 1021 637 vivis
1046 584 1283 638 libandas
1308 581 1545 638 fontibus
1569 581 1755 638 undas,

520 658 662 713 Silva
686 671 839 713 vetus
864 656 1055 721 stabat,
1094 658 1238 712 nulla
1262 656 1459 712 violata
1494 653 1700 718 securi;

215 853 219 856 ⁴
275 839 336 878 23.
363 832 490 866 Tenem
507 825 668 875 submisit
689 826 728 863 in
749 824 893 874 herba]
933 823 1101 873 Quidam
1124 822 1213 861 editi
1235 824 1274 861 δί

222 877 565 929 scripti,tenerasque
587 879 611 914 l.
624 879 658 927 s
679 877 718 914 in
739 876 872 913 herbas.
896 875 1029 913 eadem
1052 874 1207 913 varietas
1218 875 1277 913 in—

221 930 278 968 fra
302 943 384 979 502.

274 993 335 1026 24.
363 981 519 1017 Cadmus
552 980 626 1028 agit·
655 987 770 1028 grates
804 1005 814 1022 ,
853 977 1116 1028 peregrinaeque
1159 976 1272 1025 oscula

224 1041 337 1068 terrae
367 1032 458 1080 figit
482 1059 492 1076 ‚
528 1030 627 1080 eya]
679 1032 766 1067 Mos
801 1037 901 1073 erat,
929 1038 994 1074 ut,
1021 1029 1086 1078 qui
1108 1029 1272 1078 primum

221 1081 499 1131 ingrederentur
530 1082 725 1130 regionem
747 1079 908 1128 aliquam
934 1108 944 1125 ,
982 1079 1029 1116 ad
1062 1091 1194 1116 eamve
1228 1092 1273 1117 ex

222 1132 415 1170 intervallo
438 1141 708 1170 reverterentur
722 1160 732 1176 ,
761 1130 929 1178 religiose
952 1141 1034 1167 eam
1058 1131 1273 1168 salutarent:

221 1183 334 1232 idque
349 1212 360 1228 ,
386 1185 565 1233 quoniam
599 1184 732 1233 cuique
753 1181 842 1219 loco
865 1181 971 1219 suum
1003 1181 1192 1231 quendam
1215 1193 1280 1230 ge-

223 1234 329 1271 nium
363 1233 521 1283 praeesse
560 1234 834 1272 arbitrabantur.
882 1233 1010 1282 Itaque
1042 1232 1278 1281 Pythagorici

223 1286 275 1322 ob
297 1285 332 1322 id
361 1286 433 1327 aliis
455 1286 545 1323 aiios
565 1286 656 1323 locis
678 1284 941 1322 fortunatiores
971 1281 1041 1320 effe
1073 1283 1244 1320 rebantur
1268 1296 1277 1320 ε

224 1341 335 1383 prout
357 1337 528 1374 videlicet
561 1349 646 1374 eum
673 1335 845 1385 cujusque
863 1333 938 1370 loci
970 1334 1083 1382 genio
1107 1333 1279 1383 cujusque

223 1385 386 1423 hominis
407 1389 535 1436 genius
558 1388 787 1425 conveniret.
816 1384 978 1423 Catullus
1002 1387 1131 1423 Carni.
1149 1397 1254 1423 xxxx.

279 1437 383 1474 Salve
404 1438 420 1474 ὁ
442 1439 585 1487 venusta
607 1439 745 1477 Sirmio.

226 1486 403 1537 Virgilius
424 1501 460 1527 v.
484 1502 545 1539 95.

283 1545 458 1587 Ignarus,
481 1541 666 1590 geniumne
688 1541 750 1579 loci
762 1568 777 1586 ,
793 1539 1026 1588 famulumve
1037 1538 1198 1591 parentis

277 1594 308 1626 E
303 1590 349 1639 ffe
364 1601 478 1641 patet.

227 1639 336 1687 Idem
356 1654 442 1681 v11.
474 1655 554 1694 ης.

284 1694 340 1730 Sic
363 1693 485 1732 deinde
503 1695 633 1745 affatus
646 1725 657 1742 ,
675 1696 864 1743 frondenti
883 1703 1034 1745 tempora
1056 1707 1155 1732 ramo

281 1744 469 1793 Implicat,
497 1760 537 1787 ες·
555 1747 762 1799 geniumque
784 1748 845 1785 loci
860 1776 871 1792 ,
877 1747 1099 1797 primamque
1122 1752 1279 1782 Deorum

282 1795 451 1834 Tellurem
466 1825 477 1842 ,
489 1799 736 1849 Nymphasque
750 1827 761 1844 ,
785 1811 829 1840 (φ
848 1798 964 1835 adhuc
985 1798 1102 1848 ignota
1116 1806 1282 1847 precatur

280 1845 459 1885 Flumina.
611 1881 614 1883 .

228 1895 279 1936 Et
299 1897 449 1954 quitiam
472 1899 566 1948 apud
590 1899 869 1938 Menandrum:

279 1950 370 2006 Xqip
401 1947 424 1985 ὦ
445 1949 540 1997 φίλη
560 1953 631 1997 γῆ,
657 1951 715 1989 διὰ
735 1952 861 1998 χρόνον
882 1951 1024 1989 πολλοῦ
1045 1951 1077 1988 σ’
1100 1949 1179 1989 ἷδῶν

280 1999 318 2037 A
332 2000 537 2047 σπαίζομκι.

229 2049 279 2091 Et
297 2050 418 2089 servus
438 2052 589 2101 quidam
610 2051 796 2091 Plautinus
817 2053 1056 2091 Bacchidibus
1082 2065 1140 2091 11.
1163 2065 1196 2091 1.
1221 2066 1256 2093 1.

280 2102 415 2140 Herilis
424 2104 547 2152 patria
561 2103 664 2151 salve
679 2132 689 2148 ,
717 2118 825 2155 quam
845 2119 898 2153 ego
920 2104 1054 2141 biennio

283 2153 467 2204 Postquam
488 2155 528 2191 in
547 2154 716 2204 Ephesum
737 2155 832 2201 abii,
860 2155 1017 2205 conspicio
1041 2154 1172 2194 lubens.

228 2201 281 2244 Et
299 2203 388 2241 alter
407 2205 447 2242 in
467 2204 593 2243 Sticho
619 2217 676 2244 1v.
702 2218 757 2243 11.
787 2218 818 2243 1.

283 2254 423 2293 salvete
436 2284 447 2299 ‚
475 2256 640 2293 Athenae
653 2284 664 2301 ,
691 2271 779 2307 quae
797 2258 947 2294 nutrices
970 2256 1150 2295 Graeciae.

283 2311 314 2342 Ο
334 2317 430 2344 terra
444 2335 457 2352 ,
481 2307 597 2345 herilis
614 2309 734 2357 patria
750 2336 760 2353 ,
788 2319 819 2345 te
842 2309 942 2345 video
963 2308 1095 2346 lubens.

234 2355 343 2394 Haec
364 2359 493 2396 omnia
524 2359 651 2407 accepi
673 2357 694 2396 a
717 2361 993 2397 commentario
1017 2357 1152 2407 optimi
1171 2364 1284 2408 atque

235 2407 524 2456 eloquentiffimi
545 2410 613 2448 viri
635 2410 695 2447 M.
719 2411 765 2448 A.
788 2410 930 2448 Mureti
951 2411 989 2448 in
1009 2409 1130 2448 Catul.
1167 2409 1284 2446 Hunc

234 2469 386 2508 quoque
410 2472 556 2499 morem
578 2460 756 2499 indicavit
776 2461 919 2499 Seneca
933 2489 945 2507 ‚
972 2460 1070 2510 apud
1091 2471 1207 2510 quem
1227 2460 1287 2498 lo-

235 2509 359 2558 quitur
380 2511 649 2559 Agamemnon
674 2512 757 2556 782.

291 2561 443 2598 Tandem
466 2573 619 2603 reverter
628 2563 736 2613 firspes
755 2563 805 2600 ad
821 2563 954 2614 patrios
976 2562 1091 2609 lares,

290 2616 322 2646 O
342 2624 423 2649 cara
437 2613 540 2660 salve
563 2624 668 2651 terra.
691 2614 755 2655 tibi
777 2625 828 2651 tot
849 2614 1020 2652 barbarae

291 2666 413 2698 Gentes
432 2664 548 2700 dedere
561 2664 680 2713 spolia.
709 2666 882 2703 CioFAN.

239 2709 286 2752 In
303 2712 464 2750 secundo
486 2715 650 2753 Palatino
674 2716 746 2760 est,
776 2717 914 2752 Gaudet
936 2717 1160 2765 Agenorides.

289 2776 349 2810 24.
378 2764 502 2812 Oscula
514 2775 626 2802 terrae
639 2765 762 2814 figit]
794 2766 851 2802 Sic
860 2767 963 2815 Vii'g..
976 2767 1037 2804 lib.
1055 2780 1085 2804 x.
1097 2763 1284 2814 Aen.687.

294 2821 388 2852 Cum
410 2814 510 2852 dabit
529 2815 731 2866 amplexus,
758 2826 863 2867 atque
882 2817 993 2865 oscula
1016 2817 1131 2855 dulcia
1144 2818 1242 2867 figet.

240 2865 413 2904 crona.

291 2930 357 2966 ῖς,
379 2923 515 2954 Montes
536 2916 736 2967 agrosque]
780 2918 983 2968 Montesque
1018 2918 1179 2968 agrosque
1210 2916 1289 2955 edi-

240 2968 363 3006 tiones
385 2967 582 3018 quaedam3
611 2968 672 3006 sed
693 2968 794 3006 aliter
814 2969 944 3017 scripti.
976 2982 1072 3018 agros
1094 2969 1289 3019 montefijue

238 3019 319 3056 duo
344 3019 500 3057 codices.

290 3069 357 3107 262.
379 3070 492 3116 Jubet
512 3071 560 3107 ire
581 3069 780 3120 ministros]
811 3070 984 3118 Ministris
1006 3069 1188 3107 secundus
1200 3070 1290 3106 Me-

238 3119 363 3159 diceus
387 3123 425 3159 &
447 3121 723 3171 Neapolitanus.
745 3133 949 3171 perperam.
973 3120 1057 3158 vide
1077 3121 1140 3158 inf.
1164 3121 1209 3159 ad
1227 3120 1295 3158 Πὸ..

237 3181 468 3217 Ἢῐῐηη..

2289 729 2385 787 Est

1331 836 1406 862 mr.
1439 824 1566 874 Atque
1580 832 1643 868 ,ut
1663 824 1739 862 hoc
1761 824 1914 876 quisque
1935 826 2041 865 facsse
2064 824 2171 876 poffit
2192 825 2386 878 dignosce-

1328 888 1392 921 re,
1421 875 1497 924 ejus
1519 875 1629 912 verba
1659 876 1720 913 hic
1753 889 1893 925 ponere
1926 891 2004 916 non
2036 890 2098 915 me
2127 879 2259 927 piget:
2296 879 2385 918 licet

1328 927 1389 966 hic
1411 927 1544 965 Noster
1567 938 1645 963 rem
1669 925 1781 975 ipsam
1814 940 1921 966 inore
1942 929 2007 966 suo
2022 958 2032 974 ,
2061 931 2100 966 &
2122 930 2385 980 ingenio,quo·

1331 987 1472 1016 ceteros
1505 978 1709 1026 superavit,
1738 979 1948 1016 mirandum
1968 980 2005 1018 in
2029 980 2187 1017 modum
2210 990 2387 1026 exornet,

1330 1030 1370 1067 ὅ(
1391 1030 1514 1078 paullo
1537 1029 1636 1066 secus
1656 1028 1853 1066 describat:
1888 1030 1988 1068 hunc
2008 1039 2135 1068 tamen
2157 1031 2284 1069 locum
2308 1032 2382 1070 mi-

1329 1080 1428 1118 rifice
1460 1080 1643 1118 illustrant.
1694 1078 1819 1117 Orofii
1849 1088 1976 1118 autem
2007 1081 2102 1119 haec
2129 1082 2239 1120 verba
2268 1082 2380 1120 sunt:

1330 1131 1476 1180 Regulus
1505 1131 1632 1168 bellum
1666 1131 1953 1180 Carthaginiense
1976 1131 2124 1180 sbrtitus
2148 1161 2158 1177 ‚
2194 1134 2260 1170 iter
2301 1147 2384 1170 cum

1333 1184 1484 1220 exercitu
1497 1183 1634 1229 facien-s
1648 1182 1769 1227 ,haud
1787 1182 1903 1232 procul
1925 1182 1950 1219 a
1964 1181 2115 1232 flumine
2136 1185 2299 1234 Bagrada
2322 1199 2382 1221 ca-

1327 1233 1403 1282 stra
1425 1234 1608 1281 constituit.
1646 1233 1708 1270 Ubi
1733 1247 1810 1271 cum
1837 1234 2007 1284 plurimos
2034 1234 2190 1272 militum
2221 1236 2382 1286 aquandi

1335 1283 1519 1332 neceffi'tate
1539 1286 1588 1322 ad
1601 1283 1740 1335 flumen
1771 1284 2002 1333 descendentes
2014 1285 2152 1335 serpens
2173 1286 2282 1322 mirae
2302 1300 2383 1323 ma-

1330 1336 1528 1384 gnitudinis
1547 1338 1753 1381 devoraret,
1780 1336 1926 1385 Regulus
1957 1336 2006 1372 ad
2032 1337 2301 1386 expugnandam
2327 1337 2383 1374 be-

1327 1386 1437 1434 stiam
1459 1401 1535 1423 cum
1558 1387 1708 1424 exercitu
1725 1388 1893 1437 profectus
1914 1386 1958 1434 est
1981 1404 1991 1423 .-
2018 1387 2082 1436 sed
2113 1387 2203 1424 nihil
2233 1388 2271 1424 in
2293 1398 2388 1437 tergo·

1336 1438 1406 1486 ejus
1420 1438 1674 1488 proficientibus
1687 1438 1815 1488 jaculis
1835 1467 1846 1484 ,
1881 1448 1986 1488 atque
2008 1439 2102 1475 omni
2134 1438 2279 1475 telorum
2310 1438 2384 1476 ictu

1334 1488 1435 1526 irrito
1448 1517 1458 1534 ‚
1479 1503 1566 1540 quae
1577 1499 1638 1540 per
1659 1489 1873 1527 horrendam
1885 1490 2122 1540 squamarum
2143 1500 2272 1526 cratem
2294 1503 2389 1540 qua-

1327 1538 1364 1588 fi
1378 1550 1435 1590 per
1457 1540 1636 1593 obliquam
1649 1541 1831 1589 ftutorum
1853 1540 2056 1588 testudinem
2078 1539 2300 1585 labebantur,
2313 1541 2384 1578 mi-

1335 1605 1483 1643 rumque
1503 1592 1542 1630 in
1571 1593 1714 1630 modum
1744 1606 1784 1629 ne
1815 1601 1928 1642 corpus
1958 1591 2132 1628 laederent
2159 1591 2227 1640 ipso
2255 1601 2388 1641 corpore

1325 1642 1560 1692 pellebantur,
1572 1658 1650 1681 cum
1672 1643 1805 1693 insuper
1823 1655 1991 1692 magnam
2013 1641 2281 1678 multitudinem
2292 1656 2391 1679 mor·

1325 1694 1373 1744 su
1392 1695 1603 1740 comminui,
1631 1696 1761 1745 impetu
1775 1694 1906 1744 proteri
1927 1721 1940 1738 ,
1965 1692 2084 1730 halitu
2104 1692 2212 1729 etiam
2228 1692 2389 1741 pestifero

1338 1746 1538 1784 exanimari
1567 1747 1724 1791 videret,
1753 1745 1904 1793 ballistas
1924 1744 2049 1792 deferri
2069 1743 2257 1793 imperavit
2280 1771 2295 1788 ,
2321 1753 2391 1794 per·

1340 1811 1426 1848 quas
1437 1799 1572 1847 saxum
1595 1797 1730 1834 murale
1743 1797 1864 1847 spinae
1883 1796 1954 1845 ejus
1974 1794 2164 1844 incussum,
2191 1804 2387 1844 compagem*

1339 1849 1445 1886 totius
1467 1849 1608 1899 corporis
1628 1848 1753 1897 fhlvit.
1789 1847 1882 1885 Talis
1895 1845 2070 1897 siquidem
2091 1845 2134 1887 ell
2163 1855 2297 1883 natura
2307 1845 2392 1895 ser-n

1332 1901 1446 1950 pentis
1462 1929 1470 1944 ‚
1497 1911 1539 1937 ut
1568 1913 1646 1937 cum
1668 1899 1806 1944 pedibus
1827 1911 1939 1934 carere
1971 1897 2140 1933 videatur
2163 1924 2173 1940 ,
2212 1896 2303 1943 costis
2325 1907 2384 1934 ta-

1339 1965 1419 1989 men
1443 1963 1487 1991 &
1498 1951 1683 2002 squamis,
1711 1964 1798 2000 quas
1819 1948 1844 1985 a
1855 1948 1998 1997 summo
2025 1957 2170 1997 gutture
2200 1947 2304 1997 usque
2334 1948 2392 1985 ad'

1335 2002 1449 2040 imam
1469 2002 1597 2039 alvum
1613 2001 1720 2052 parili
1741 2000 1838 2038 modo
1857 1997 2029 2049 disposttas
2040 1998 2143 2035 habet
2156 2026 2166 2043 ‚
2179 1998 2231 2034 ita
2243 1997 2391 2044 instrui->

1338 2063 1397 2089 tur
1411 2082 1421 2099 ‚
1448 2064 1489 2090 ut
1502 2053 1664 2104 squamis
1691 2050 1789 2103 quafi
1808 2050 1977 2100 unguibus
1992 2078 2002 2095 ,
2030 2049 2121 2097 costis
2153 2047 2253 2099 quasi
2269 2050 2389 2086 cruri-

1337 2104 1399 2141 bus
1421 2104 1612 2142 innitatur.
1652 2110 1734 2140 Non
1753 2103 1846 2139 enim
1866 2112 1907 2139 ut
1929 2101 2060 2138 vermis
2077 2128 2093 2144 ,
2115 2102 2169 2137 cui
2191 2099 2313 2149 spinae
2333 2099 2385 2137 ri·-

1333 2169 1395 2205 gor
1418 2169 1486 2192 non
1506 2155 1550 2204 est
1569 2184 1579 2200 ,
1608 2167 1651 2195 cy·
1668 2155 1878 2191 indirectam
1899 2151 2083 2202 corpusculi
2096 2151 2156 2199 sui
2163 2159 2285 2199 partes·
2297 2164 2385 2199 gra-

1339 2207 1454 2244 datim
1470 2206 1671 2257 porrigendo
1701 2207 1895 2242 contractas
1919 2231 1930 2247 ,
1967 2201 2198 2239 contrahendo
2212 2204 2387 2250 porrectas

1338 2269 1474 2295 motum
1493 2258 1642 2309 explicat
1655 2286 1665 2302 ,
1686 2257 1750 2306 sed
1771 2255 1916 2293 alternis
1942 2254 2080 2290 intenta
2101 2251 2277 2289 conatibus
2297 2252 2387 2289 late-

1337 2322 1379 2345 ra
1391 2307 1531 2358 finuosa
1559 2310 1775 2356 circumfert.
1803 2316 1845 2343 ut
1857 2315 1918 2355 per
1939 2304 2140 2341 exteriorem
2160 2303 2281 2353 spinae
2306 2317 2388 2340 cur-

1339 2371 1512 2397 vaturam
1534 2360 1699 2409 rigentem
1720 2357 1887 2406 costarum
1909 2356 2018 2392 aciem
2039 2355 2163 2392 tendat
2174 2369 2185 2398 ;
2212 2353 2304 2402 costis
2319 2368 2388 2392 au»

1340 2421 1410 2447 tem
1433 2421 1565 2448 natura
1593 2410 1642 2447 ad
1663 2409 1849 2458 summum
1871 2406 1970 2443 rectis
1981 2406 2219 2457 squamarum
2237 2405 2391 2454 ungulas·

1331 2461 1424 2510 figat
1448 2479 1457 2499 .·
1498 2462 1589 2512 quod
1617 2459 1761 2509 viciffi'm
1781 2471 1825 2499 ω’
1843 2457 1993 2495 celeriter
2022 2457 2150 2506 agendo
2179 2470 2249 2493 non
2267 2455 2391 2503 solum·

1333 2513 1446 2562 plana
1473 2512 1666 2562 perlabitur
1681 2540 1691 2557 ,
1710 2511 1774 2560 sed
1792 2510 1899 2547 etiam
1921 2522 2075 2546 convexa
2097 2506 2285 2555 conscendit
2299 2534 2308 2550 ,
2333 2516 2386 2542 tot

1341 2563 1488 2612 vestigiis
1507 2563 1675 2612 instrut‘la
1690 2591 1701 2608 ,
1713 2572 1795 2613 quot
1814 2561 1918 2609 costis.
1945 2560 2058 2610 Hujus
2078 2557 2197 2645 itaque
2217 2557 2265 2594 rei
2286 2559 2386 2606 caus-‘-

1333 2614 1378 2664 sa
1398 2614 1442 2662 est
1454 2643 1464 2659 ‚
1485 2625 1526 2651 ut
1539 2612 1589 2664 ,si
1608 2615 1646 2651 in
1667 2612 1821 2664 qualibet
1840 2611 1982 2661 corporis
1992 2619 2094 2660 parte
2111 2622 2134 2646 a
2177 2608 2261 2645 alvo
2280 2609 2387 2660 usque

1342 2667 1391 2702 ad
1412 2675 1515 2715 caput
1535 2666 1608 2702 ictu
1628 2665 1744 2715 aliquo
1765 2662 1974 2705 collidatur,
1999 2659 2118 2697 debilis
2137 2660 2291 2703 reddita,
2305 2673 2391 2696 cur-r

1335 2717 1419 2764 sum
1440 2716 1563 2752 habere
1585 2729 1653 2751 non
1677 2712 1795 2764 poffit:
1823 2711 1907 2763 quia
1928 2711 2133 2761 ubicumque
2149 2710 2202 2747 illi
2221 2710 2308 2747 ictus
2326 2710 2392 2748 in·—

1344 2765 1488 2810 ciderit‚
1508 2766 1649 2814 spinam
1663 2764 1776 2813 fhlvit
1789 2792 1800 2809 ,
1825 2773 1881 2814 per
1901 2775 2010 2813 quam
2038 2761 2204 2808 costarum
2220 2762 2319 2811 pedes
2339 2773 2390 2802 ey

1343 2826 1457 2853 motus
1479 2816 1617 2865 corporis
1639 2815 1854 2864 agebantur:
1883 2814 1976 2850 unde
2005 2813 2114 2850 etiam
2146 2811 2202 2849 hic
2225 2813 2394 2863 sterpem,

1342 2867 1404 2918 qui
1424 2867 1565 2904 tamdiu
1585 2876 1637 2903 tot
1661 2866 1788 2917 jaculis
1806 2863 2076 2904 invulnerabilis
2096 2862 2247 2911 obstitit,
2273 2864 2322 2900 ad
2342 2877 2388 2900 u-

1343 2918 1421 2954 nius
1433 2917 1519 2967 saxi
1539 2919 1646 2955 ictum
1669 2917 1787 2955 debilis
1804 2915 1888 2966 ceffit
1913 2945 1923 2961 ,
1949 2930 1989 2952 ac
2017 2929 2099 2953 mox
2128 2915 2395 2952 circumventae

1344 2968 1420 3005 telis
1432 2969 1541 3016 facile
1561 2968 1718 3019 oppreffits
1751 2968 1806 3016 est.
1833 2968 1962 3005 corium
1993 2977 2112 3003 autem
2136 2966 2207 3015 ejus
2237 2972 2392 3002 Romans

1345 3020 1525 3056 devecYum
1556 3022 1669 3071 (quod
1680 3020 1783 3069 j‘uiſj'e
1806 3030 1945 3056 centum
1967 3017 2097 3067 viginti
2120 3017 2249 3066 pedum
2270 3017 2394 3065 spatio·

1335 3072 1488 3118 ferunt)
1517 3071 1743 3121 aliquamdiu
1771 3070 1900 3108 cunetis
1932 3067 2099 3107 miraculo
2124 3067 2214 3114 suit.
2263 3068 2397 3116 Hujus

1344 3133 1495 3170 quoque
1525 3122 1696 3171 serpentis
1725 3121 1773 3158 fic
1805 3120 1978 3159 meminit
1999 3118 2082 3156 Val.
2104 3119 2293 3155 Maximus
2325 3130 2394 3156 ex-

1344 3180 1466 3210 tremo
1487 3173 1546 3210 lib.
1572 3186 1602 3210 Ι.
1641 3175 1742 3221 ⁸§Luae
1763 3173 1846 3223 quia
1866 3201 1877 3217 ,
1902 3171 2020 3222 inquit
2040 3198 2051 3214 ,
2079 3169 2189 3226 supra
2220 3167 2396 3219 ufitatam‘

293 3222 355 3260 28,
382 3224 481 3260 Silva
504 3234 607 3261 vetus
626 3233 670 3264 <J
682 3223 784 3275 seq]
813 3224 920 3261 Haec
943 3234 1029 3261 cum
1051 3221 1218 3260 scriberet
1233 3222 1297 3259 O·-
1345 3223 1515 3260 rationem
1535 3224 1731 3261 excedentia
1747 3224 1930 3272 attigimus
1943 3251 1957 3267 ,
1959 3221 2125 3270 serpentis
2144 3234 2273 3272 quoque
2301 3219 2327 3256 a
2349 3224 2398 3257 T.

240 3270 362 3310 aridius
376 3274 541 3318 ,videtur
557 3276 650 3313 mihi
671 3274 859 3324 respexisse
882 3274 927 3312 ad
958 3274 1164 3323 serpentem
1185 3273 1291 3311 iilum

239 3322 361 3364 antae
378 3327 662 3375 magnitudinis,
691 3326 738 3366 de
764 3338 846 3378 quo
870 3325 1025 3366 Orosius
1045 3326 1107 3367 lib.
1132 3336 1190 3366 ιν.
1213 3335 1300 3375 cara.

1348 3274 1450 3310 Livio
1473 3275 1595 3324 curiose
1610 3275 1753 3325 pariter
1776 3288 1816 3312 ac
1830 3273 1987 3323 facunde
2012 3272 2131 3309 relata‘
2149 3271 2221 3319 flat
2250 3270 2396 3308 mentio..
2447 3280 2450 3284 ·

1348 3330 1382 3376 15
1403 3326 1496 3366 enim
1517 3327 1571 3367 ait
1586 3326 1626 3368 in
1647 3326 1779 3375 Africa
1796 3325 1890 3376 apud
1912 3324 2116 3375 Bagradam
2143 3322 2278 3374 flumen
2307 3330 2400 3395 taqn-

2337 3382 2403 3413 wag
