2483 3616
280 194 379 247 7¹2

755 177 815 233 P.
888 173 1299 234 OVIDII
1371 175 1908 234 NASONIS

574 293 718 358 Aut,
753 312 869 348 mea
895 293 930 347 fi
954 292 1145 348 vestras
1170 291 1482 348 mulcebunt
1505 294 1738 349 carmina
1767 305 2004 357 menteS,

579 367 727 421 Desit
752 368 805 421 in
833 367 930 421 hac
957 367 1086 423 mihi
1148 380 1260 422 art-e
1285 366 1446 429 fides;
1485 383 1584 421 nec
1615 366 1822 422 credite
1846 365 2071 422 fartum:

576 438 709 503 Vel,
747 439 781 494 fi
805 440 1062 504 credetiS,
1123 438 1222 494 acti
1245 456 1465 513 quoque
1489 439 1696 494 credite
1719 457 1966 510 poenam.

578 512 632 567 Si
657 526 832 567 tamen
860 512 1134 569 admissum
1163 512 1281 568 finit
1305 512 1409 566 1106
1434 511 1635 565 Natura
1660 511 1862 575 videri3

436 604 536 653 305
577 584 845 641 Gentibus
874 587 1121 649 Ismariis,
1161 586 1213 638 δε
1239 583 1421 639 nostro
1448 583 1685 652 gratulor
1712 583 1858 638 orbi:

572 657 829 713 Gratulor
854 660 977 714 huic
1002 673 1202 722 terrae,
1242 653 1391 729 quod
1418 653 1560 707 abest
1587 653 1895 725 regionibus
1922 657 2051 723 inis,

577 731 733 802 Quae
757 745 964 786 tanturn
994 747 1230 801 genuere
1253 728 1407 783 nefas.
1451 725 1511 780 fit
1537 727 1687 783 dives
1712 744 1958 792 3111011110,

574 802 972 875 Cinnamaque,
1011 802 1325 874 costumque
1349 800 1523 863 suam,
1558 799 1846 873 sudataque
1873 801 2022 872 ligno

576 875 728 929 Tura
753 875 914 939 ferat,
951 875 1224 947 floresque
1253 874 1382 928 alios
1413 873 1677 930 Panchaia
1703 875 1888 936 tellus;

439 965 537 1013 310
575 948 724 1003 Dum
749 947 882 1003 ferat
909 948 964 1002 &
989 947 1288 1020 Myrrham.
1328 945 1463 1002 tanti
1486 964 1626 1004 nova
1650 964 1761 1003 non
1788 946 1887 1002 fuit
1914 946 2083 1003 arbos

284 1168 466 1218 &lugere
501 1167 578 1207 fere
607 1167 815 1218 fignificat)
853 1179 930 1208 non
959 1168 1210 1219 Pygmalionis
1236 1197 1247 1215 ,
1272 1167 1333 1207 sed

284 1219 399 1268 Paphi
421 1219 511 1258 filius
531 1220 751 1268 accipiatur,
779 1232 890 1270 quam
904 1221 1118 1259 sententiam
1134 1222 1171 1258 ὅ(
1194 1220 1333 1258 Bocca-

283 1271 354 1308 tius
374 1270 513 1308 secutus
532 1270 677 1308 videtur
696 1272 732 1309 in
746 1271 993 1320 Genealogiis.
1022 1270 1237 1321 quanquam
1258 1271 1333 1316 ille,

284 1321 411 1357 Editus
433 1320 497 1358 hac
520 1321 579 1358 ille
598 1350 608 1367 ,
647 1322 806 1370 prohinc
828 1322 962 1360 ibidem
989 1322 1096 1371 legat.
1150 1322 1325 1360 Fabulam

283 1380 407 1409 autem
436 1373 611 1422 Myrrhae
643 1374 797 1422 exponit
836 1374 1080 1418 μυθωλσγικῶς
1115 1373 1326 1422 Fulgentius

281 1421 341 1460 lib.
374 1435 437 1461 111.
476 1424 702 1462 chrttus.
758 1424 905 1473 Opinor
933 1424 1131 1474 legendum
1154 1452 1165 1470 ,
1193 1424 1322 1462 Editus

282 1472 340 1509 hoc
359 1473 418 1511 ille
441 1474 504 1522 est,
532 1486 610 1512 non
632 1475 708 1513 hac.
720 1483 761 1514 ut
779 1474 1020 1525 Paphifilium
1046 1474 1148 1514 fuiffe
1160 1475 1323 1525 designet

283 1524 471 1573 Cinyran,
509 1526 758 1575 Pygmalionis
788 1535 979 1576 nepotem.
1032 1526 1142 1565 Certe
1164 1526 1323 1576 Apollo·

279 1574 389 1613 dorus
405 1604 414 1620 ,
432 1588 644 1626 quanquam
669 1577 714 1615 de
738 1577 874 1627 Cinyra
895 1589 973 1615 rem
992 1578 1103 1627 longe
1123 1578 1224 1616 aliter
1244 1590 1326 1616 nar-

280 1634 356 1671 rat,
384 1635 509 1664 tamen
529 1628 780 1678 Pygmalionis
810 1639 988 1678 generum
1018 1629 1130 1675 facit,
1164 1629 1265 1679 cujus
1283 1628 1327 1667 fi-

277 1675 364 1714 liam
385 1678 620 1716 Metharmen
639 1679 784 1717 duxerit
794 1690 963 1718 uxorem.
978 1680 1123 1718 Hrms.
1135 1681 1328 1730 Myrrham

281 1732 470 1775 Smyrnam
491 1737 626 1775 vocat,
655 1730 876 1768 &Thiantis
892 1729 969 1768 Beli
988 1729 1051 1768 filii
1073 1733 1110 1768 ὅ(
1135 1731 1332 1781 Orithyiae

288 1778 490 1828 Nymphae
508 1779 621 1818 filiam
642 1782 728 1819 facit
746 1781 930 1819 Antonin.
945 1781 1099 1819 Liberal.
1114 1793 1189 1831 cap.
1201 1795 1332 1820 xxxiv.

279 1828 342 1866 ubi
363 1831 446 1868 vide
477 1832 674 1869 Munckeri
704 1840 809 1869 notas
833 1859 844 1876 ,
880 1832 944 1881 qui
967 1832 1078 1870 docet
1102 1842 1243 1871 veteres
1262 1833 1324 1872 ad-

277 1880 436 1918 modum
462 1884 610 1920 variare.
635 1884 671 1920 in
687 1882 845 1931 Cinyrae
866 1883 1091 1932 genealogia.
1134 1885 1326 1933 Nicepho-

277 1940 338 1967 rus
377 1931 523 1970 Basilius
568 1934 605 1970 in
636 1934 843 1970 narratione
870 1947 883 1971 1
901 1946 928 1971 1.
963 1934 1007 1972 ab
1034 1935 1172 1973 Allatio
1194 1935 1326 1981 editus,

280 1980 466 2030 Thyantis
496 1983 607 2021 filiam
641 1984 727 2022 facit
759 1984 979 2033 Myrrham,
1016 1986 1054 2022 δε
1083 1987 1245 2035 Oppi-an.
1264 1986 1324 2025 lib.

277 2043 341 2068 111.
353 2033 402 2070 vs.
413 2044 497 2082 403.
508 2035 700 2083 Myrrham
714 2043 824 2072 vocat
836 2035 992 2078 Δάκρυιν
1006 2031 1188 2082 Ἀσσυρίης
1200 2039 1325 2075 escau-

277 2081 372 2124 τιδος
385 2110 395 2128 ,
424 2084 484 2121 vel
495 2093 534 2122 ut
546 2086 606 2123 alii
617 2086 743 2134 legunt
757 2086 963 2128 Θυάυτιὲος.
975 2087 1034 2125 ubi
1050 2089 1134 2126 vide
1147 2089 1321 2127 Rittersh.

276 2131 465 2182 Thyantis
478 2134 580 2178 ,filius
605 2137 714 2174 etiam
730 2136 882 2185 Cinyras
893 2136 913 2174 a
927 2138 1049 2176 multis
1065 2138 1206 2177 dicitur.
1232 2139 1319 2178 vide

276 2183 417 2222 Meurs.
437 2197 481 2223 11.
509 2186 555 2224 de
581 2186 710 2236 Cypro
733 2198 811 2236 cap.
832 2199 867 2236 9.
895 2188 956 2226 ubi
968 2189 1070 2238 plura
1093 2190 1138 2227 de
1166 2190 1318 2240 Cinyra.

273 2234 377 2282 quod
408 2244 532 2275 autem
560 2238 774 2276 Antoninus
800 2237 895 2277 dicat
923 2240 960 2277 in
991 2240 1137 2278 Libano
1166 2248 1287 2278 natam
1305 2270 1316 2287 ‚

274 2287 453 2340 convenit
474 2288 524 2325 illi
538 2315 550 2333 ,
577 2288 681 2338 quod
697 2289 882 2327 Lucianus
903 2290 949 2328 de
972 2290 1055 2328 Dea
1076 2292 1178 2340 Syria
1202 2291 1298 2330 dicat
1312 2320 1322 2338 ‚

277 2335 458 2385 Cinyram
488 2340 671 2388 templum
693 2339 835 2379 Veneri
863 2342 901 2378 in
922 2353 968 2378 eo
981 2350 1112 2380 monte
1132 2341 1321 2381 dedicaffe.

277 2388 463 2426 Arnobius
480 2402 571 2428 vero
583 2390 643 2428 lib.
656 2402 711 2428 1v.
722 2403 756 2440 p.
768 2403 829 2440 143
858 2391 1035 2441 Cinyram
1048 2393 1318 2433 meretriculam

274 2435 463 2476 Venerem
485 2441 579 2479 inter
600 2441 683 2479 deas
703 2440 875 2486 retuliffe;
890 2443 927 2480 ὃς
944 2443 1121 2481 Firmicus
1141 2443 1186 2481 de
1196 2444 1318 2483 Error.

275 2484 422 2525 Profan.
445 2491 563 2540 Relig.
584 2503 618 2540 p.
645 2491 1001 2542 15.dicitCynaram
1019 2495 1201 2544 Cyprium
1225 2495 1320 2533 ami·

275 2546 340 2573 cae
352 2542 533 2579 meretrici
553 2543 735 2591 templum
756 2542 990 2589 donafl'e,cui
1011 2555 1088 2583 erat
1106 2545 1236 2584 Venus
1248 2557 1319 2584 110-

276 2596 364 2623 men
380 2614 390 2631 ‚
429 2591 473 2646 ὅ(ι
496 2591 648 2630 initiasse
671 2593 829 2642 Cypriae
849 2595 991 2633 Veneri
1013 2596 1192 2644 plurimos
1206 2624 1216 2642 ,
1246 2598 1318 2635 &c.

276 2635 420 2675 Arnob.
451 2639 522 2696 lib..
539 2655 573 2678 v.
601 2654 680 2691 pag.
695 2646 772 2691 169.
808 2657 894 2683 eum
917 2646 1152 2685 conditorem
1167 2647 1318 2686 Lustro-

274 2697 357 2724 rum
386 2688 541 2727 Veneris
564 2692 663 2729 facit.
697 2693 912 2733 ditiffimum
932 2698 970 2734 δε
987 2706 1182 2746 potentem
1213 2697 1318 2736 fuiffe

273 2737 401 2784 (unde
427 2751 517 2795 mox
542 2740 601 2782 ᾡς.
625 2752 709 2790 337.
737 2755 883 2791 magnus
910 2746 1076 2789 dicitur.)
1104 2756 1252 2798 apparet
1272 2760 1320 2787 ex

270 2788 473 2835 proverbio
502 2791 639 2836 Κινύρου
666 2795 943 2840 πλουσιώτερος,
969 2798 1072 2846 quod
1099 2811 1144 2836 ex
1166 2800 1321 2848 Appen-

273 2839 354 2876 dice
393 2839 577 2878 Vaticano
630 2841 738 2879 Cent.
777 2855 857 2881 111.
887 2857 946 2893 90.
994 2847 1108 2885 edidit
1134 2849 1321 2894 Schottus,

275 2890 315 2926 ὅ(
337 2888 398 2926 ubi
419 2889 548 2928 dicitur
578 2891 770 2929 Pharnacis
786 2893 878 2931 filius
894 2922 903 2938 ,
931 2896 1156 2944 Cypriorum
1177 2910 1254 2936 rex.
1281 2901 1319 2937 &

274 2940 447 2978 Schottus
473 2953 517 2979 ex
538 2941 647 2980 Suida
665 2941 769 2980 affert
790 2943 856 2980 alia
870 2972 880 2989 ‚
909 2945 972 2983 ubi
998 2957 1083 2983 cum
1098 2947 1320 2996 Sardanapa-

275 2990 313 3027 lo
333 2992 370 3028 δε
393 2991 566 3030 Tithono
596 2993 773 3041 jungitur.
801 2994 851 3031 ita
880 2996 918 3031 &
942 2994 1128 3033 Lucianus
1161 2997 1316 3035 Rhetor.

275 3051 457 3090 praecept.
479 3054 514 3090 p.
537 3042 620 3080 818.
650 3055 733 3080 cum
759 3043 1025 3092 Sardanapalo,
1054 3054 1094 3082 ut
1117 3045 1314 3084 delicatum

274 3093 313 3128 δε
335 3092 488 3130 1110116111
516 3093 659 3143 jungit:
703 3105 789 3131 cum
821 3093 996 3132 Tithono
1013 3103 1136 3132 autem
1168 3106 1316 3144 propter

270 3141 430 3191 longum
459 3155 594 3181 aevum
625 3145 864 3193 componitur
887 3159 896 3182 :
942 3157 1028 3183 narn
1051 3144 1179 3183 vixisse
1196 3158 1312 3185 annos

270 3203 362 3229 6111.
390 3205 434 3231 ex
455 3195 690 3233 Anacreonte
718 3196 826 3233 refert
854 3196 988 3234 Plinius
1014 3196 1074 3233 lib.
1092 3209 1180 3234 vm.
1202 3209 1232 3234 c.
1252 3197 1312 3244 48.

272 3253 319 3278 ex
348 3244 498 3281 Centur.
532 3258 621 3283 vrit.
670 3246 893 3295 Diogeniani
917 3274 926 3290 ,
980 3247 1123 3284 divitias
1151 3247 1278 3285 Midae
1301 3275 1311 3292 ,

267 3293 398 3332 *Croefi
412 3295 448 3332 ὃ(
465 3296 622 3345 Cinyrae
642 3297 677 3335 in
698 3298 927 3347 paroemiam
947 3296 1066 3337 abiiffe
1087 3306 1185 3348 patet
1195 3313 1205 3343 ,·
1221 3308 1259 3337 ut
1272 3299 1310 3337 ὅ(

2319 1023 2427 1099 Ipse

1390 1180 1435 1207 ex
1450 1167 1631 1218 Apostolii
1654 1167 1764 1205 Cent.
1784 1181 1863 1206 xxx,
1885 1180 1945 1214 40.
1980 1167 2042 1206 ubi
2063 1167 2238 1207 Pantinus
2259 1171 2358 1219 plura
2383 1171 2428 1212 de

1388 1222 1528 1269 Cinyra
1550 1220 1658 1257 habet
1678 1234 1689 1263 3
1719 1230 1947 1269 quamquam
1978 1219 2143 1257 dubitem
2175 1232 2218 1257 an
2239 1233 2317 1260 non
2338 1222 2427 1262 duos

1387 1271 1449 1308 hic
1481 1271 1635 1319 Cinyras
1666 1270 1875 1309 confuderit
1896 1299 1906 1316 ,
1936 1282 2022 1308 cum
2061 1270 2120 1308 ille
2140 1270 2312 1320 Trojano
2333 1272 2427 1313 bello

1387 1320 1514 1359 vixiss'e
1533 1321 1683 1359 dicatur.
1718 1323 1892 1359 Ceterum
1916 1321 2075 1359 fabulam
2096 1322 2207 1359 etiarn
2229 1323 2323 1362 hanc
2346 1323 2428 1363 vide

1382 1372 1478 1422 apud
1491 1372 1659 1410 Servium
1670 1372 1713 1410 ad
1728 1372 1829 1422 Virg.
1843 1372 1919 1410 Ecl.
1936 1386 1972 1409 x.
1982 1371 2033 1409 18.
2047 1373 2085 1409 &
2096 1384 2131 1410 v.
2143 1372 2291 1412 AEneid.
2303 1374 2428 1421 72.ubi

1374 1422 1489 1473 longe
1514 1423 1616 1462 aliter
1636 1431 1754 1462 narrat
1771 1451 1781 1469 ,
1798 1428 1835 1462 ὅ(
1849 1424 2040 1473 Myrrham
2055 1423 2093 1461 in
2120 1423 2291 1473 Myrtum
2311 1432 2430 1465 muta-

1376 1483 1450 1513 tam
1475 1474 1609 1523 prodit.
1648 1476 1687 1513 ὃς
1722 1474 1768 1513 (16
1790 1475 1930 1513 Adone
1963 1475 2125 1524 Cinyrae
2142 1474 2220 1513 filio
2238 1475 2284 1514 ad
2302 1475 2429 1527 Eclog.

1377 1526 1516 1570 vuffis.
1529 1527 1587 1576 36.
1602 1525 1792 1576 Myrrham
1812 1538 1903 1565 vero
1922 1525 1966 1564 ab
1985 1525 2061 1563 aliis
2079 1531 2268 1575 Smyrnam
2279 1526 2427 1574 dieram,

1380 1585 1635 1627 praeterquam
1658 1577 1762 1628 quod
1783 1589 1829 1615 ex
1852 1577 2052 1615 Antonino
2072 1576 2256 1623 vidimus,
2283 1585 2427 1627 apparet

1384 1640 1429 1666 ex
1458 1629 1641 1667 Poemate
1663 1657 1674 1674 ,
1710 1640 1788 1678 quo
1814 1629 1911 1667 hanc
1940 1628 2100 1667 fabulam
2132 1628 2348 1678 complexus
2380 1628 2428 1668 est

1387 1680 1430 1718 C.
1454 1679 1612 1718 Helvius
1633 1680 1753 1718 Cinna
1767 1709 1778 1726 ,
1807 1680 1846 1718 &
1868 1680 1972 1731 quod
1987 1679 2050 1718 sub
2071 1679 2182 1718 titulo
2203 1680 2429 1729 Smyrnaeci-

1386 1738 1483 1769 tatur
1505 1732 1548 1768 ab
1570 1732 1739 1781 antiquis.
1763 1733 1802 1770 &
1827 1731 1931 1781 quod
1942 1742 2085 1769 nonum
2105 1730 2185 1778 post
2202 1742 2339 1768 annum
2354 1729 2431 1769 edi-
2482 1755 2483 1768 i

1389 1780 1476 1820 disse
1513 1782 1784 1833 obscurumque
1813 1780 1916 1821 fuiffe
1951 1781 2060 1820 tradit
2088 1780 2244 1830 Philarg.
2265 1781 2310 1820 ad
2326 1781 2429 1831 Virg.

1380 1833 1459 1871 Ecl.
1480 1845 1531 1870 1x.
1555 1844 1612 1882 35.
1641 1845 1686 1872 ex
1715 1846 1792 1885 quo
1814 1833 1920 1873 Prisc.
1938 1833 2000 1872 lib.
2022 1844 2076 1871 vr.
2095 1842 2177 1881 pag.
2199 1831 2282 1878 718.
2308 1830 2428 1872 laudat

1382 1883 1483 1922 hunc
1500 1885 1642 1922 versum
1659 1898 1668 1922 ι

1435 1939 1492 1972 At
1503 1935 1614 1984 scelus
1634 1935 1752 1983 incesto
1775 1934 1931 1985 Cinyrae
1954 1933 2122 1985 crescebat
2140 1932 2179 1972 in
2198 1932 2294 1974 alvo.

1383 1985 1461 2024 Ubi
1479 1985 1626 2024 videtur
1645 1986 1865 2034 legendum:

1431 2043 1600 2086 Smyrnae
1625 2036 1789 2085 crescebat
1810 2036 1849 2073 in
1866 2036 1962 2074 alvo.

1379 2087 1562 2138 Sosipater
1574 2088 1668 2126 lib.1.
1698 2100 1734 2136 p.
1754 2089 1814 2125 61.
1834 2088 1920 2125 citat
1937 2100 1945 2124 τ

1430 2145 1605 2176 Incertum
1623 2139 1716 2189 turpi
1735 2136 1898 2187 crescebat
1919 2137 1959 2175 in
1977 2136 2073 2174 alvo.

1372 2188 1547 2228 Producit
1567 2190 1678 2228 alium
1707 2189 1853 2227 Servius
1870 2188 1916 2227 ad
1938 2201 1969 2226 1.
1992 2189 2132 2236 Georg.
2151 2186 2240 2227 288.

1424 2246 1469 2278 Te
1487 2241 1688 2279 matutinus
1707 2239 1848 2290 flentem
1867 2238 2034 2288 conspexit
2056 2243 2167 2283 Eous,
2319 2244 2322 2247 ⁴

1431 2296 1479 2328 Et
1490 2290 1636 2342 flentem
1653 2291 1771 2341 paullo
1789 2290 1887 2328 vidit
1901 2289 1971 2339 post
1990 2288 2154 2339 Hesperus
2172 2289 2278 2329 idem.

1378 2341 1427 2380 Et
1456 2354 1501 2381 ex
1533 2355 1579 2381 eo
1611 2343 1778 2381 credebat
1816 2340 1993 2379 Heinfius
2022 2341 2135 2378 etiam
2162 2339 2266 2379 fuiffe
2295 2339 2397 2381 illum
2409 2344 2430 2394 ᾖ

1377 2404 1491 2442 quern
1516 2395 1602 2432 citat
1621 2393 1743 2432 Schol.
1766 2392 1951 2439 Juvenalis
1971 2391 2016 2429 ad
2036 2391 2108 2429 Sat.
2129 2402 2185 2428 vr.
2208 2403 2287 2439 155.
2423 2399 2430 2418 ‘-

1426 2449 1550 2494 Atque
1567 2444 1711 2481 imitata
1735 2443 1833 2481 nives
1853 2442 1968 2480 lucens
1989 2441 2114 2490 legitur
2133 2440 2335 2488 crystallus.
2426 2486 2427 2490 Ἰ

1374 2494 1431 2533 Ut
1453 2495 1665 2533 emendavit
1680 2493 1889 2544 Rutgerfius
1900 2522 1911 2539 ,
1923 2504 1991 2542 pro
2011 2491 2131 2529 ludens
2144 2506 2155 2528 .·
2171 2490 2339 2530 Barthius
2359 2496 2420 2531 ved

1373 2556 1416 2582 ro
1446 2545 1507 2584 lib.
1541 2558 1596 2584 lv.
1618 2545 1718 2584 Adv.
1752 2558 1813 2583 20.
1866 2543 2006 2593 Legitur
2035 2540 2251 2591 crystallina
2288 2541 2416 2581 ludens.

1375 2596 1555 2635 Charifius
1578 2597 1688 2634 etiam
1718 2596 1780 2634 lib.
1803 2609 1829 2634 1.
1846 2606 1929 2644 pag.
1960 2604 2020 2642 73.
2047 2593 2086 2630 &
2110 2592 2184 2630 118.
2203 2599 2309 2630 notat
2328 2593 2416 2632 Cin-

1373 2658 1459 2684 nam
1484 2649 1521 2685 in
1544 2647 1699 2697 Smyrna
1727 2646 1831 2697 hujus
1852 2645 1944 2683 tabis
1962 2641 2112 2689 dixiffe,
2133 2642 2239 2682 nullo
2257 2642 2413 2682 auctore.

1374 2696 1548 2735 Rumam
1558 2712 1639 2736 Νυε.

1429 2759 1515 2796 300.
1544 2747 1669 2784 Procul
1685 2747 1767 2785 hinc
1787 2745 1929 2794 natae.]
1959 2751 2077 2782 Natae
2091 2743 2209 2793 procul
2230 2743 2413 2794 binc‚pro·'

1377 2797 1432 2834 cul
1459 2798 1519 2843 este
1529 2806 1688 2846 parentes
1719 2798 1928 2844 Cantabrig.
1956 2794 2151 2832 Mediceus
2181 2795 2220 2833 &
2242 2796 2316 2834 duo
2343 2794 2410 2833 alii.

1377 2847 1531 2885 Suavius
1544 2875 1555 2891 ,
1568 2856 1608 2885 ut
1629 2849 1667 2885 in
1683 2847 1841 2884 formula
1857 2874 1865 2887 .
1881 2844 1999 2895 procul
2014 2844 2096 2882 hinc
2108 2873 2118 2890 ‚
2139 2845 2259 2893 procul
2266 2845 2324 2894 este
2335 2853 2412 2896 pro-

1366 2898 1466 2945 fani.
1493 2897 1569 2935 duo
1590 2899 1701 2935 etiam
1718 2897 1797 2934 libri
1819 2898 1877 2934 hic
1892 2923 1902 2939 ,
1925 2895 2044 2945 procul
2061 2896 2121 2940 elle
2133 2897 2272 2943 fhrores.

1428 2959 1512 2996 301.
1541 2953 1621 2984 Aut
1642 2947 1757 2996 mea.]
1787 2952 1841 2983 At
1862 2948 2008 2994 plurimi
2027 2946 2156 2995 scripti.

1427 3009 1511 3046 302.
1539 3004 1610 3034 Nec
1632 2997 1794 3046 credita]
1826 3004 1878 3033 Ne
1899 2997 1988 3035 0610
2010 2997 2100 3035 libri.
2118 2995 2227 3041 fadis
2239 2994 2407 3033 Cantabr.

1371 3047 1544 3085 Heinlius
1564 3049 1743 3091 malebat,
1763 3050 1859 3094 fabio
1873 3075 1883 3092 ,
1913 3058 1951 3085 ut
1968 3048 2040 3097 seq.
2061 3044 2231 3092 fissam.

1424 3109 1507 3146 305.
1536 3098 1738 3147 Gentibus.]
1769 3099 1907 3136 Aberat
1927 3099 1988 3136 hic
2005 3098 2122 3136 versus
2149 3093 2170 3131 ὲ
2192 3094 2406 3133 Florentino

1369 3147 1404 3184 S.
1427 3148 1568 3186 Marci:
1592 3149 1629 3185 &
1651 3157 1748 3187 certe
1776 3151 1912 3187 mirum
1939 3149 2056 3187 videri
2075 3144 2214 3196 potest,
2239 3145 2408 3193 gratulari

1368 3198 1524 3235 Poetam
1547 3198 1752 3244 Thraciae,
1781 3200 1842 3237 ubi
1865 3199 1982 3238 modo
2002 3197 2058 3241 521⁵.
2079 3197 2138 3244 83.
2157 3195 2327 3244 Orpheus
2339 3195 2407 3233 do-

1371 3258 1516 3292 cuerat,
1538 3263 1690 3287 amorem
1723 3251 1760 3286 in
1785 3261 1912 3288 teneros
1932 3248 2117 3294 transferre
2143 3258 2279 3290 mares;
2307 3244 2406 3295 quafi

1369 3299 1583 3347 παιδερκ-τῖκ
1615 3303 1734 3340 minus
1763 3302 1874 3343 scelus
1900 3297 2036 3339 incesto
2068 3295 2178 3344 effet‚
2206 3294 2227 3336 a
2256 3307 2333 3347 quo
2353 3303 2407 3333 ta-

2317 3355 2405 3383 men
2458 3338 2461 3391 ξ

2479 1771 2483 1916 l

2478 1927 2482 2009 ι
