2483 3616
271 148 1522 217 METAMORPHOSEON
1595 152 1740 211 Lm.
1790 159 1924 218 VII.

2009 202 2014 207 -
2085 180 2180 232 521

350 274 459 345 Qui
482 268 784 331 lacrimem,
823 267 1039 321 desunt:
1079 266 1474 342 indefletaeque
1498 281 1752 340 vagantur

341 348 598 401 Natarum
622 353 961 413 matrumque
986 340 1217 405 animae,
1249 340 1612 415 juvenumque
1635 342 1940 417 senumque.

335 417 451 471 Nec
478 416 624 469 locus
649 414 704 468 in
729 415 989 477 tumulm,
1028 431 1127 468 nec
1150 412 1349 468 suflicit
1372 415 1527 468 arbor
1552 415 1608 468 in
1630 414 1794 487 ignes,

328 488 609 543 Attonitus
634 499 786 541 tanto
810 487 1115 541 miserarum
1140 486 1351 542 turbine
1376 504 1553 542 rerum
1569 526 1584 551 ,

193 569 288 630 615
321 560 427 632 Jup
466 561 566 614 iter
595 560 660 621 ὁ,
697 560 836 624 dixi,
875 559 912 615 fi
938 572 991 615 te
1018 576 1126 614 non
1150 559 1268 614 falfa
1289 559 1582 632 loquuntur

332 634 406 689 Di
462 651 516 699 a,
554 632 647 687 sub
673 635 942 705 amplexus
966 632 1209 704 Aeginae
1237 632 1503 704 Asopidos
1528 632 1644 687 ifl'e:

329 706 448 762 Nec
475 718 558 770 te,
595 723 785 778 magne
810 719 990 777 pater,
1027 705 1187 760 nostri
1214 705 1382 778 pudet
1407 705 1509 760 effe
1533 718 1839 778 parentem3

331 781 447 834 Aut
475 778 607 833 mihi
634 779 802 834 redde
831 797 1006 833 meos:
1048 791 1136 832 aut
1163 796 1249 832 me
1280 796 1499 852 quoque
1522 779 1701 834 conde
1724 780 1981 854 sepulcro

330 851 418 906 Ille
442 865 627 906 notam
650 852 858 924 fulgore
888 851 1071 914 dedit,
1108 851 1420 924 tonitruque
1449 852 1701 907 secundo,

190 929 291 980 620
329 924 588 998 Accipi0‚
626 924 832 998 sintque
854 923 945 979 ista
969 940 1162 996 precor
1185 923 1356 979 felicia
1380 925 1571 980 mentis

43 1145 144 1198 quod
153 1144 304 1196 quidem
325 1145 351 1184 fi
371 1156 462 1194 opus
482 1148 594 1194 poeta
609 1141 953 1189 emendaffet,facile
971 1143 1081 1182 sustu-

45 1196 142 1237 lisset.
170 1196 318 1235 forsitan
337 1206 460 1234 autern
475 1196 522 1233 fic
533 1194 619 1233 effet
630 1194 827 1245 legendum
841 1223 850 1239 ‚
866 1194 992 1243 Jffesab
1004 1208 1082 1231 am-

37 1248 156 1300 plexus
174 1248 329 1298 Aeginae
341 1246 505 1296 Asopidos
523 1245 616 1284 olim.
642 1258 727 1284 nam
740 1247 871 1294 Afiipas
885 1245 1082 1283 secundam

43 1299 219 1350 producit.
246 1297 295 1336 fic
324 1308 450 1336 autem
481 1296 601 1335 versus
623 1296 765 1335 mendis
795 1304 903 1334 caret.
932 1296 969 1333 in
987 1308 1082 1345 quo-

44 1349 127 1389 dam
145 1358 269 1388 tamen
290 1349 491 1398 exemplari
511 1347 560 1385 fic
570 1347 744 1396 scriptum
762 1347 914 1395 legitur:
928 1347 1082 1395 Aeginae

44 1400 218 1450 amplexus
237 1400 413 1450 quondam
428 1398 495 1449 sub
518 1398 680 1460 Asopidos
700 1397 763 1447 isse.
791 1410 885 1448 quae
916 1397 1028 1436 leftio
1055 1397 1081 1435 fi

2 1459 5 1474 ²
39 1451 106 1490 tibi
127 1452 256 1501 placet,
269 1451 405 1500 accipe.
425 1449 604 1498 Castigare
623 1449 755 1498 legitur
772 1450 833 1486 hic
844 1447 978 1486 vers.in
991 1449 1083 1486 anti-

40 1513 118 1552 quo
131 1502 328 1551 exemplari
347 1503 420 1539 hoc
439 1500 579 1538 modo:
595 1499 717 1549 Jffesab
735 1499 912 1549 amplexus
929 1500 1084 1548 Aeginae

41 1552 207 1602 Afhpidos
235 1552 328 1589 olim.
357 1553 526 1589 Remus.
553 1552 713 1589 Carmen
744 1550 780 1588 id
815 1562 899 1588 cum
923 1550 1084 1588 multifa-

2 1641 3 1655 χ
39 1603 132 1642 riam
159 1614 236 1640 non
252 1602 384 1647 semel,
407 1614 476 1640 nec
494 1602 538 1639 ab
556 1613 633 1640 uno
646 1601 838 1639 trat‘tatuin
857 1601 979 1645 fuerit,
990 1601 1084 1639 hanc

40 1664 110 1691 nos
143 1652 444 1691 emendationem
475 1653 693 1690 fovebamus
716 1680 727 1697 ‚
766 1663 877 1701 quain
901 1652 937 1688 in
959 1651 1081 1689 nostro

35 1703 172 1753 *codice
202 1703 449 1751 comperimus
469 1731 479 1748 ,
509 1703 705 1747 videlicet,
740 1703 793 1751 isse
816 1701 883 1751 sab
903 1701 1082 1751 amplexus

42 1753 198 1802 Aeginae
208 1753 371 1803 Asopidos
387 1754 481 1792 olime
510 1755 622 1792 Nunc
640 1762 761 1791 autem
778 1754 866 1790 mihi
879 1753 1080 1790 videturita

41 1805 182 1852 prorsus
202 1804 458 1853 corrigendum
474 1833 485 1850 ,
512 1814 552 1843 ut
575 1806 613 1842 in
634 1816 711 1842 uno
725 1804 925 1841 Vaticanae
945 1803 1080 1840 Biblio-

38 1855 166 1893 thecae
182 1855 353 1904 scripturn
374 1854 535 1904 denique
557 1854 811 1893 animadverti.
831 1864 870 1892 ut
889 1854 1022 1891 scilicet
1042 1855 1079 1892 in

41 1904 124 1944 sede
145 1906 221 1955 ejus
244 1906 374 1943 ultima
392 1906 532 1955 legatur
553 1906 664 1955 ignes,
691 1914 752 1943 aut
773 1905 882 1954 ignem
900 1933 909 1949 ,
941 1905 996 1953 Isse
1012 1905 1079 1953 sab

39 1955 216 2005 amplexus
251 1956 408 2005 Aeginae
431 1957 596 2005 Afhpidos
633 1956 757 2005 ignem.
812 1956 950 2004 Jupiter
978 1967 1078 1993 enim

38 2006 170 2056 (quod
188 2006 236 2044 est
255 2007 558 2056 notiffimum)in
578 2008 701 2056 ignem
716 2015 875 2045 mutatus
895 2007 1077 2054 virginem

40 2057 261 2104 compreffit.
280 2058 366 2094 hinc
393 2056 532 2096 dictum
562 2059 681 2106 priore
709 2059 823 2102 libro,
852 2055 1003 2106 Afhpida
1022 2056 1077 2093 la-

34 2106 121 2154 serit
139 2106 236 2154 ignis.
263 2107 671 2146 MARIANG.Acc1JRs.
700 2110 737 2146 in
752 2109 936 2146 Diatribis.
965 2109 1077 2146 Multi

41 2155 201 2193 fincerae
238 2156 379 2195 formae
417 2158 491 2196 hoc
518 2171 664 2196 carmen
696 2159 880 2197 restituere
911 2166 1079 2197 tentave-

41 2214 145 2243 runt:
174 2205 264 2243 nulli
294 2216 502 2255 potuerunt.
535 2209 583 2247 fic
613 2210 729 2258 ipsum
754 2208 1076 2258 redintegrandum

39 2257 200 2293 omnino
221 2256 268 2293 est
290 2284 301 2300 ,
325 2258 392 2294 Sub
420 2259 594 2307 quondam
615 2261 792 2310 amplexus
815 2261 968 2308 Aeginae
988 2263 1077 2310 Afh-

29 2306 129 2355 pidos
153 2306 222 2354 effe.
248 2307 328 2351 vel,
357 2308 510 2357 Aeginae
528 2310 703 2359 amplexus
714 2310 780 2359 sub
800 2309 976 2361 quondam
986 2315 1076 2360 Aso-

34 2357 129 2406 pidos
155 2356 218 2405 iffe.
272 2357 552 2397 Advertendum
583 2361 683 2398 enim
731 2362 778 2398 est
814 2366 966 2410 Asopum
1003 2363 1076 2409 pri-

39 2419 138 2445 mam
154 2410 190 2444 ὃ(
213 2407 407 2448 secundam
426 2421 616 2459 nunquam
640 2412 830 2458 corripere.
869 2413 1078 2448 CONSTAN—

0 2495 1 2504 ,
40 2470 132 2496 'rrus
161 2458 372 2497 Fanmsxs.
424 2460 483 2498 Est
519 2461 558 2498 ὃς
594 2460 654 2497 hic
688 2461 791 2497 locus
825 2462 893 2497 τῶν
929 2457 1078 2504 impau-

0 2514 1 2554 3
38 2510 147 2552 μένειν
176 2521 292 2555 unus,
318 2511 392 2549 hoc
416 2511 489 2555 est,
517 2510 563 2548 de
590 2509 719 2560 quibus
748 2511 882 2547 merito
912 2509 1075 2548 dubitare

37 2559 168 2607 postis,
194 2560 329 2605 γνήσιος
357 2573 401 2599 ac
431 2572 537 2599 verus
571 2560 636 2604 fit,
664 2572 707 2597 an
740 2561 850 2599 secus.
877 2571 963 2598 nam
1002 2560 1077 2599 five

38 2609 134 2655 hoc,
161 2610 236 2648 five
264 2611 328 2649 illo
355 2611 473 2650 modo
502 2611 644 2649 versum
676 2611 772 2660 legas
793 2639 804 2656 ‚
842 2611 1078 2649 incommodi

39 2659 175 2710 aliquid
199 2661 318 2700 habet.
339 2663 402 2700 illo
415 2691 425 2707 ‚
439 2671 479 2700 ut
498 2661 684 2710 particula,
697 2661 779 2698 olim
794 2689 804 2706 ‚
823 2663 860 2699 in
871 2661 944 2700 fine
958 2662 1077 2700 otiose

39 2711 119 2748 fere
137 2720 292 2760 ponatur
303 2728 315 2756 ;
345 2713 446 2763 quod
467 2722 593 2751 contra
615 2712 789 2749 decorum
805 2713 842 2749 δε
858 2712 1078 2761 elegantiam

40 2760 196 2799 Heroici
219 2764 386 2801 carminis
412 2763 462 2802 fit.
490 2764 564 2800 hoc
585 2770 709 2800 autem
726 2790 736 2807 ,
759 2769 799 2800 ut
816 2762 945 2812 syllaba
964 2765 1081 2813 prima

40 2812 200 2860 Asopidis
219 2814 431 2862 corripiatur
446 2825 560 2864 ‚quae
583 2811 667 2851 alias
686 2813 797 2862 longa
808 2813 856 2851 est
869 2842 880 2859 ,
906 2822 946 2852 ut
958 2815 1079 2864 primo

43 2862 133 2910 Arg.
155 2862 393 2910 Apollonius:
418 2877 496 2912 117.

4 2940 7 2941 γ
143 2912 289 2957 Πατρὸς
306 2911 390 2958 “εοῦ,
418 2916 573 2962 πηῇσιν,
588 2913 730 2961 ἐφέςισς
751 2911 927 2952 Α’σωποῖο.

41 2975 90 3015 Et
109 2979 205 3027 apud
225 2979 381 3017 Statium
399 2980 460 3019 lib.
481 2993 566 3020 vrr.
588 2993 668 3031 315.
698 2981 830 3031 Asopus
853 2982 996 3031 genaiffi
1017 2983 1078 3020 da-

40 3035 195 3073 tur‚c9’c.
248 3032 339 3078 Quo
361 3029 447 3066 loco
467 3033 576 3070 etiam
598 3032 758 3070 fabulam
779 3033 880 3078 Jovis
910 3034 947 3070 &
966 3034 1081 3083 Aegi-

41 3087 110 3132 nae
140 3079 238 3117 idern
278 3083 390 3129 po'e'ta
424 3083 589 3128 exponit.
626 3083 718 3120 item
755 3083 850 3131 apud
883 3083 1079 3122 Lucanum

38 3126 101 3165 hb.
122 3140 175 3166 v1.
190 3141 270 3177 374.
298 3130 435 3179 Accipit
456 3132 585 3180 Afiipus
606 3133 741 3182 cursus,
760 3133 992 3184 Phoenixque,
1004 3141 1081 3171 Me-

40 3175 254 3226 Iasonema‘c.
284 3179 353 3218 Sed
371 3189 494 3218 tamen
515 3181 674 3229 priorem
693 3182 891 3220 ledtionem
908 3211 917 3227 ‚
930 3185 1075 3228 hocest‚

40 3227 340 3265 emendationem
360 3231 466 3278 Regii
483 3231 704 3268 retineamus
717 3258 726 3272 ‚
753 3232 840 3269 dum
859 3233 991 3270 melior
1009 3235 1076 3271 alia

41 3275 224 3316 offeratur.
263 3278 488 3331 Mrcmus,
537 3280 650 3329 §sane
687 3281 818 3328 legitur
851 3283 911 3320 hic
946 3283 1076 3321 versus.

2024 1000 2181 1072 Signa

1137 1143 1235 1180 Nam
1259 1142 1317 1181 alii
1336 1143 1484 1193 legunt:
1522 1144 1589 1180 Sub
1616 1145 1790 1193 quondam
1823 1145 1999 1196 amplexus
2029 1147 2183 1196 Aeginae

1136 1194 1302 1243 Afhpidos
1323 1194 1385 1243 isse.
1415 1195 1646 1232 Constantius
1667 1196 1835 1234 Fanensis
1852 1198 1927 1234 hoc
1947 1197 2088 1235 modo:
2109 1204 2185 1236 Ae·

1134 1244 1236 1292 ginae
1267 1245 1445 1293 amplexus
1465 1244 1532 1292 sub
1563 1247 1737 1294 quondam
1767 1247 1931 1296 Afhpidos
1969 1248 2031 1297 zffe.
2083 1248 2183 1294 Vel,

1137 1294 1204 1330 Sub
1224 1295 1400 1343 quondam
1419 1296 1595 1345 amplexas
1615 1296 1769 1344 Aeginae
1780 1297 1940 1347 Asopidos
1962 1299 2026 1347 iffe.
2052 1299 2181 1348 Apage

1139 1345 1352 1390 Constanti,
1378 1358 1456 1384 non
1477 1346 1630 1394 placent.
1660 1348 1795 1396 Regius
1814 1348 2181 1393 emendavit‚modo

1140 1396 1188 1434 ita
1215 1396 1256 1434 fit
1279 1396 1477 1435 dicendum
1498 1411 1505 1434 ι
1541 1397 1594 1445 Jffi³
1607 1393 1674 1444 sub
1702 1398 1880 1448 amplexus
1899 1399 2185 1448 AeginaeAsbpi-

1141 1446 1198 1483 dos
1220 1447 1313 1484 olim.
1342 1448 1382 1486 In
1406 1448 1498 1486 libro
1518 1448 1773 1487 Dominicano
1810 1450 1849 1486 δε
1877 1461 1954 1486 uno
1978 1450 2104 1487 Maffei
2121 1451 2182 1488 est:

1139 1498 1247 1535 Dieia
1259 1498 1326 1547 βψ
1344 1498 1522 1548 amplexus
1532 1499 1686 1546 Aeginae
1707 1500 1869 1549 Asopidos
1882 1500 1946 1549 iffe.
1973 1501 2061 1537 Vox
2077 1501 2182 1538 Diera

1141 1549 1317 1598 conjungi
1340 1549 1471 1594 debet,
1501 1549 1618 1587 modo
1653 1551 1844 1599 recipiatur
1874 1562 1915 1588 ca
1937 1551 2048 1588 lectio
2063 1580 2073 1596 ‚
2097 1564 2182 1589 cum

1138 1600 1252 1638 verbo
1273 1599 1370 1648 falsa
1389 1616 1399 1636 .-
1439 1608 1479 1638 ut
1498 1600 1539 1637 fit
1560 1599 1676 1638 sensus
1696 1615 1703 1638 :
1753 1602 1789 1638 O
1811 1602 1976 1650 Juppiter
1997 1629 2007 1646 ,
2036 1601 2060 1639 fi
2089 1602 2184 1640 dieta

1138 1662 1215 1688 non
1235 1650 1316 1688 falsa
1332 1652 1534 1700 loquuntur
1557 1660 1593 1688 te
1615 1649 1715 1689 ivisse
1735 1652 1797 1689 sub
1817 1652 2006 1700 amplexus
2020 1653 2185 1700 Aeginae

1138 1701 1334 1749 Asopidos.
1392 1702 1434 1738 In
1472 1701 1615 1740 duobus
1650 1702 1771 1740 Vatic.
1798 1702 1949 1740 Briantii
1971 1731 1982 1747 ,
2019 1703 2186 1746 Gifanii,

1139 1751 1294 1800 Capran.
1310 1752 1461 1799 Joannis
1477 1780 1487 1796 ‚
1513 1764 1589 1790 uno
1604 1764 1692 1790 meo
1706 1781 1715 1795 ‚
1736 1753 1887 1791 caelest.
1903 1754 1939 1790 ἃ
1958 1753 2073 1790 altero
2086 1754 2188 1790 Maf-

1137 1803 1212 1846 fei,
1241 1803 1401 1851 legitur:
1442 1803 1500 1852 Jffe
1521 1802 1588 1852 sab
1615 1803 1792 1852 amplexas
1815 1804 1990 1854 quondam
2022 1804 2187 1852 Afhpia'os

1137 1853 1305 1902 Aeginae,
1357 1853 1399 1891 In
1430 1855 1503 1891 alio
1535 1854 1658 1891 Vatic.
1687 1856 1724 1891 δέ
1760 1855 1874 1892 altero
1897 1866 1984 1891 meo
2003 1882 2013 1899 ,
2044 1855 2099 1902 Isse
2117 1854 2185 1901 snb

1134 1904 1312 1952 amplexus
1338 1904 1476 1953 Aginae
1501 1904 1663 1953 Asopidos
1687 1904 1773 1953 igne.
1826 1907 1952 1954 Quam
1981 1905 2184 1942 le<ffionem

1135 1954 1294 1992 Ovidius
1314 1955 1385 2004 ipse
1406 1955 1551 1993 videtur
1574 1955 1861 2000 confirmarelib.
1876 1968 1937 1993 vr.
1963 1955 2025 1993 ubi
2054 1957 2101 1993 ita
2115 1955 2183 1993 est:

1183 2009 1325 2042 Aureus
1343 2006 1381 2042 in
1403 2009 1560 2043 Dana‘e'n
1576 2034 1585 2050 ,
1615 2006 1769 2056 Asopida
1797 2006 1913 2055 luserit
1935 2006 2032 2054 ignis.

1133 2056 1381 2105 Mariangelus
1410 2068 1455 2093 ex
1486 2068 1563 2094 uno
1595 2057 1714 2093 Varie.
1745 2056 1859 2104 legit:
1912 2056 2067 2104 Aeginae
2097 2055 2186 2102 Aso-

1129 2106 1225 2156 pidos
1241 2107 1364 2156 ignem.
1394 2107 1564 2144 ConAN.
1606 2107 1726 2144 Prima
1746 2108 1782 2143 in
1804 2109 1936 2156 Asopus
1956 2105 2184 2154 producitur,

1136 2166 1176 2196 ut
1197 2158 1331 2196 Amor.
1350 2158 1410 2196 lib.
1436 2170 1474 2195 11
1488 2170 1517 2194 1.
1540 2157 1642 2206 Eieg.
1669 2170 1724 2195 11.

1242 2208 1342 2257 Qid
1359 2210 1505 2255 reseram
1526 2210 1681 2256 Asopon?

1134 2259 1247 2297 Unde
1292 2268 1440 2308 apparet
1479 2261 1573 2296 hanc
1601 2258 1803 2295 lefftionem
1834 2257 1918 2295 ferri
1947 2267 2025 2294 non
2059 2254 2183 2305 poffe:

1133 2308 1263 2359 Scripti
1286 2308 1421 2360 magna
1446 2321 1490 2346 ex
1512 2317 1634 2358 parte,
1664 2318 1703 2346 ut
1726 2310 1763 2345 ἃ
1786 2307 1845 2346 alii
1870 2307 2065 2345 observant
2081 2334 2092 2351 ,

1365 2374 1421 2422 Isse
1432 2373 1499 2421 sub
1517 2373 1695 2422 amplexus
1720 2371 1854 2419 Aginae
1875 2370 2038 2420 Asopidos
2054 2369 2136 2408 olim
2149 2399 2160 2418 ‚

1132 2436 1230 2479 Vel,
1260 2435 1385 2483 ignem.
1442 2437 1523 2473 Nec
1543 2436 1756 2484 pauciores:
1957 2458 1960 2459 ν

1186 2496 1243 2544 Iffe
1251 2495 1319 2544 sub
1338 2496 1516 2545 amplexus
1532 2494 1709 2545 qnondam
1728 2494 1893 2543 Asopidos
1913 2493 2081 2543 Aeginae.

1132 2547 1230 2586 unde
1246 2545 1446 2595 legendum
1473 2546 1564 2583 olim
1585 2546 1827 2594 conjiciebam
1846 2559 1854 2583 ε

1185 2596 1242 2646 Jffe
1252 2596 1318 2645 sab
1340 2596 1517 2646 amplexus
1540 2596 1702 2646 Asopidos
1721 2595 1884 2645 Aeginai.

1134 2656 1175 2687 ut
1200 2648 1312 2685 Ennii
1336 2656 1398 2685 aut
1421 2648 1564 2685 alterius
1582 2647 1723 2696 antiqui
1743 2651 1878 2696 poetae
1904 2645 2182 2685 hemistichium

1135 2699 1325 2748 exprimat.
1379 2698 1454 2736 Alii
1480 2697 1625 2736 codices
1645 2698 1758 2735 aliter.
1785 2698 1845 2736 sed
1866 2697 1957 2747 quid
1992 2696 2055 2735 fibi
2084 2698 2185 2742 vult,

1136 2763 1205 2787 non
1226 2748 1323 2798 salsa
1353 2748 1545 2800 loquantur
1569 2758 1584 2787 ἓ
1621 2748 1752 2786 Sordet
1785 2749 1877 2786 mihi
1906 2749 1998 2786 haec
2028 2748 2185 2786 locutio,

1136 2803 1264 2849 Quare
1282 2800 1420 2838 accedo
1441 2800 1588 2848 optimo
1614 2798 2009 2838 Florentin0.S.Marci
2023 2826 2033 2844 ,
2065 2800 2100 2836 ὃς
2114 2800 2184 2835 Ar·
2204 2846 2207 2851 ι

1135 2853 1274 2901 gentin.
1308 2851 1346 2888 in
1367 2851 1516 2900 quibus:

1239 2929 1337 2936 .-
1382 2899 1416 2950 si
1435 2911 1467 2937 te
1486 2914 1555 2938 non
1570 2901 1665 2950 falsa
1685 2901 1876 2952 loquuntur

1186 2953 1293 2990 Diela
1308 2981 1318 3000 ‚
1339 2951 1405 3001 sub
1424 2951 1602 3002 amplexus
1617 2952 1771 3001 Aeginae
1788 2951 1951 3001 Asopidos
1969 2952 2034 2999 iffi’.

1136 3005 1275 3054 Neque
1290 3005 1395 3043 aliter
1415 3015 1508 3041 unus
1529 3002 1805 3041 Ambrofianus.
1832 3004 1903 3040 huc
1927 3000 2052 3040 alludit
2072 2999 2183 3037 etiam

1134 3057 1243 3104 primi
1263 3054 1437 3095 Vaticani
1458 3054 1650 3104 scriptura:

1188 3119 1245 3168 Iffit
1257 3119 1323 3168 sub
1343 3119 1521 3169 amplexus
1538 3118 1696 3167 Aeginae
1718 3116 1882 3166 Afhpidos
1902 3112 2152 3162 iffe.H121NS.

1138 3183 1264 3221 Gifan.
1286 3186 1366 3223 lnd.
1386 3187 1540 3223 Lucret.
1563 3186 1602 3223 in
1624 3198 1660 3222 m
1682 3185 1792 3232 legit:

1183 3233 1241 3281 Jffi
1251 3235 1318 3283 sub
1339 3235 1518 3285 amplexus
1544 3235 1720 3286 quondam
1741 3231 1904 3281 Asopidos
1921 3235 2076 3283 Aegnae0

1618 3334 1725 3381 er
1754 3344 1774 3372 2
2087 3330 2185 3383 §seh
