2483 3616
318 197 1565 269 METAMORPHOSEON
1637 203 1991 263 L113.XIV.

2104 223 2204 277 975

359 323 651 395 Accipiunt
681 335 692 370 :
735 315 1011 389 cubitique
1040 317 1181 373 leves
1206 319 1474 374 sinuantur
1498 319 1554 374 in
1579 319 1696 373 alas,

355 398 555 463 Magna
582 390 783 463 pedum
811 389 1008 460 digitos
1034 408 1150 462 pars
1176 406 1404 463 occupat
1431 410 1443 446 z
1485 410 1685 465 oraque
1710 407 1876 445 cornu

355 468 602 524 Indurata
628 463 805 534 rigent
831 482 841 517 :
883 463 1155 536 finemque
1180 465 1232 517 in
1260 465 1505 519 acumine
1530 477 1754 536 ponunt.

355 539 525 595 Hunc
553 537 766 605 Lycum
802 537 943 590 hunc
972 536 1110 599 Idas·‚
1154 537 1208 591 &
1235 554 1357 590 cum
1386 536 1702 591 Rhetenore
1730 534 1993 608 NycteuS‚

216 632 309 687 505
355 611 525 668 Hunc
551 611 810 664 mirantur
837 608 980 663 Abas
1008 627 1019 662 :
1063 609 1119 662 δε
1145 610 1275 664 dum
1300 609 1585 672 mirantur,
1626 610 1872 664 eamdem

358 683 650 755 Accipiunt
677 682 870 736 faciem
899 699 910 734 :
953 699 1314 755 numerusque
1342 699 1411 736 ex
1434 682 1644 753 agmine
1672 681 1839 752 major

358 757 642 819 Subvolat‚
678 757 731 809 &
763 771 941 808 remos
969 754 1151 826 plausis
1180 755 1538 809 circumsonat
1563 754 1670 809 alis,

359 833 413 886 Si
438 830 721 884 volucrum
747 844 882 899 quae
915 825 974 879 sit
1000 827 1286 881 subitarum
1316 827 1489 881 forma
1519 828 1773 900 requiris;

361 904 436 959 Ut
463 919 572 957 non
598 915 925 972 cygnorum,
965 899 1032 952 fic
1062 900 1188 954 albis
1215 900 1458 972 proxima
1485 900 1687 972 cygnis.

218 997 317 1047 510
355 977 468 1034 Vix
491 973 744 1047 equidem
771 972 860 1024 has
885 970 1088 1053 sedes,⁸
1106 973 1158 1024 δε
1189 972 1398 1045 Iapygis
1427 973 1571 1028 arida
1599 972 1778 1027 Dauni

360 1054 506 1107 Arva
534 1063 698 1120 gener
725 1058 886 1099 teneo
902 1082 919 1108 ,
961 1045 1182 1099 m1n1ma
1207 1063 1332 1100 cum
1359 1062 1510 1119 parte
1542 1062 1806 1102 meorum.

69 1483 171 1533 burg.
194 1482 232 1522 δε
250 1482 381 1521 decem
399 1481 472 1521 alii.
498 1479 603 1532 quod
622 1479 838 1530 ampleetor.
865 1478 1011 1516 Herus.
1031 1477 1119 1516 Vid.

72 1535 119 1575 ad
135 1535 197 1574 lib.
217 1547 270 1572 1v.
290 1546 375 1582 499.

124 1599 207 1635 500.
235 1586 385 1633 Majores
404 1582 548 1620 brachia
560 1591 694 1632 pennas
716 1580 904 1630 Accipiunt
920 1596 930 1616 .·
949 1578 1122 1628 cubitique

73 1636 164 1674 leves
182 1646 373 1673 tenuantur
389 1635 429 1672 in
448 1634 563 1682 alas.)
595 1633 783 1671 Hiclocus
807 1631 950 1670 videtur
970 1640 1120 1668 contra-

72 1689 145 1726 rius
173 1686 243 1725 effe
270 1687 381 1731 huic,
411 1685 456 1722 de
489 1696 567 1734 quo
590 1685 700 1733 paulo
720 1693 805 1721 ante
825 1681 1089 1720 admonuimus
1108 1709 1120 1726 ,

70 1738 260 1776 brachium
295 1735 366 1775 effe
393 1737 520 1774 manui
541 1736 746 1784 proximius
770 1732 886 1784 quam
913 1733 1091 1770 lacertum
1108 1760 1120 1776 ,

72 1788 158 1827 sane
179 1788 335 1825 cubitum
356 1787 416 1825 hic
437 1798 504 1834 pro
525 1786 664 1824 lacerto
688 1785 864 1834 accipitur
874 1784 1022 1832 opinor.
1049 1783 1120 1821 Sed

69 1838 217 1878 licentia
245 1837 395 1887 po'e'tica
420 1839 512 1875 haec
535 1837 684 1875 confusa
704 1835 888 1873 videntur.
916 1845 1001 1872 narn
1024 1833 1119 1871 libro

71 1891 194 1939 primo
227 1890 273 1927 de
308 1888 468 1936 Daphne
497 1887 642 1925 videtur
671 1888 802 1925 ordine
830 1886 933 1923 recsto
956 1913 967 1929 ,
1004 1896 1122 1933 quan·-

72 1952 184 1989 quam
196 1939 408 1988 retrogrado
426 1967 437 1984 ,
463 1937 589 1976 dixiffe
604 1967 614 1981 ‚
627 1938 752 1974 laudat
763 1936 965 1985 digitosque,
979 1949 1124 1972 manus-

75 2003 139 2039 que
154 2016 163 2030 ,
189 1989 416 2039 brachiaque,
443 1999 488 2029 φ’
507 1989 614 2025 nudos
627 1989 742 2025 media
757 1988 835 2038 plus
850 1996 950 2036 parte
967 1986 1124 2032 lacertos,

76 2050 287 2088 quanquam
311 2051 358 2076 eo
376 2042 414 2077 in
430 2041 517 2077 loco
537 2038 910 2087 Raphae'lmulierum
934 2038 1123 2074 Romana-

75 2101 158 2127 rum
182 2089 344 2126 habitum
364 2101 384 2126 a
403 2093 515 2138 poeta
535 2090 682 2127 describi
705 2096 818 2137 putat.
845 2095 881 2124 at
902 2087 939 2125 id
958 2099 1029 2135 ego
1042 2098 1121 2124 non

76 2140 246 2177 existimo
262 2168 270 2176 .
298 2140 387 2188 quin
416 2140 561 2187 virginis
580 2140 773 2178 venatricis
795 2150 919 2176 mores
938 2135 1121 2187 expreffos

75 2189 310 2227 existimarim
330 2190 464 2237 potius.
491 2189 700 2228 Graium.

129 2252 214 2288 501.
251 2240 437 2288 Cubitique
478 2239 568 2276 leves
598 2239 791 2289 stnuantur
829 2238 868 2277 t’n
909 2238 1027 2288 ala5.]
1075 2238 1118 2276 In

75 2291 199 2329 Vatic.
217 2292 253 2328 &
274 2290 426 2328 Caelest.
454 2291 711 2327 curvanturin
721 2290 812 2328 alas.
840 2291 1009 2328 C10FAN.
1027 2295 1121 2326 Cur-

75 2352 214 2378 vantur
245 2353 377 2379 omnes
405 2342 481 2378 fere
507 2341 645 2389 antiqui
661 2355 672 2384 ;
699 2340 765 2377 nifi
792 2341 896 2390 quod
925 2340 1118 2384 nonnulli;

76 2401 282 2429 tenuantur.

76 2493 115 2532 ἃ
129 2456 213 2531 {om
243 2449 377 2491 Magna
393 2439 524 2492 pedis.]
556 2446 691 2489 Magna
704 2439 833 2490 pedum
853 2441 960 2488 prim.
979 2441 1122 2479 Moreti

103 2504 114 2512 ’
150 2505 194 2531 ex
217 2494 288 2531 alii.

126 2556 208 2592 504.
237 2551 340 2581 Hunc
361 2541 477 2592 Idas.]
506 2540 1125 2590 Italibriveteres.quidamlegunt,

72 2601 177 2633 Hunc
214 2594 302 2631 Iolis.
345 2594 407 2632 ubi
445 2601 570 2631 autem
606 2592 643 2630 id
672 2592 813 2641 legatur
848 2604 927 2630 non
957 2590 1124 2629 afferunt.

71 2657 184 2696 quare
205 2646 296 2683 nihil
320 2654 441 2683 muto.
478 2645 649 2682 CrorAN.

124 2709 208 2745 505.
237 2702 339 2733 Hunc
367 2697 520 2733 miratur
537 2692 674 2742 Abas.]
706 2692 893 2730 Mirantur
910 2692 979 2730 sec.
1000 2692 1122 2730 Vatic-

72 2748 176 2796 quod
192 2748 379 2797 sequentia
393 2745 626 2783 confirmant.
654 2744 801 2781 Hans.
831 2745 878 2781 Et
891 2744 938 2781 ita
951 2743 1123 2781 Francof.

129 2800 212 2845 506.
238 2798 424 2847 Accipiunt
447 2794 620 2843 faciem]
650 2794 774 2832 Modo
795 2794 980 2843 praecessit
998 2804 1127 2841 pennas

76 2848 249 2897 accipiunt
262 2876 272 2890 ‚
300 2860 410 2896 quare
429 2859 513 2884 cum
541 2848 659 2895 priore
671 2847 917 2883 Gronoviano
931 2847 966 2882 ¹0<
982 2844 1125 2883 duobus

76 2900 154 2937 aliis
172 2899 333 2948 legerem
349 2925 360 2942 ,
388 2907 575 2934 traxerunt
585 2898 733 2944 faciem.
761 2898 810 2934 ira
835 2896 895 2934 lib.
919 2909 945 2933 1.
964 2908 1048 2942 412.

674 2954 767 2984 Saxa
782 2974 792 2991 ,

129 2999 233 3050 Missa
255 2999 328 3036 viri
347 2996 532 3041 manibus,
556 2998 686 3044 faciem
708 3008 845 3035 traxere
868 2996 1020 3033 virilem.

79 3050 141 3089 ubi
161 3052 261 3099 plura
280 3049 513 3090 notavimus3
542 3048 681 3095 affumit
693 3049 824 3094 faciem
846 3060 939 3085 unus
963 3046 1123 3093 Heinffi,

79 3109 120 3140 ut
139 3101 201 3139 lib.
222 3114 294 3139 ΧΠ.
313 3113 340 3138 1.
359 3101 518 3147 formam
535 3098 610 3134 duo
630 3097 721 3134 libri.
748 3098 880 3136 Euam.

0 3178 1 3182 ,
129 3164 213 3200 507.
240 3150 428 3194 Subvolat,
456 3161 500 3188 z?
519 3160 625 3185 remos
641 3146 767 3196 plausts
782 3148 1008 3186 circumvolat
1021 3148 1120 3198 alin]

0 3195 3 3232 ἶ
68 3202 321 3251 'Circumfimat
351 3201 413 3238 diu
446 3199 495 3237 est
520 3198 622 3248 quod
650 3196 848 3244 legendum
874 3199 971 3240 vidi,
1000 3212 1046 3236 ne
1070 3200 1121 3237 bis

2 3244 5 3285 i
78 3253 211 3291 eodem
234 3253 348 3289 verbo
370 3258 543 3289 uteretur.
569 3247 768 3296 quomodo
791 3246 957 3294 posteain
972 3247 1121 3287 sec.Pal.

75 3302 248 3351 scriptum
266 3302 422 3341 offendi.
447 3301 529 3338 alibi
548 3297 730 3347 stridentes
748 3296 825 3333 alas
847 3296 947 3333 dixit.

304 3352 418 3389 latum
439 3358 566 3390 Nereus
592 3350 819 3397 circumsonat
839 3345 963 3384 orbem.

2074 1338 2222 1393 FAB.

1174 1478 1266 1518 libro
1289 1491 1317 1517 1.
1353 1479 1435 1529 185.
1463 1489 1530 1529 pro
1553 1478 1724 1525 subvolat
1744 1477 1851 1517 multi
1874 1489 1920 1516 ex
1946 1476 2200 1516 vetustioribus
2215 1502 2227 1521 ,

1167 1530 1318 1579 fivolat.
1342 1531 1402 1569 sed
1425 1531 1560 1569 frustra.
1581 1531 1674 1568 infra
1689 1558 1699 1575 ‚
1729 1540 1817 1576 577.

1225 1581 1395 1619 Subvolat
1409 1609 1420 1625 ,
1447 1593 1490 1621 ω’
1510 1581 1633 1618 cineres
1641 1579 1768 1630 plausis
1787 1579 1964 1617 everberat
1975 1579 2051 1617 alis.
2078 1579 2227 1616 Hiems.

1229 1631 1314 1679 508.
1352 1632 1534 1669 Volucrum
1564 1630 1795 1681 dubiarum]
1840 1629 2046 1668 subitarum
2074 1629 2228 1667 Thuan.

1179 1682 1357 1721 Arondel.
1375 1684 1484 1732 prim.
1507 1683 1680 1720 Gronov.
1698 1682 1806 1731 prim.
1824 1681 1926 1719 Basil.
1947 1681 2015 1721 sec.
2035 1680 2110 1719 Pal.
2126 1679 2228 1716 &se-

1178 1732 1301 1771 decim
1331 1734 1401 1771 alii.
1433 1733 1560 1782 probe.
1600 1733 1646 1770 de
1674 1732 1790 1770 dubiis
1816 1732 1942 1770 avibus
1972 1732 2052 1769 sunt
2083 1741 2231 1778 nugae,

1179 1796 1263 1821 curn
1287 1786 1323 1822 in
1345 1784 1493 1822 erodios
1509 1783 1577 1822 fint
1597 1785 1743 1821 mutati.
1762 1791 1800 1822 ut
1812 1782 1971 1832 pluribus
1981 1783 2019 1820 in
2032 1791 2229 1819 commen-

1178 1836 1272 1873 tario
1291 1835 1415 1873 nostro
1434 1834 1670 1872 adstruemuS.
1698 1833 1878 1881 Epicedio
1895 1832 2027 1878 Drufi,
2059 1843 2141 1870 110.

1229 1886 1398 1923 OEniclen
1411 1884 1551 1935 subitae
1572 1884 1784 1933 concinuistis
1803 1898 1900 1923 aves.

1179 1936 1221 1974 In
1249 1937 1375 1982 Ibide,
1403 1938 1488 1983 276.

1230 1989 1354 2036 {Quam
1373 1987 1426 2024 cui
1439 1990 1527 2036 sunt
1542 1986 1681 2035 subitae
1691 1987 1810 2033 frater
1829 1996 1872 2025 ω’
1885 1998 1973 2023 uxor
1984 1998 2080 2022 aves.
2107 1985 2225 2022 IDEM.

1233 2051 1317 2086 509·
1345 2044 1388 2075 Ut
1410 2052 1479 2075 non
1501 2036 1741 2087 cygnorum]
1781 2037 1840 2075 Sic
1859 2038 1896 2075 ὃ(
1917 2037 2161 2086 Lycophron.
2183 2035 2230 2072 de

1176 2088 1398 2127 Diomedeis
1421 2088 1568 2126 avibus:
1741 2099 1744 2102 ’

1634 2138 1681 2174 Οἱ
1701 2137 1896 2174 θαλασσίαν
1908 2164 1920 2182 ,

1226 2189 1383 2226 niam-av
1403 2188 1575 2228 atu-tmen
1599 2192 1750 2232 πορκέων
1768 2188 1867 2228 δίκην

1227 2241 1403 2278 Κύκνοισιν
1416 2269 1426 2285 ,
1456 2238 1680 2282 ῗνόκλθέντες
1698 2238 1878 2286 εὖγλῆνοις
1899 2237 2016 2283 δσμῆυ.

1176 2291 1311 2330 Plinius
1331 2303 1482 2342 quoque
1502 2291 1562 2328 lib.
1575 2303 1610 2328 x.
1629 2301 1707 2339 cap.
1727 2302 1786 2337 44.
1813 2290 1850 2328 &
1871 2289 2017 2327 Solinus
2030 2288 2228 2328 candidum

1178 2343 1221 2380 iis
1241 2343 1407 2380 colorem
1439 2341 1649 2391 adsignant,
1677 2353 1720 2379 ac
1735 2352 1914 2390 nusquam
1937 2341 2105 2389 gentium
2125 2352 2232 2389 repe-

1179 2394 1264 2438 riri,
1292 2393 1357 2431 nisi
1381 2394 1417 2430 in
1451 2393 1524 2430 sola
1548 2392 1704 2440 Apuliae
1732 2392 1852 2429 vicina
1875 2390 1986 2428 insula
2006 2390 2231 2436 asseverant,

1179 2443 1241 2481 ubi
1270 2443 1468 2481 Diomedis
1486 2442 1596 2480 exstat
1623 2442 1799 2480 tumulus.
1825 2441 1935 2479 iidem
1957 2443 2073 2479 multa
2095 2441 2162 2479 alia
2182 2442 2230 2479 de

1178 2494 1233 2531 his
1264 2494 1391 2532 avibus
1419 2501 1597 2531 enarrant.
1627 2493 1673 2530 de
1703 2492 1860 2530 candido
1890 2492 2016 2530 colore
2038 2493 2147 2530 etiam
2171 2492 2231 2530 aiii

1180 2544 1367 2592 scriptores
1390 2543 1637 2586 consentiunt,
1659 2543 1703 2581 de
1729 2543 1849 2580 forma
1860 2555 1934 2580 non
1950 2544 2052 2580 item.
2074 2544 2137 2580 has
2151 2541 2231 2588 ἐρω-

1180 2593 1274 2636 §ioue
1305 2604 1441 2632 vocant
1471 2595 1616 2631 Graeci.
1644 2594 1692 2631 sic
1719 2602 1860 2641 praeter
1890 2593 2123 2631 Aristotelem
2149 2596 2232 2636 περὶ

1181 2645 1380 2688 θαυμασίων
1407 2644 1644 2686 ἀκουσμάτων
1674 2644 1887 2691 Antigonus
1920 2644 2103 2692 Carystius
2134 2645 2230 2683 Hist.

1177 2695 1310 2733 Mirab.
1347 2707 1425 2744 cap.
1465 2707 1680 2735 crxxxvm.
1725 2693 1894 2732 AElianus
1932 2695 2025 2732 Hist.
2064 2695 2230 2733 Animal.

1176 2745 1238 2783 lib.
1261 2759 1287 2784 1.
1308 2757 1386 2794 cap.
1404 2758 1430 2783 1.
1457 2746 1642 2784 Auctores
1668 2757 1745 2783 uno
1779 2744 1955 2784 consensu
1987 2745 2133 2784 tradunt
2164 2747 2227 2783 has

1183 2809 1267 2834 aves
1288 2799 1324 2834 in
1344 2795 1557 2834 Diomede&
1576 2795 1689 2834 insula
1708 2796 1918 2845 frequentes
1935 2794 2006 2833 effe
2019 2824 2028 2840 ‚
2058 2808 2099 2833 ac
2112 2797 2228 2833 Grae-

1183 2859 1246 2885 cos
1267 2847 1314 2885 eo
1335 2847 1551 2885 accedentes
1570 2847 1776 2896 benigniter
1786 2847 1882 2884 abiis
1893 2847 2017 2884 haberi
2033 2873 2043 2889 ,
2070 2845 2225 2883 infestari

1182 2898 1366 2936 Barbaros.
1395 2897 1603 2936 Videantur
1624 2905 1763 2945 praeter
1784 2896 2036 2944 auetoresjam
2055 2897 2227 2932 nomina-

1182 2957 1241 2987 tos
1266 2948 1491 2998 Augustinus
1511 2948 1557 2986 de
1579 2948 1739 2986 Civitate
1760 2948 1832 2985 Dei
1854 2946 1915 2984 lib.
1938 2957 2053 2983 xvxxi.
2075 2957 2151 2993 cap.
2168 2945 2224 2982 16.

1182 2999 1339 3037 Isidorus
1358 3000 1418 3037 lib.
1440 3012 1512 3038 xix.
1535 2999 1745 3047 Originum.
1777 3009 1853 3043 cap.
1877 3007 1911 3041 7.
1939 2997 2067 3032 Str-.er
2092 2995 2151 3031 lib.
2170 3006 2223 3031 vr.

1181 3051 1282 3088 Serv.
1303 3050 1349 3088 ad
1374 3050 1478 3098 Virg.
1496 3046 1955 3095 lib.x1.280.Stephan.de
1966 3044 2092 3081 Urbib.
2110 3046 2225 3082 lnam.

1231 3114 1314 3150 510.
1343 3100 1502 3148 Aristeu]
1541 3098 1672 3135 Ardua
1701 3097 1790 3134 odo
1817 3096 1919 3140 libri;
1959 3095 2018 3134 sed
2046 3094 2149 3131 arida
2170 3106 2226 3133 re-

1180 3152 1294 3190 dium.
1323 3152 1371 3187 ita
1393 3151 1527 3187 Avien.
1547 3148 1672 3185 Descr.
1692 3147 1874 3194 Orb.125.

1229 3201 1362 3239 Arenti
1382 3199 1576 3235 tenduntur
1598 3204 1730 3247 Iapyges
1752 3210 1841 3245 agro.
1868 3196 1997 3233 Bunm.

1231 3264 1314 3297 510.
1344 3255 1453 3285 Gener
1482 3247 1602 3296 lapigis
1634 3247 1797 3296 Dauni.]
1835 3247 1923 3283 Hoc
1950 3246 2048 3284 idem
2079 3258 2123 3282 ex
2154 3258 2225 3284 eo:

1179 3313 1293 3352 quem
1308 3298 1432 3347 paullo
1445 3298 1545 3346 supra
1562 3299 1755 3336 citavimus
1767 3325 1777 3342 ‚
1804 3297 1906 3334 versu
1920 3296 2103 3345 perlpicue
2116 3306 2228 3344 patet,

1230 3356 1277 3387 Et
1295 3362 1460 3398 generum
1480 3348 1638 3387 Oeniden
1652 3347 1766 3398 Apule
1781 3352 1906 3386 Daune
1919 3357 2032 3386 tuum.
2061 3349 2232 3385 (ΣιοῑΑΝ,

2088 3406 2104 3425 ²
2130 3404 2233 3436 Dam-
