2483 3616
346 86 1487 186 METAMORPHosEo
1539 131 1595 188 Ζ
1669 113 2018 174 L1ss.x111.

2134 118 2226 186 871

366 232 534 286 Hunc
561 243 739 283 tamen
763 226 960 281 utilitas
981 230 1194 301 populi,
1233 230 1541 304 fratrisque,
1581 230 1799 303 datique

361 303 580 357 Summa
605 312 790 354 movet
816 300 1036 372 sceptri3
1077 303 1290 357 laudem
1316 318 1373 358 ut
1400 320 1525 358 cum
1551 303 1801 375 sanguine
1827 305 2024 375 penset.

358 373 557 427 Mittor
583 372 639 425 &
662 372 729 426 ad
757 385 981 426 matrem
1006 392 1016 427 :
1057 393 1192 443 quae
1218 393 1325 429 non
1350 375 1638 441 hortanda,
1672 376 1762 431 sed
1788 378 1896 432 astu

357 444 694 516 Decipienda
722 445 836 500 fuit.
860 463 970 518 quo
995 446 1033 500 fi
1055 446 1404 501 Telamonius
1429 447 1570 511 iffet,

219 535 312 587 195
351 516 498 570 Orba
521 516 620 570 suis
645 516 809 571 essent
833 519 1124 574 etiamnum
1151 520 1311 574 lintea
1337 519 1524 574 ventis,

358 588 557 643 Mittor
586 589 639 643 &
666 590 838 643 Iliacas
866 591 1040 645 audax
1066 605 1248 646 orator
1271 591 1338 646 ad
1362 609 1531 645 arces:

359 660 588 735 Visaque
619 663 885 715 &intrata
913 663 987 715 est
1010 664 1143 717 altae
1168 664 1299 717 mihi
1326 664 1470 718 curia
1498 662 1715 734 Trojae.

353 733 623 807 Plenaque
649 734 822 788 adhuc
847 748 958 788 erat
983 735 1067 789 illa
1091 736 1228 791 viris.
1269 736 1539 790 interritus
1567 737 1683 808 egi,

355 806 536 879 Quam
565 806 694 860 mihi
720 806 992 860 mandarat
1016 808 1316 861 communis
1340 808 1599 871 Graecia,
1638 809 1860 866 cauffam
1882 829 1893 865 :

205 899 312 934 200
350 881 671 952 Accusoque
697 878 890 932 Parin:
931 879 1322 951 praedamque,
1358 879 1737 953 Helenamque
1761 885 2011 955 reposco:

350 951 422 1006 Et
448 969 646 1006 moveo
673 950 968 1013 Priamum,
1008 950 1327 1023 Priamoque
1354 955 1634 1007 Antenora
1654 952 1909 1022 junfium.

351 1027 426 1077 At
452 1025 624 1086 Paris,
663 1022 718 1076 &
743 1021 931 1076 fratres
950 1066 962 1083 ‚
984 1070 986 1073 ,
1005 1022 1060 1075 &
1087 1023 1179 1094 qui
1204 1042 1425 1094 rapuere
1449 1025 1541 1079 sub
1569 1026 1686 1088 1110,

339 1096 453 1151 Vix
478 1110 697 1150 tenuere
723 1112 906 1148 manus
932 1094 1049 1165 (scis
1075 1094 1207 1157 hoe,
1248 1095 1524 1164 Menelae)
1551 1097 1834 1162 nefandas;

345 1168 630 1241 Primaque
656 1169 748 1222 lux
771 1167 933 1222 nostri
961 1182 1141 1223 tecum
1165 1166 1267 1223 fuit
1294 1170 1375 1222 illa
1397 1171 1596 1241 pericli.

1908 1267 2009 1317 205
2050 1250 2200 1308 L0n==³

109 1384 194 1431 189.
221 1383 379 1434 Faffoque
407 1382 557 1432 ignoscat
588 1378 773 1431 Atrida]
804 1381 861 1420 Sic
882 1382 920 1420 in
945 1381 1035 1432 eleg.
1056 1381 1104 1421 de
1158 1382 1263 1432 plena
1282 1411 1292 1428 ,
1331 1394 1446 1432 quum
1477 1383 1646 1422 nondum
1676 1391 1733 1423 tot
1753 1396 1920 1434 proceres
1943 1386 2200 1437 Trojanorum

57 1442 178 1474 morte
198 1435 361 1473 Tibulli:

60 1490 140 1574 jc»-
167 1485 323 1535 ignoscite
334 1485 422 1534 saffo
439 1513 450 1530 ,
475 1483 643 1521 Sollicitor
654 1482 765 1521 nullos
777 1483 833 1533 effe
840 1489 1071 1534 putareDeos.

93 1548 229 1574 romu.

109 1599 191 1635 190.
221 1587 404 1635 Difficilem
425 1584 615 1634 cauffam.]
646 1585 850 1623 SicCicero
862 1585 922 1622 lib.
937 1597 986 1623 iv.
1000 1585 1098 1634 epist.

54 1648 90 1686 3.
125 1637 170 1675 ad
205 1638 371 1676 Atticum
404 1637 450 1675 de
478 1636 616 1674 Clodio
639 1664 649 1680 ‚
688 1637 752 1685 qui
782 1635 802 1672 a
824 1636 970 1673 Milone
993 1636 1039 1674 de
1060 1639 1098 1675 vi

50 1688 168 1726 fuerat
187 1689 389 1726 accusatus:
418 1686 747 1735 Habebat-„inquit
761 1714 770 1730 ,
797 1686 856 1724 ille
877 1686 1015 1736 quidem
1026 1687 1095 1734 dif-

48 1736 175 1787 ficilem
203 1738 489 1788 manifestamque
510 1736 669 1786 caussam.
696 1737 811 1774 IDEM.

107 1800 188 1836 191.
210 1796 397 1838 Fraterque
433 1788 576 1836 datique
615 1793 759 1824 Summa
789 1796 906 1824 movet
926 1786 1093 1837 sceptri.]

51 1839 251 1890 Fratrisque
277 1840 454 1878 tredecim
486 1839 580 1876 libri.
616 1847 799 1885 praeterea
828 1838 934 1876 multi
957 1866 967 1884 ,
1014 1851 1096 1876 cura

56 1899 171 1924 movet
183 1890 314 1938 sceptri.
342 1891 391 1939 ita
410 1891 448 1926 &
467 1888 527 1926 lib.
556 1901 590 1925 v.
619 1889 706 1925 Fast.
735 1900 793 1932 72.

309 1940 371 1976 Ad
392 1940 450 1977 hos
467 1938 560 1976 urbis
578 1952 660 1976 cura
685 1939 797 1975 relata
820 1951 942 1976 novae.

57 1987 119 2024 ubi
139 1987 177 2025 &
195 1988 275 2032 alii,
294 1990 446 2036 summa.
474 1991 571 2027 &ita
592 2003 674 2027 cura
698 2002 762 2038 pro
783 1991 942 2037 imperio
959 2017 968 2033 ‚
990 2002 1093 2039 prae-

54 2037 196 2125 fedhga
226 2038 353 2076 millies
375 2040 532 2086 ponitur.
567 2040 651 2079 vide
674 2049 800 2079 tamen
822 2040 868 2078 ad
890 2040 1003 2090 Epist.
1021 2052 1093 2079 vn.

57 2098 116 2126 12.
177 2102 276 2127 uam.

109 2151 188 2188 193-
219 2141 347 2176 Mittor
375 2151 418 2180 (φ
438 2140 486 2176 ad
508 2150 675 2187 matrem,
704 2156 791 2192 quae
809 2155 877 2179 non
895 2142 1092 2185 hortanda,

41 2189 105 2238 sed
125 2190 199 2236 astu
220 2190 428 2238 Decipienda
439 2190 550 2240 fuit.]
581 2192 670 2229 Non
690 2194 788 2231 enim
813 2193 1024 2242 simpliciter
1045 2194 1089 2230 ab

49 2240 109 2277 illa
139 2239 251 2277 filiam
282 2241 443 2285 abstulit,
481 2240 541 2279 sed
562 2240 623 2278 sub
641 2251 852 2290 praetextu,
879 2243 978 2293 quasi
996 2255 1090 2291 nup-

49 2297 129 2328 tum
154 2290 297 2329 daretur
319 2291 479 2334 Achilli,
508 2292 571 2340 qui
584 2292 654 2329 alio
665 2294 773 2340 paeto
784 2294 975 2332 adbellum
990 2294 1090 2330 Tro-

43 2341 174 2390 Janum
204 2341 382 2390 proficisci
411 2341 547 2386 nollet,
583 2342 649 2378 nisi
676 2355 791 2379 uxore
818 2351 966 2390 accepta
992 2343 1093 2391 Aga-

51 2394 262 2430 memnonis
292 2392 388 2435 filia,
421 2401 460 2429 ut
490 2404 533 2428 ex
564 2392 750 2440 Iphigenia
772 2392 953 2440 Euripidis
983 2401 1093 2440 patet.

47 2453 258 2491 quanquam
281 2443 417 2480 ibidem
443 2443 631 2490 Euripi-:les
651 2441 783 2490 fingat,
810 2447 887 2479 no'n
907 2452 1093 2480 oratorem

46 2491 212 2541 Ulyffem
227 2522 235 2537 ‚
263 2493 323 2531 sed
341 2494 474 2531 litteras
495 2493 538 2531 ab
559 2494 845 2541 Agamemnone
865 2492 911 2530 ad
932 2504 1089 2530 uxorem

48 2542 353 2592 Clytemnestram
377 2542 506 2581 miffas.
538 2542 596 2580 sed
620 2543 778 2580 Ovidius
798 2543 954 2580 aliorum
978 2542 1090 2581 tradi-

45 2593 188 2632 tionem
207 2595 377 2644 sequitur.
406 2595 584 2631 Micnr..
611 2593 756 2629 oranda
775 2604 933 2641 quatuor
952 2593 1043 2630 libri.

105 2657 186 2693 195.
213 2645 465 2693 Etiamnunc.]
496 2645 702 2680 Etiamnum
722 2644 756 2680 S.
769 2644 886 2681 Marci
901 2671 910 2687 ,
932 2643 1086 2682 Thuan.

49 2695 177 2734 Oxon.
204 2708 268 2742 pro
288 2696 397 2732 lintea
417 2697 547 2743 fragm.
570 2693 720 2732 Caesen.
740 2695 777 2732 &
802 2694 974 2732 Gronov.
991 2705 1084 2732 unus

47 2745 86 2782 ὅ(
106 2744 244 2784 Medic.
271 2746 421 2794 carbasa.
453 2747 590 2783 Hfims.
971 2750 982 2758 ἃ

99 2796 182 2842 196.
213 2796 336 2833 Mittor
361 2808 403 2836 ω’
435 2796 557 2833 Iliacas
586 2795 707 2833 audax
735 2805 849 2833 orator
881 2795 928 2832 ad
948 2795 1082 2846 arcem]

46 2844 173 2885 Scribit
206 2847 320 2883 Dares
349 2847 520 2895 Phrygius
543 2875 553 2892 ,
606 2846 834 2884 Diomedem
862 2847 899 2883 ὅ(
931 2847 1083 2885 Ulixem

47 2895 170 2934 miffos
190 2896 260 2933 effe
278 2897 321 2933 ab
343 2897 628 2944 Agamemnone
651 2898 694 2935 ad
714 2898 899 2935 Priamum
916 2926 925 2941 ‚
955 2898 1085 2935 utHe-

46 2944 166 2984 lenam
199 2955 416 2995 repeterent.
457 2948 626 2985 Antenor
651 2948 747 2996 apud
782 2950 996 2986 Homerum
1021 2961 1084 2987 111.

45 2994 146 3034 Iliad.
164 2998 295 3040 refert,
326 2997 474 3034 Ulixem
506 3009 576 3034 una
605 3009 687 3035 cum
710 2999 885 3036 Menelao
905 2999 951 3036 ad
971 2998 1086 3037 Hele·-

45 3055 132 3083 nam
156 3047 391 3094 repetendam
413 3045 569 3084 miffum:
595 3059 732 3095 eosque
752 3049 785 3084 se
808 3050 964 3097 hospitio
979 3061 1087 3087 exce-

46 3095 146 3143 pisse.
174 3098 341 3135 C10FAN.
372 3104 536 3133 Hortator
558 3097 727 3134 undecim
751 3097 1087 3138 libri.inarcestres.

49 3193 59 3200 ·
101 3147 182 3193 198.
213 3148 386 3197 Plenaque
405 3147 492 3195 ad]
526 3147 709 3194 Significat
730 3146 763 3183 se
786 3158 861 3183 non
884 3149 1012 3193 noem,
1027 3151 1088 3188 sed

45 3195 232 3241 interdiu,
266 3210 352 3236 cum
378 3198 496 3236 adhuc
525 3200 621 3234 curia
656 3197 739 3234 viris
767 3196 852 3232 estet
878 3197 1006 3244 plena,
1034 3200 1090 3236 in-

18 3245 183 3293 ,trepide
219 3258 343 3295 regem
373 3249 562 3288 Priamum
594 3246 713 3287 adiss'e.
758 3248 925 3287 Rfieius.
965 3248 1091 3288 Immo

151 3301 246 3336 Tom.
273 3303 318 3338 II.

1158 1434 1258 1471 bello
1281 1434 1389 1472 occifi
1413 1436 1527 1472 fuere.
1557 1436 1726 1473 chnz.

1217 1485 1297 1533 198.
1327 1485 1548 1535 Interritus.]
1581 1492 1661 1522 Non
1682 1486 1823 1524 territus
1842 1499 1893 1535 pr.
1914 1489 2085 1527 Gronov.

1206 1548 1293 1574 200.
1329 1536 1568 1582 Praedamque
1590 1536 1824 1588 Helenamque
1858 1539 2021 1590 reposco.]
2061 1532 2204 1588 Ί”ςερον

1154 1587 1328 1632 πρότερον.
1357 1586 1528 1624 ClOFAN.

1204 1650 1288 1675 201.
1316 1642 1362 1673 Et
1381 1650 1498 1674 moveo
1527 1637 1753 1687 Priamum]
1792 1638 2123 1688 Significantiffime
2143 1643 2202 1681 lo-

1151 1690 1286 1737 quitur.
1318 1694 1460 1723 Movere
1489 1689 1589 1725 enim
1611 1688 1658 1725 est
1680 1700 1794 1726 unum
1817 1701 1863 1726 ex
1884 1691 2036 1728 oratoris
2058 1693 2200 1731 officiis.

1154 1739 1268 1776 IDEM.
1319 1744 1442 1775 Moneo
1481 1739 1609 1775 Oxon.
1646 1739 1814 1776 Cantabr.
1848 1740 1954 1778 Bent.
1992 1742 2030 1779 ὃς
2069 1743 2200 1791 viginti

1151 1790 1222 1828 alii.

1203 1853 1286 1878 201.
1316 1839 1519 1888 Priamoque
1561 1843 1744 1876 Antenora
1773 1839 1981 1890 junonem]
2018 1842 2200 1887 June-Yam

1151 1891 1242 1929 dixit
1273 1900 1334 1929 aut
1353 1891 1527 1928 affinitate
1541 1918 1551 1934 ,
1580 1898 1641 1926 aut
1655 1891 1737 1939 quia
1753 1888 1962 1928 affentiebat
1973 1892 2105 1930 Priami
2118 1893 2200 1931 sen-

1150 1944 1297 1978 tentiae.
1334 1942 1374 1979 Id
1407 1941 1511 1990 quod
1540 1940 1758 1989 probabilius
1777 1941 1838 1978 est.
1875 1941 1935 1978 De
1956 1954 2032 1992 quo
2052 1945 2100 1982 ita
2123 1945 2196 1993 ipse

1151 1993 1265 2029 Ovid.
1296 1993 1361 2040 Ep.
1381 2004 1414 2027 v.
1439 2004 1498 2040 35.

1201 2043 1301 2091 CQuid
1316 2043 1438 2090 gravis
1460 2049 1643 2086 Antenor,
1672 2041 1835 2078 Priamus
1847 2042 1932 2092 quid
1944 2042 2093 2089 suadeat
2104 2044 2169 2094 ipse
2183 2072 2195 2090 ,

1251 2093 1418 2137 Consule,
1446 2092 1539 2142 queis
1561 2103 1655 2129 aetas
1674 2093 1772 2142 longa
1794 2094 1956 2141 magistra
1967 2093 2057 2138 fuit.

1150 2145 1197 2186 Et
1218 2156 1282 2181 111.
1302 2143 1383 2181 Art.
1405 2154 1490 2191 439.

1199 2194 1265 2232 Vix
1285 2194 1374 2230 mihi
1393 2192 1531 2230 credetis
1545 2221 1555 2237 ‚
1576 2193 1639 2239 sed
1658 2192 1781 2229 credite
1794 2208 1805 2228 .-
1830 2193 1931 2240 Troja
1952 2204 2108 2231 maneret

1250 2245 1437 2293 Praeceptis
1455 2244 1591 2281 Priami
1598 2242 1633 2293 si
1639 2246 1735 2290 foret
1755 2244 1815 2290 usa
1831 2243 1938 2291 finis.

1148 2296 1196 2333 Et
1218 2295 1385 2332 1v.Fast.
1405 2306 1468 2342 75.

1201 2346 1326 2392 Adjice
1350 2345 1516 2391 Trojanae
1526 2344 1699 2392 suafhrem
1722 2346 1904 2380 Antenora
1922 2343 2029 2392 pacis.

1151 2396 1328 2432 Horatius
1350 2406 1378 2431 1.
1399 2395 1506 2441 Epist.
1528 2407 1574 2430 11.
1596 2406 1631 2441 9.

1205 2450 1366 2481 Antenor
1385 2443 1489 2492 censet
1507 2443 1585 2480 belli
1603 2443 1793 2492 praecidere
1813 2445 1974 2493 caussam.

1147 2496 1263 2533 Dares
1281 2495 1458 2542 Phrygius
1476 2506 1485 2530 :
1516 2500 1677 2530 Antenor
1699 2493 1869 2530 Helenam
1893 2495 2031 2533 Graecis
2046 2509 2123 2535 cum
2146 2499 2193 2536 it-

1145 2545 1208 2590 lis,
1236 2557 1323 2594 quae
1344 2544 1547 2580 Alexander
1569 2558 1644 2580 cum
1665 2557 1702 2579 ea
1724 2544 1916 2590 attulerat,
1937 2547 2062 2594 suadet
2083 2550 2192 2588 reddi.

1142 2595 1214 2634 Sed
1242 2597 1316 2632 hoc
1346 2604 1468 2632 totum
1490 2595 1642 2632 habetur
1663 2594 1759 2643 apud
1777 2595 1992 2635 Homerum
2013 2598 2116 2637 Iliad.
2137 2600 2191 2639 H.

1142 2647 1225 2696 348.
1252 2645 1328 2682 Ubi
1349 2647 1398 2682 ita
1421 2646 1488 2682 est:
1869 2654 1872 2656 ·

1194 2707 1343 2750 Κέκλυτθ
1360 2725 1424 2758 μευ
1442 2710 1543 2759 Τρῶες
1561 2710 1618 2756 ιςᾳῗ
1637 2706 1816 2760 Δοῖρὲὶινοι,
1847 2710 1897 2753 ἧδ’
1911 2711 2053 2764 ε’πίκεροι

1195 2763 1289 2815 όΙῷρ’
1308 2762 1381 2802 εἴπω
1404 2763 1448 2801 ‘roc'
1469 2781 1512 2812 με
1534 2767 1641 2810 θυμὸς
1661 2767 1696 2801 ἐνὶ
1713 2764 1851 2807 ςήθεσ-γι
1870 2763 1999 2806 κελέυει.

1196 2824 1292 2858 Aega-t
1315 2816 1410 2863 ἄγετ’
1429 2817 1570 2868 οἰργεπάυ
1587 2815 1705 2860 E‘M'tnr
1718 2850 1726 2860 ,
1747 2818 2036 2872 'ignrnlv-xff’oc'pe'
2057 2824 2147 2873 αὐτῇ

1196 2875 1327 2923 Δώομεν
1350 2872 1544 2925 Α’τρείὲῃγιν
1566 2871 1668 2918 ἄγειν.
1692 2877 1737 2911 νῖν
1755 2873 1786 2911 δ’
1803 2873 1900 2926 ‘igniac
1922 2873 2006 2914 πιςοὲ

1196 2925 1397 2976 ψευσάμενοι
1410 2959 1417 2973 ,
1447 2931 1671 2977 μαχόμεσθκ
1686 2957 1696 2976 ,
1726 2930 1803 2976 τῷδ’
1824 2928 1891 2965 νῦτι
1911 2927 2026 2977 κέρδιον
2043 2928 2116 2976 rifi,

1197 2980 1368 3031 El‘anopcae
1388 2981 1579 3031 ἒκτελέεῶζ,
1605 2984 1654 3019 im
1674 2981 1722 3031 pei}
1735 2980 1859 3032 ῥέξομεν
1878 2977 1948 3020 ὦῖε.

1144 3052 1280 3088 Audite
1302 3065 1354 3088 me
1372 3052 1534 3100 Trojani,
1571 3061 1613 3089 ω’
1636 3049 1818 3091 Dardani,
1847 3060 1889 3088 <9⁵
1908 3045 2112 3089 auxiliarii,
2141 3055 2185 3083 ut

1144 3115 1197 3150 ego
1218 3102 1312 3138 vobis
1334 3112 1499 3149 exponam
1519 3101 1608 3149 quod
1623 3100 1743 3148 fintio.
1783 3102 1846 3146 Eja
1870 3100 1978 3146 agite:
2002 3097 2182 3144 Argivum

1145 3152 1311 3187 Helenam
1325 3179 1334 3194 ‚
1363 3162 1405 3189 (φ’
1424 3163 1501 3185 curn
1519 3150 1559 3185 ed
1575 3149 1660 3185 bona
1674 3176 1682 3192 ,
1709 3162 1793 3198 quae
1813 3148 2000 3195 hucsecum
2012 3146 2183 3191 advexit,

1146 3202 1290 3236 Atrldls
1312 3201 1507 3236 reddamus.
1529 3212 1620 3235 nunc
1642 3208 1758 3234 artem
1770 3197 1910 3242 foedera
1922 3196 2184 3243 fidafallentes,

1146 3258 1339 3298 pugnamus
1361 3266 1370 3286 :
1401 3262 1505 3296 quare
1529 3249 1618 3288 nihil
1635 3247 1729 3301 nobis
1739 3248 1831 3297 spero
1844 3249 2029 3299 pctfebium
2040 3246 2098 3293 iri,
2120 3245 2188 3293 nisi

2125 3297 2186 3344 fi-

1402 3300 1523 3347 Sssss
