<?xml version="1.0" encoding="UTF-8"?>
<!DOCTYPE html PUBLIC "-//W3C//DTD XHTML 1.0 Transitional//EN"
    "http://www.w3.org/TR/xhtml1/DTD/xhtml1-transitional.dtd">
<html xmlns="http://www.w3.org/1999/xhtml" xml:lang="en" lang="en">
 <head>
  <title>
</title>
<meta http-equiv="Content-Type" content="text/html;charset=utf-8" />
  <meta name='ocr-system' content='tesseract 3.04.00' />
  <meta name='ocr-capabilities' content='ocr_page ocr_carea ocr_par ocr_line ocrx_word'/>
</head>
<body>
  <div class='ocr_page' id='page_1' title='image "./publiiovidiinaso02ovid_1010.png"; bbox 0 0 2483 3616; ppageno 0'>
   <div class='ocr_carea' id='block_1_1' title="bbox 207 206 346 250">
    <p class='ocr_par' dir='ltr' id='par_1_1' title="bbox 207 206 346 250">
     <span class='ocr_line' id='line_1_1' title="bbox 207 206 346 250; baseline -0.058 0"><span class='ocrx_word' id='word_1_1' title='bbox 207 206 346 250; x_wconf 84' lang='lat'><em>1002</em></span> 
     </span>
    </p>
   </div>
   <div class='ocr_carea' id='block_1_2' title="bbox 679 171 1835 238">
    <p class='ocr_par' dir='ltr' id='par_1_2' title="bbox 679 171 1835 238">
     <span class='ocr_line' id='line_1_2' title="bbox 679 171 1835 238; baseline -0.005 0"><span class='ocrx_word' id='word_1_2' title='bbox 679 180 741 238; x_wconf 90' lang='lat' dir='ltr'>P.</span> <span class='ocrx_word' id='word_1_3' title='bbox 815 171 1234 235; x_wconf 91' lang='lat' dir='ltr'>OVIDII</span> <span class='ocrx_word' id='word_1_4' title='bbox 1305 173 1835 233; x_wconf 88' lang='lat' dir='ltr'>NASONIS</span> 
     </span>
    </p>
   </div>
   <div class='ocr_carea' id='block_1_3' title="bbox 298 278 2031 1440">
    <p class='ocr_par' dir='ltr' id='par_1_3' title="bbox 492 278 1872 421">
     <span class='ocr_line' id='line_1_3' title="bbox 492 278 1872 348; baseline -0.004 -6"><span class='ocrx_word' id='word_1_5' title='bbox 492 283 796 342; x_wconf 88' lang='lat' dir='ltr'>Sustinuere</span> <span class='ocrx_word' id='word_1_6' title='bbox 819 280 994 334; x_wconf 85' lang='lat' dir='ltr'>Deam</span> <span class='ocrx_word' id='word_1_7' title='bbox 1017 295 1028 330; x_wconf 92' lang='lat'><strong>:</strong></span> <span class='ocrx_word' id='word_1_8' title='bbox 1074 293 1344 348; x_wconf 89' lang='lat' dir='ltr'>venasque</span> <span class='ocrx_word' id='word_1_9' title='bbox 1368 278 1424 332; x_wconf 86' lang='lat'>&amp;</span> <span class='ocrx_word' id='word_1_10' title='bbox 1449 278 1672 336; x_wconf 88' lang='lat' dir='ltr'>flumina</span> <span class='ocrx_word' id='word_1_11' title='bbox 1696 282 1872 343; x_wconf 27' lang='lat' dir='ltr'>fontis-</span> 
     </span>
     <span class='ocr_line' id='line_1_4' title="bbox 496 349 1653 421; baseline -0.008 -6"><span class='ocrx_word' id='word_1_12' title='bbox 496 359 745 415; x_wconf 86' lang='lat' dir='ltr'>Elicuere</span> <span class='ocrx_word' id='word_1_13' title='bbox 771 353 863 408; x_wconf 91' lang='lat' dir='ltr'>sui.</span> <span class='ocrx_word' id='word_1_14' title='bbox 901 349 1146 407; x_wconf 87' lang='lat' dir='ltr'>nondum</span> <span class='ocrx_word' id='word_1_15' title='bbox 1172 364 1352 405; x_wconf 90' lang='lat' dir='ltr'>tamen</span> <span class='ocrx_word' id='word_1_16' title='bbox 1376 350 1517 405; x_wconf 86' lang='lat' dir='ltr'>invia</span> <span class='ocrx_word' id='word_1_17' title='bbox 1535 351 1653 421; x_wconf 89' lang='lat' dir='ltr'>Jani</span> 
     </span>
    </p>

    <p class='ocr_par' dir='ltr' id='par_1_4' title="bbox 354 423 1979 789">
     <span class='ocr_line' id='line_1_5' title="bbox 354 423 1979 508; baseline -0.004 -17"><span class='ocrx_word' id='word_1_18' title='bbox 354 451 456 508; x_wconf 92' lang='lat'>790</span> <span class='ocrx_word' id='word_1_19' title='bbox 492 432 603 488; x_wconf 88' lang='lat' dir='ltr'>Ora</span> <span class='ocrx_word' id='word_1_20' title='bbox 626 427 856 501; x_wconf 88' lang='lat' dir='ltr'>patentis</span> <span class='ocrx_word' id='word_1_21' title='bbox 879 437 1058 489; x_wconf 88' lang='lat' dir='ltr'>erant,</span> <span class='ocrx_word' id='word_1_22' title='bbox 1095 441 1272 498; x_wconf 89' lang='lat' dir='ltr'>neque</span> <span class='ocrx_word' id='word_1_23' title='bbox 1297 423 1400 478; x_wconf 92' lang='lat' dir='ltr'>iter</span> <span class='ocrx_word' id='word_1_24' title='bbox 1425 424 1774 495; x_wconf 85' lang='lat' dir='ltr'>praecluserat</span> <span class='ocrx_word' id='word_1_25' title='bbox 1797 427 1979 485; x_wconf 74' lang='lat' dir='ltr'>unda.&#39;</span> 
     </span>
     <span class='ocr_line' id='line_1_6' title="bbox 499 495 1711 572; baseline -0.009 -12"><span class='ocrx_word' id='word_1_26' title='bbox 499 501 706 560; x_wconf 89' lang='lat' dir='ltr'>Lurida</span> <span class='ocrx_word' id='word_1_27' title='bbox 731 499 1035 572; x_wconf 89' lang='lat' dir='ltr'>supponunt</span> <span class='ocrx_word' id='word_1_28' title='bbox 1060 496 1299 552; x_wconf 91' lang='lat' dir='ltr'>fecundo</span> <span class='ocrx_word' id='word_1_29' title='bbox 1325 496 1518 551; x_wconf 87' lang='lat' dir='ltr'>sulfura</span> <span class='ocrx_word' id='word_1_30' title='bbox 1541 495 1678 550; x_wconf 90' lang='lat' dir='ltr'>fonti</span> <span class='ocrx_word' id='word_1_31' title='bbox 1694 536 1711 561; x_wconf 87' lang='lat'><strong>,</strong></span> 
     </span>
     <span class='ocr_line' id='line_1_7' title="bbox 496 569 1840 644; baseline -0.004 -13"><span class='ocrx_word' id='word_1_32' title='bbox 496 572 906 644; x_wconf 87' lang='lat' dir='ltr'>Incenduntque</span> <span class='ocrx_word' id='word_1_33' title='bbox 931 589 1083 626; x_wconf 85' lang='lat' dir='ltr'>cavas</span> <span class='ocrx_word' id='word_1_34' title='bbox 1110 571 1350 625; x_wconf 85' lang='lat' dir='ltr'>fumante</span> <span class='ocrx_word' id='word_1_35' title='bbox 1377 569 1639 624; x_wconf 86' lang='lat' dir='ltr'>bitumine</span> <span class='ocrx_word' id='word_1_36' title='bbox 1663 586 1840 626; x_wconf 79' lang='lat' dir='ltr'>venaS.</span> 
     </span>
     <span class='ocr_line' id='line_1_8' title="bbox 499 642 1808 717; baseline -0.007 -12"><span class='ocrx_word' id='word_1_37' title='bbox 499 646 721 705; x_wconf 85' lang='lat' dir='ltr'>Viribus</span> <span class='ocrx_word' id='word_1_38' title='bbox 745 645 824 699; x_wconf 90' lang='lat' dir='ltr'>his</span> <span class='ocrx_word' id='word_1_39' title='bbox 853 644 1072 717; x_wconf 81' lang='lat' dir='ltr'>aliisque</span> <span class='ocrx_word' id='word_1_40' title='bbox 1096 659 1262 715; x_wconf 87' lang='lat' dir='ltr'>vapor</span> <span class='ocrx_word' id='word_1_41' title='bbox 1285 643 1587 715; x_wconf 84' lang='lat' dir='ltr'>penetravit</span> <span class='ocrx_word' id='word_1_42' title='bbox 1611 642 1676 696; x_wconf 91' lang='lat' dir='ltr'>ad</span> <span class='ocrx_word' id='word_1_43' title='bbox 1702 643 1808 696; x_wconf 93' lang='lat' dir='ltr'>ima</span> 
     </span>
     <span class='ocr_line' id='line_1_9' title="bbox 499 715 1845 789; baseline -0.005 -13"><span class='ocrx_word' id='word_1_44' title='bbox 499 719 689 777; x_wconf 86' lang='lat' dir='ltr'>Fontis</span> <span class='ocrx_word' id='word_1_45' title='bbox 720 737 730 772; x_wconf 91' lang='lat'>:</span> <span class='ocrx_word' id='word_1_46' title='bbox 773 717 828 771; x_wconf 85' lang='lat'>&amp;</span> <span class='ocrx_word' id='word_1_47' title='bbox 855 718 1057 789; x_wconf 90' lang='lat' dir='ltr'>Alpino</span> <span class='ocrx_word' id='word_1_48' title='bbox 1085 715 1254 771; x_wconf 88' lang='lat' dir='ltr'>modo</span> <span class='ocrx_word' id='word_1_49' title='bbox 1280 733 1418 788; x_wconf 90' lang='lat' dir='ltr'>quae</span> <span class='ocrx_word' id='word_1_50' title='bbox 1444 729 1652 770; x_wconf 91' lang='lat' dir='ltr'>certare</span> <span class='ocrx_word' id='word_1_51' title='bbox 1676 715 1845 786; x_wconf 85' lang='lat' dir='ltr'>rigori</span> 
     </span>
    </p>

    <p class='ocr_par' dir='ltr' id='par_1_5' title="bbox 355 787 1954 1156">
     <span class='ocr_line' id='line_1_10' title="bbox 355 787 1785 868; baseline -0.005 -17"><span class='ocrx_word' id='word_1_52' title='bbox 355 815 456 868; x_wconf 87' lang='lat'>795</span> <span class='ocrx_word' id='word_1_53' title='bbox 497 791 797 851; x_wconf 87' lang='lat' dir='ltr'>Audebatis</span> <span class='ocrx_word' id='word_1_54' title='bbox 822 808 1016 863; x_wconf 90' lang='lat' dir='ltr'>aquae,</span> <span class='ocrx_word' id='word_1_55' title='bbox 1058 807 1169 844; x_wconf 92' lang='lat' dir='ltr'>non</span> <span class='ocrx_word' id='word_1_56' title='bbox 1195 788 1388 844; x_wconf 87' lang='lat' dir='ltr'>ceditis</span> <span class='ocrx_word' id='word_1_57' title='bbox 1413 787 1623 861; x_wconf 86' lang='lat' dir='ltr'>ignibus</span> <span class='ocrx_word' id='word_1_58' title='bbox 1649 789 1785 862; x_wconf 78' lang='lat' dir='ltr'>ipsis,</span> 
     </span>
     <span class='ocr_line' id='line_1_11' title="bbox 500 861 1869 935; baseline -0.005 -13"><span class='ocrx_word' id='word_1_59' title='bbox 500 863 839 923; x_wconf 68' lang='lat' dir='ltr'>Flammifera</span> <span class='ocrx_word' id='word_1_60' title='bbox 865 863 1065 935; x_wconf 87' lang='lat' dir='ltr'>gemini</span> <span class='ocrx_word' id='word_1_61' title='bbox 1089 862 1295 918; x_wconf 88' lang='lat' dir='ltr'>fumant</span> <span class='ocrx_word' id='word_1_62' title='bbox 1321 862 1636 934; x_wconf 84' lang='lat' dir='ltr'>adspergine</span> <span class='ocrx_word' id='word_1_63' title='bbox 1660 861 1869 934; x_wconf 88' lang='lat' dir='ltr'>postes;</span> 
     </span>
     <span class='ocr_line' id='line_1_12' title="bbox 500 933 1948 1010; baseline -0.004 -15"><span class='ocrx_word' id='word_1_64' title='bbox 500 941 802 1010; x_wconf 89' lang='lat' dir='ltr'>Portaque,</span> <span class='ocrx_word' id='word_1_65' title='bbox 841 936 1203 1009; x_wconf 87' lang='lat' dir='ltr'>nequicquam</span> <span class='ocrx_word' id='word_1_66' title='bbox 1227 935 1412 1007; x_wconf 83' lang='lat' dir='ltr'>rigidis</span> <span class='ocrx_word' id='word_1_67' title='bbox 1438 933 1683 1006; x_wconf 74' lang='lat' dir='ltr'>permissa</span> <span class='ocrx_word' id='word_1_68' title='bbox 1707 934 1910 990; x_wconf 87' lang='lat' dir='ltr'>Sabinis</span> <span class='ocrx_word' id='word_1_69' title='bbox 1925 942 1948 999; x_wconf 56' lang='lat'>,⁴</span> 
     </span>
     <span class='ocr_line' id='line_1_13' title="bbox 503 1007 1954 1081; baseline -0.003 -16"><span class='ocrx_word' id='word_1_70' title='bbox 503 1012 677 1066; x_wconf 86' lang='lat' dir='ltr'>Fonte</span> <span class='ocrx_word' id='word_1_71' title='bbox 705 1010 806 1064; x_wconf 85' lang='lat' dir='ltr'>fuit</span> <span class='ocrx_word' id='word_1_72' title='bbox 832 1008 1152 1081; x_wconf 67' lang='lat' dir='ltr'>praestructa</span> <span class='ocrx_word' id='word_1_73' title='bbox 1177 1026 1321 1064; x_wconf 83' lang='lat' dir='ltr'>novo</span> <span class='ocrx_word' id='word_1_74' title='bbox 1343 1036 1356 1074; x_wconf 73' lang='grc' dir='ltr'><strong>ς</strong></span> <span class='ocrx_word' id='word_1_75' title='bbox 1395 1008 1528 1063; x_wconf 90' lang='lat' dir='ltr'>dum</span> <span class='ocrx_word' id='word_1_76' title='bbox 1553 1007 1784 1064; x_wconf 83' lang='lat' dir='ltr'>Martius</span> <span class='ocrx_word' id='word_1_77' title='bbox 1809 1025 1954 1063; x_wconf 88' lang='lat' dir='ltr'>arma</span> 
     </span>
     <span class='ocr_line' id='line_1_14' title="bbox 503 1080 1889 1156; baseline -0.003 -16"><span class='ocrx_word' id='word_1_78' title='bbox 503 1084 758 1140; x_wconf 88' lang='lat' dir='ltr'>Indueret</span> <span class='ocrx_word' id='word_1_79' title='bbox 783 1084 955 1138; x_wconf 86' lang='lat' dir='ltr'>miles.</span> <span class='ocrx_word' id='word_1_80' title='bbox 990 1100 1126 1155; x_wconf 89' lang='lat' dir='ltr'>quae</span> <span class='ocrx_word' id='word_1_81' title='bbox 1151 1082 1429 1156; x_wconf 87' lang='lat' dir='ltr'>postquam</span> <span class='ocrx_word' id='word_1_82' title='bbox 1456 1080 1722 1136; x_wconf 87' lang='lat' dir='ltr'>Romulus</span> <span class='ocrx_word' id='word_1_83' title='bbox 1745 1082 1889 1136; x_wconf 89' lang='lat' dir='ltr'>ultro</span> 
     </span>
    </p>

    <p class='ocr_par' dir='ltr' id='par_1_6' title="bbox 298 1155 1803 1217">
     <span class='ocr_line' id='line_1_15' title="bbox 298 1155 1803 1217; baseline -0.005 -1"><span class='ocrx_word' id='word_1_84' title='bbox 298 1177 301 1182; x_wconf 76' lang='grc'><em>’</em></span> <span class='ocrx_word' id='word_1_85' title='bbox 363 1160 465 1215; x_wconf 74' lang='lat'>800</span> <span class='ocrx_word' id='word_1_86' title='bbox 503 1157 749 1217; x_wconf 88' lang='lat' dir='ltr'>Obtulit;</span> <span class='ocrx_word' id='word_1_87' title='bbox 793 1155 848 1209; x_wconf 83' lang='lat'>&amp;</span> <span class='ocrx_word' id='word_1_88' title='bbox 875 1155 1028 1210; x_wconf 87' lang='lat' dir='ltr'>strata</span> <span class='ocrx_word' id='word_1_89' title='bbox 1053 1156 1127 1211; x_wconf 89' lang='lat' dir='ltr'>est</span> <span class='ocrx_word' id='word_1_90' title='bbox 1151 1156 1304 1211; x_wconf 79' lang='lat' dir='ltr'>tellus</span> <span class='ocrx_word' id='word_1_91' title='bbox 1329 1155 1576 1210; x_wconf 88' lang='lat' dir='ltr'>Romana</span> <span class='ocrx_word' id='word_1_92' title='bbox 1601 1155 1803 1210; x_wconf 83' lang='lat' dir='ltr'>Sabinis</span> 
     </span>
    </p>

    <p class='ocr_par' dir='ltr' id='par_1_7' title="bbox 501 1227 2031 1440">
     <span class='ocr_line' id='line_1_16' title="bbox 501 1227 2031 1302; baseline -0.002 -16"><span class='ocrx_word' id='word_1_93' title='bbox 501 1228 865 1302; x_wconf 73' lang='lat' dir='ltr'>Corporibu3,</span> <span class='ocrx_word' id='word_1_94' title='bbox 904 1229 1056 1284; x_wconf 87' lang='lat' dir='ltr'>strata</span> <span class='ocrx_word' id='word_1_95' title='bbox 1079 1229 1262 1301; x_wconf 87' lang='lat' dir='ltr'>estque</span> <span class='ocrx_word' id='word_1_96' title='bbox 1286 1227 1417 1290; x_wconf 89' lang='lat' dir='ltr'>suis;</span> <span class='ocrx_word' id='word_1_97' title='bbox 1458 1228 1750 1302; x_wconf 87' lang='lat' dir='ltr'>generique</span> <span class='ocrx_word' id='word_1_98' title='bbox 1777 1244 2031 1284; x_wconf 87' lang='lat' dir='ltr'>cruorem</span> 
     </span>
     <span class='ocr_line' id='line_1_17' title="bbox 502 1301 1858 1376; baseline -0.003 -17"><span class='ocrx_word' id='word_1_99' title='bbox 502 1303 770 1376; x_wconf 84' lang='lat' dir='ltr'>Sanguine</span> <span class='ocrx_word' id='word_1_100' title='bbox 798 1319 925 1356; x_wconf 89' lang='lat' dir='ltr'>cum</span> <span class='ocrx_word' id='word_1_101' title='bbox 949 1302 1118 1356; x_wconf 89' lang='lat' dir='ltr'>soceri</span> <span class='ocrx_word' id='word_1_102' title='bbox 1143 1301 1452 1374; x_wconf 87' lang='lat' dir='ltr'>permiscuit</span> <span class='ocrx_word' id='word_1_103' title='bbox 1478 1301 1675 1372; x_wconf 90' lang='lat' dir='ltr'>impius</span> <span class='ocrx_word' id='word_1_104' title='bbox 1700 1301 1858 1356; x_wconf 86' lang='lat' dir='ltr'>enfis:</span> 
     </span>
     <span class='ocr_line' id='line_1_18' title="bbox 505 1374 1831 1440; baseline -0.002 -7"><span class='ocrx_word' id='word_1_105' title='bbox 505 1378 644 1434; x_wconf 86' lang='lat' dir='ltr'>Pace</span> <span class='ocrx_word' id='word_1_106' title='bbox 671 1391 849 1430; x_wconf 91' lang='lat' dir='ltr'>tamen</span> <span class='ocrx_word' id='word_1_107' title='bbox 873 1375 972 1431; x_wconf 82' lang='lat' dir='ltr'>sisti</span> <span class='ocrx_word' id='word_1_108' title='bbox 998 1375 1226 1440; x_wconf 88' lang='lat' dir='ltr'>bellum,</span> <span class='ocrx_word' id='word_1_109' title='bbox 1265 1391 1365 1430; x_wconf 92' lang='lat' dir='ltr'>nec</span> <span class='ocrx_word' id='word_1_110' title='bbox 1389 1374 1446 1429; x_wconf 90' lang='lat' dir='ltr'>in</span> <span class='ocrx_word' id='word_1_111' title='bbox 1470 1374 1656 1429; x_wconf 90' lang='lat' dir='ltr'>ultima</span> <span class='ocrx_word' id='word_1_112' title='bbox 1682 1374 1831 1430; x_wconf 86' lang='lat' dir='ltr'>ferro</span> 
     </span>
    </p>
   </div>
   <div class='ocr_carea' id='block_1_4' title="bbox 216 1588 1279 2400">
    <p class='ocr_par' dir='ltr' id='par_1_8' title="bbox 216 1588 1274 1937">
     <span class='ocr_line' id='line_1_19' title="bbox 216 1588 1273 1646; baseline -0.008 -11"><span class='ocrx_word' id='word_1_113' title='bbox 216 1596 356 1645; x_wconf 81' lang='lat' dir='ltr'>accepit</span> <span class='ocrx_word' id='word_1_114' title='bbox 381 1597 392 1640; x_wconf 50' lang='lat'>,⁷</span> <span class='ocrx_word' id='word_1_115' title='bbox 437 1600 478 1632; x_wconf 90' lang='lat' dir='ltr'>ut</span> <span class='ocrx_word' id='word_1_116' title='bbox 505 1592 598 1630; x_wconf 84' lang='lat' dir='ltr'>Plin.</span> <span class='ocrx_word' id='word_1_117' title='bbox 626 1590 687 1630; x_wconf 88' lang='lat' dir='ltr'>lib.</span> <span class='ocrx_word' id='word_1_118' title='bbox 717 1602 778 1628; x_wconf 83' lang='lat' dir='ltr'>xv.</span> <span class='ocrx_word' id='word_1_119' title='bbox 814 1601 895 1639; x_wconf 86' lang='lat' dir='ltr'>cap.</span> <span class='ocrx_word' id='word_1_120' title='bbox 921 1600 998 1646; x_wconf 43' lang='lat'>293</span> <span class='ocrx_word' id='word_1_121' title='bbox 1019 1588 1179 1627; x_wconf 75' lang='lat' dir='ltr'>testatur.</span> <span class='ocrx_word' id='word_1_122' title='bbox 1223 1588 1273 1627; x_wconf 87' lang='lat' dir='ltr'>Et</span> 
     </span>
     <span class='ocr_line' id='line_1_20' title="bbox 217 1639 1272 1696; baseline -0.009 -10"><span class='ocrx_word' id='word_1_123' title='bbox 217 1659 394 1696; x_wconf 78' lang='lat' dir='ltr'>aquarum</span> <span class='ocrx_word' id='word_1_124' title='bbox 415 1643 649 1683; x_wconf 81' lang='lat' dir='ltr'>occasionem</span> <span class='ocrx_word' id='word_1_125' title='bbox 679 1641 701 1679; x_wconf 72' lang='lat' dir='ltr'>a</span> <span class='ocrx_word' id='word_1_126' title='bbox 720 1641 801 1679; x_wconf 87' lang='lat' dir='ltr'>lacu</span> <span class='ocrx_word' id='word_1_127' title='bbox 816 1669 826 1685; x_wconf 97' lang='lat'>,</span> <span class='ocrx_word' id='word_1_128' title='bbox 864 1641 928 1690; x_wconf 91' lang='lat' dir='ltr'>qui</span> <span class='ocrx_word' id='word_1_129' title='bbox 951 1639 1089 1678; x_wconf 86' lang='lat' dir='ltr'>ibidem</span> <span class='ocrx_word' id='word_1_130' title='bbox 1113 1641 1205 1684; x_wconf 88' lang='lat' dir='ltr'>fuit,</span> <span class='ocrx_word' id='word_1_131' title='bbox 1234 1641 1272 1677; x_wconf 90' lang='lat' dir='ltr'>in</span> 
     </span>
     <span class='ocr_line' id='line_1_21' title="bbox 217 1689 1272 1746; baseline -0.007 -11"><span class='ocrx_word' id='word_1_132' title='bbox 217 1709 333 1746; x_wconf 88' lang='lat' dir='ltr'>quem</span> <span class='ocrx_word' id='word_1_133' title='bbox 366 1697 514 1735; x_wconf 87' lang='lat' dir='ltr'>Curtius</span> <span class='ocrx_word' id='word_1_134' title='bbox 543 1706 642 1743; x_wconf 90' lang='lat' dir='ltr'>equo</span> <span class='ocrx_word' id='word_1_135' title='bbox 675 1693 954 1741; x_wconf 84' lang='lat' dir='ltr'>praecipitatus,</span> <span class='ocrx_word' id='word_1_136' title='bbox 991 1689 1012 1728; x_wconf 67' lang='lat' dir='ltr'>a</span> <span class='ocrx_word' id='word_1_137' title='bbox 1041 1691 1076 1729; x_wconf 92' lang='lat' dir='ltr'>se</span> <span class='ocrx_word' id='word_1_138' title='bbox 1099 1691 1272 1729; x_wconf 87' lang='lat' dir='ltr'>Curtium</span> 
     </span>
     <span class='ocr_line' id='line_1_22' title="bbox 222 1741 1268 1796; baseline -0.004 -13"><span class='ocrx_word' id='word_1_139' title='bbox 222 1748 393 1796; x_wconf 81' lang='lat' dir='ltr'>appellari</span> <span class='ocrx_word' id='word_1_140' title='bbox 415 1748 502 1784; x_wconf 80' lang='lat' dir='ltr'>fecit</span> <span class='ocrx_word' id='word_1_141' title='bbox 519 1773 528 1790; x_wconf 91' lang='lat'><em>,</em></span> <span class='ocrx_word' id='word_1_142' title='bbox 555 1743 696 1782; x_wconf 83' lang='lat' dir='ltr'>traxisse</span> <span class='ocrx_word' id='word_1_143' title='bbox 709 1744 866 1781; x_wconf 82' lang='lat' dir='ltr'>Poe&#39;tam</span> <span class='ocrx_word' id='word_1_144' title='bbox 889 1741 1085 1780; x_wconf 74' lang='lat' dir='ltr'>verisimile</span> <span class='ocrx_word' id='word_1_145' title='bbox 1102 1743 1162 1780; x_wconf 89' lang='lat' dir='ltr'>est.</span> <span class='ocrx_word' id='word_1_146' title='bbox 1191 1742 1268 1779; x_wconf 85' lang='lat' dir='ltr'>Cu-</span> 
     </span>
     <span class='ocr_line' id='line_1_23' title="bbox 218 1790 1273 1846; baseline -0.005 -11"><span class='ocrx_word' id='word_1_147' title='bbox 218 1798 278 1846; x_wconf 82' lang='lat' dir='ltr'>jus</span> <span class='ocrx_word' id='word_1_148' title='bbox 302 1800 337 1835; x_wconf 70' lang='grc' dir='ltr'>ἃ</span> <span class='ocrx_word' id='word_1_149' title='bbox 363 1799 514 1841; x_wconf 86' lang='lat' dir='ltr'>Livius,</span> <span class='ocrx_word' id='word_1_150' title='bbox 542 1797 580 1833; x_wconf 64' lang='grc' dir='ltr'>ὃς</span> <span class='ocrx_word' id='word_1_151' title='bbox 603 1795 840 1838; x_wconf 84' lang='lat' dir='ltr'>Plutarchus,</span> <span class='ocrx_word' id='word_1_152' title='bbox 878 1793 916 1831; x_wconf 69' lang='grc' dir='ltr'>δί</span> <span class='ocrx_word' id='word_1_153' title='bbox 947 1794 1058 1830; x_wconf 83' lang='lat' dir='ltr'>ceteri</span> <span class='ocrx_word' id='word_1_154' title='bbox 1086 1790 1273 1831; x_wconf 72' lang='lat' dir='ltr'>memine—</span> 
     </span>
     <span class='ocr_line' id='line_1_24' title="bbox 218 1843 1274 1895; baseline -0.005 -10"><span class='ocrx_word' id='word_1_155' title='bbox 218 1859 270 1885; x_wconf 86' lang='lat' dir='ltr'>re.</span> <span class='ocrx_word' id='word_1_156' title='bbox 298 1849 472 1886; x_wconf 75' lang='lat' dir='ltr'>Mrcrtt.</span> <span class='ocrx_word' id='word_1_157' title='bbox 500 1846 654 1884; x_wconf 83' lang='lat' dir='ltr'>Naiades</span> <span class='ocrx_word' id='word_1_158' title='bbox 674 1845 850 1895; x_wconf 84' lang='lat' dir='ltr'>Hesperiae</span> <span class='ocrx_word' id='word_1_159' title='bbox 868 1855 962 1883; x_wconf 91' lang='lat' dir='ltr'>unus</span> <span class='ocrx_word' id='word_1_160' title='bbox 986 1843 1127 1883; x_wconf 88' lang='lat' dir='ltr'>Medic.</span> <span class='ocrx_word' id='word_1_161' title='bbox 1158 1844 1274 1893; x_wconf 65' lang='lat' dir='ltr'>Aufin-</span> 
     </span>
     <span class='ocr_line' id='line_1_25' title="bbox 223 1899 437 1937; baseline 0.009 -2"><span class='ocrx_word' id='word_1_162' title='bbox 223 1899 303 1935; x_wconf 76' lang='lat' dir='ltr'>m&#39;ae</span> <span class='ocrx_word' id='word_1_163' title='bbox 330 1899 437 1937; x_wconf 88' lang='lat' dir='ltr'>Leid.</span> 
     </span>
    </p>

    <p class='ocr_par' dir='ltr' id='par_1_9' title="bbox 219 1944 1277 2100">
     <span class='ocr_line' id='line_1_26' title="bbox 273 1944 1275 1997; baseline -0.004 -10"><span class='ocrx_word' id='word_1_164' title='bbox 273 1950 356 1996; x_wconf 86' lang='lat'>787.</span> <span class='ocrx_word' id='word_1_165' title='bbox 384 1956 458 1986; x_wconf 82' lang='lat' dir='ltr'>Has</span> <span class='ocrx_word' id='word_1_166' title='bbox 479 1948 610 1997; x_wconf 53' lang='lat' dir='ltr'>rogan]</span> <span class='ocrx_word' id='word_1_167' title='bbox 643 1948 734 1984; x_wconf 82' lang='lat' dir='ltr'>Petit</span> <span class='ocrx_word' id='word_1_168' title='bbox 755 1958 849 1985; x_wconf 88' lang='lat' dir='ltr'>unus</span> <span class='ocrx_word' id='word_1_169' title='bbox 872 1944 1014 1984; x_wconf 82' lang='lat' dir='ltr'>Medic.</span> <span class='ocrx_word' id='word_1_170' title='bbox 1029 1945 1105 1984; x_wconf 88' lang='lat' dir='ltr'>vid.</span> <span class='ocrx_word' id='word_1_171' title='bbox 1128 1945 1275 1984; x_wconf 85' lang='lat' dir='ltr'>lib.v11.</span> 
     </span>
     <span class='ocr_line' id='line_1_27' title="bbox 219 1997 1277 2048; baseline -0.004 -10"><span class='ocrx_word' id='word_1_172' title='bbox 219 2012 306 2048; x_wconf 85' lang='lat'>297.</span> <span class='ocrx_word' id='word_1_173' title='bbox 328 2001 365 2037; x_wconf 90' lang='lat'>&amp;</span> <span class='ocrx_word' id='word_1_174' title='bbox 385 2009 473 2037; x_wconf 88' lang='lat' dir='ltr'>tunc</span> <span class='ocrx_word' id='word_1_175' title='bbox 496 2000 562 2036; x_wconf 89' lang='lat' dir='ltr'>erit</span> <span class='ocrx_word' id='word_1_176' title='bbox 583 1999 754 2047; x_wconf 78' lang='lat' dir='ltr'>repetitio</span> <span class='ocrx_word' id='word_1_177' title='bbox 776 1997 920 2036; x_wconf 89' lang='lat' dir='ltr'>Ovidio</span> <span class='ocrx_word' id='word_1_178' title='bbox 944 1997 1141 2036; x_wconf 82' lang='lat' dir='ltr'>familiaris.</span> <span class='ocrx_word' id='word_1_179' title='bbox 1168 1997 1277 2045; x_wconf 77' lang='lat' dir='ltr'>Justa</span> 
     </span>
     <span class='ocr_line' id='line_1_28' title="bbox 220 2049 768 2100; baseline -0.005 -13"><span class='ocrx_word' id='word_1_180' title='bbox 220 2060 422 2100; x_wconf 82' lang='lat' dir='ltr'>precantem</span> <span class='ocrx_word' id='word_1_181' title='bbox 447 2051 612 2098; x_wconf 90' lang='lat' dir='ltr'>quinque</span> <span class='ocrx_word' id='word_1_182' title='bbox 635 2049 768 2096; x_wconf 78' lang='lat' dir='ltr'>scripti.</span> 
     </span>
    </p>

    <p class='ocr_par' dir='ltr' id='par_1_10' title="bbox 221 2098 1276 2193">
     <span class='ocr_line' id='line_1_29' title="bbox 274 2098 1276 2149; baseline -0.002 -11"><span class='ocrx_word' id='word_1_183' title='bbox 274 2101 358 2147; x_wconf 82' lang='grc'><strong>788.</strong></span> <span class='ocrx_word' id='word_1_184' title='bbox 385 2100 613 2149; x_wconf 58' lang='lat' dir='ltr'>Sustinuere]</span> <span class='ocrx_word' id='word_1_185' title='bbox 654 2098 858 2135; x_wconf 77' lang='lat' dir='ltr'>submovere</span> <span class='ocrx_word' id='word_1_186' title='bbox 880 2099 1079 2147; x_wconf 82' lang='lat' dir='ltr'>Langerm.</span> <span class='ocrx_word' id='word_1_187' title='bbox 1103 2098 1276 2148; x_wconf 73' lang='lat' dir='ltr'>despexere</span> 
     </span>
     <span class='ocr_line' id='line_1_30' title="bbox 221 2148 864 2193; baseline -0.005 -4"><span class='ocrx_word' id='word_1_188' title='bbox 221 2152 365 2190; x_wconf 86' lang='lat' dir='ltr'>Medic.</span> <span class='ocrx_word' id='word_1_189' title='bbox 385 2151 460 2189; x_wconf 85' lang='lat' dir='ltr'>vid.</span> <span class='ocrx_word' id='word_1_190' title='bbox 482 2151 527 2188; x_wconf 90' lang='lat' dir='ltr'>ad</span> <span class='ocrx_word' id='word_1_191' title='bbox 547 2150 607 2187; x_wconf 87' lang='lat' dir='ltr'>lib.</span> <span class='ocrx_word' id='word_1_192' title='bbox 634 2161 670 2187; x_wconf 87' lang='lat' dir='ltr'>v.</span> <span class='ocrx_word' id='word_1_193' title='bbox 692 2148 782 2186; x_wconf 86' lang='lat' dir='ltr'>Fast.</span> <span class='ocrx_word' id='word_1_194' title='bbox 804 2150 864 2193; x_wconf 82' lang='lat'>76.</span> 
     </span>
    </p>

    <p class='ocr_par' dir='ltr' id='par_1_11' title="bbox 273 2198 1277 2250">
     <span class='ocr_line' id='line_1_31' title="bbox 273 2198 1277 2250; baseline -0.002 -12"><span class='ocrx_word' id='word_1_195' title='bbox 273 2203 359 2250; x_wconf 82' lang='lat'>788.</span> <span class='ocrx_word' id='word_1_196' title='bbox 375 2199 687 2249; x_wconf 81' lang='lat' dir='ltr'>Fluminafontis.]</span> <span class='ocrx_word' id='word_1_197' title='bbox 709 2198 846 2236; x_wconf 83' lang='lat' dir='ltr'>Semina</span> <span class='ocrx_word' id='word_1_198' title='bbox 859 2200 966 2248; x_wconf 88' lang='lat' dir='ltr'>prim.</span> <span class='ocrx_word' id='word_1_199' title='bbox 980 2199 1277 2238; x_wconf 80' lang='lat' dir='ltr'>Moret.H1-:1Ns.</span> 
     </span>
    </p>

    <p class='ocr_par' dir='ltr' id='par_1_12' title="bbox 223 2250 1279 2400">
     <span class='ocr_line' id='line_1_32' title="bbox 276 2250 1279 2302; baseline -0.005 -10"><span class='ocrx_word' id='word_1_200' title='bbox 276 2254 361 2302; x_wconf 86' lang='lat'>789.</span> <span class='ocrx_word' id='word_1_201' title='bbox 392 2252 561 2290; x_wconf 81' lang='lat' dir='ltr'>Nondum</span> <span class='ocrx_word' id='word_1_202' title='bbox 600 2262 720 2288; x_wconf 83' lang='lat' dir='ltr'>tamen</span> <span class='ocrx_word' id='word_1_203' title='bbox 757 2250 859 2287; x_wconf 83' lang='lat' dir='ltr'>invia</span> <span class='ocrx_word' id='word_1_204' title='bbox 901 2250 998 2295; x_wconf 72' lang='lat' dir='ltr'>Jam&#39;</span> <span class='ocrx_word' id='word_1_205' title='bbox 1029 2255 1102 2286; x_wconf 87' lang='lat' dir='ltr'>Ora</span> <span class='ocrx_word' id='word_1_206' title='bbox 1125 2251 1279 2299; x_wconf 83' lang='lat' dir='ltr'>patentis</span> 
     </span>
     <span class='ocr_line' id='line_1_33' title="bbox 223 2300 1278 2354; baseline -0.003 -12"><span class='ocrx_word' id='word_1_207' title='bbox 223 2304 363 2354; x_wconf 61' lang='lat' dir='ltr'>araur]</span> <span class='ocrx_word' id='word_1_208' title='bbox 403 2305 572 2347; x_wconf 86' lang='lat' dir='ltr'>Mirum,</span> <span class='ocrx_word' id='word_1_209' title='bbox 599 2314 713 2352; x_wconf 88' lang='lat' dir='ltr'>quem</span> <span class='ocrx_word' id='word_1_210' title='bbox 748 2300 937 2339; x_wconf 69' lang='lat' dir='ltr'>auctorem</span> <span class='ocrx_word' id='word_1_211' title='bbox 969 2301 1111 2339; x_wconf 86' lang='lat' dir='ltr'>secutus</span> <span class='ocrx_word' id='word_1_212' title='bbox 1142 2300 1184 2338; x_wconf 87' lang='lat' dir='ltr'>fit</span> <span class='ocrx_word' id='word_1_213' title='bbox 1217 2302 1278 2339; x_wconf 89' lang='lat' dir='ltr'>hic</span> 
     </span>
     <span class='ocr_line' id='line_1_34' title="bbox 227 2351 1279 2400; baseline -0.004 -6"><span class='ocrx_word' id='word_1_214' title='bbox 227 2356 387 2394; x_wconf 89' lang='lat' dir='ltr'>Ovidius</span> <span class='ocrx_word' id='word_1_215' title='bbox 411 2369 418 2392; x_wconf 89' lang='lat'>:</span> <span class='ocrx_word' id='word_1_216' title='bbox 454 2354 545 2392; x_wconf 86' lang='lat' dir='ltr'>nihil</span> <span class='ocrx_word' id='word_1_217' title='bbox 573 2354 673 2391; x_wconf 86' lang='lat' dir='ltr'>enim</span> <span class='ocrx_word' id='word_1_218' title='bbox 703 2351 800 2400; x_wconf 85' lang='lat' dir='ltr'>apud</span> <span class='ocrx_word' id='word_1_219' title='bbox 830 2351 920 2389; x_wconf 85' lang='lat' dir='ltr'>alios</span> <span class='ocrx_word' id='word_1_220' title='bbox 948 2352 993 2390; x_wconf 88' lang='lat' dir='ltr'>de</span> <span class='ocrx_word' id='word_1_221' title='bbox 1013 2353 1087 2390; x_wconf 89' lang='lat' dir='ltr'>hoc</span> <span class='ocrx_word' id='word_1_222' title='bbox 1110 2352 1279 2390; x_wconf 89' lang='lat' dir='ltr'>invenio.</span> 
     </span>
    </p>
   </div>
   <div class='ocr_carea' id='block_1_5' title="bbox 158 2403 1279 2451">
    <p class='ocr_par' dir='ltr' id='par_1_13' title="bbox 158 2403 1279 2451">
     <span class='ocr_line' id='line_1_35' title="bbox 158 2403 1279 2451; baseline -0.003 -6"><span class='ocrx_word' id='word_1_223' title='bbox 158 2413 161 2415; x_wconf 74' lang='grc'><strong><em>’</em></strong></span> <span class='ocrx_word' id='word_1_224' title='bbox 226 2407 518 2445; x_wconf 88' lang='lat' dir='ltr'>Commentator</span> <span class='ocrx_word' id='word_1_225' title='bbox 536 2433 545 2449; x_wconf 96' lang='lat'><strong>,</strong></span> <span class='ocrx_word' id='word_1_226' title='bbox 570 2413 610 2442; x_wconf 91' lang='lat' dir='ltr'>ut</span> <span class='ocrx_word' id='word_1_227' title='bbox 640 2403 754 2447; x_wconf 85' lang='lat' dir='ltr'>solet,</span> <span class='ocrx_word' id='word_1_228' title='bbox 790 2410 965 2451; x_wconf 79' lang='lat' dir='ltr'>tanquam</span> <span class='ocrx_word' id='word_1_229' title='bbox 998 2415 1053 2441; x_wconf 86' lang='lat' dir='ltr'>res</span> <span class='ocrx_word' id='word_1_230' title='bbox 1074 2403 1168 2440; x_wconf 91' lang='lat' dir='ltr'>bene</span> <span class='ocrx_word' id='word_1_231' title='bbox 1189 2412 1279 2442; x_wconf 88' lang='lat' dir='ltr'>nota</span> 
     </span>
    </p>
   </div>
   <div class='ocr_carea' id='block_1_6' title="bbox 226 2454 1281 2707">
    <p class='ocr_par' dir='ltr' id='par_1_14' title="bbox 226 2454 1281 2707">
     <span class='ocr_line' id='line_1_36' title="bbox 226 2454 1281 2500; baseline -0.005 -4"><span class='ocrx_word' id='word_1_232' title='bbox 226 2457 291 2500; x_wconf 79' lang='lat' dir='ltr'>sit,</span> <span class='ocrx_word' id='word_1_233' title='bbox 326 2458 456 2495; x_wconf 87' lang='lat' dir='ltr'>leviter</span> <span class='ocrx_word' id='word_1_234' title='bbox 497 2457 624 2494; x_wconf 86' lang='lat' dir='ltr'>transit</span> <span class='ocrx_word' id='word_1_235' title='bbox 652 2466 693 2492; x_wconf 90' lang='lat' dir='ltr'>ac</span> <span class='ocrx_word' id='word_1_236' title='bbox 725 2461 833 2492; x_wconf 86' lang='lat' dir='ltr'>tacet.</span> <span class='ocrx_word' id='word_1_237' title='bbox 871 2455 1082 2492; x_wconf 76' lang='lat' dir='ltr'>GLAREAN.</span> <span class='ocrx_word' id='word_1_238' title='bbox 1118 2454 1281 2491; x_wconf 83' lang='lat' dir='ltr'>Parentis</span> 
     </span>
     <span class='ocr_line' id='line_1_37' title="bbox 227 2505 1280 2555; baseline -0.002 -11"><span class='ocrx_word' id='word_1_239' title='bbox 227 2508 299 2545; x_wconf 85' lang='lat' dir='ltr'>Ms.</span> <span class='ocrx_word' id='word_1_240' title='bbox 330 2520 407 2546; x_wconf 91' lang='lat' dir='ltr'>non</span> <span class='ocrx_word' id='word_1_241' title='bbox 438 2508 546 2545; x_wconf 86' lang='lat' dir='ltr'>male.</span> <span class='ocrx_word' id='word_1_242' title='bbox 573 2506 653 2553; x_wconf 87' lang='lat' dir='ltr'>Jani</span> <span class='ocrx_word' id='word_1_243' title='bbox 682 2506 782 2543; x_wconf 90' lang='lat' dir='ltr'>enim</span> <span class='ocrx_word' id='word_1_244' title='bbox 803 2506 950 2554; x_wconf 87' lang='lat' dir='ltr'>propria</span> <span class='ocrx_word' id='word_1_245' title='bbox 970 2505 1166 2555; x_wconf 88' lang='lat' dir='ltr'>appellatio</span> <span class='ocrx_word' id='word_1_246' title='bbox 1179 2514 1280 2554; x_wconf 86' lang='lat' dir='ltr'>pater</span> 
     </span>
     <span class='ocr_line' id='line_1_38' title="bbox 227 2555 1279 2596; baseline 0 -1"><span class='ocrx_word' id='word_1_247' title='bbox 227 2559 265 2595; x_wconf 90' lang='lat' dir='ltr'>in</span> <span class='ocrx_word' id='word_1_248' title='bbox 286 2558 454 2596; x_wconf 75' lang='lat' dir='ltr'>Macrob.</span> <span class='ocrx_word' id='word_1_249' title='bbox 472 2558 586 2596; x_wconf 87' lang='lat' dir='ltr'>Satur.</span> <span class='ocrx_word' id='word_1_250' title='bbox 614 2556 818 2594; x_wconf 75' lang='lat' dir='ltr'>BBRSMAN.</span> <span class='ocrx_word' id='word_1_251' title='bbox 848 2557 1007 2593; x_wconf 82' lang='lat' dir='ltr'>Parentis</span> <span class='ocrx_word' id='word_1_252' title='bbox 1028 2557 1140 2595; x_wconf 83' lang='lat' dir='ltr'>etiam</span> <span class='ocrx_word' id='word_1_253' title='bbox 1152 2555 1211 2594; x_wconf 82' lang='lat' dir='ltr'>sex</span> <span class='ocrx_word' id='word_1_254' title='bbox 1235 2557 1279 2595; x_wconf 94' lang='lat' dir='ltr'>li-</span> 
     </span>
     <span class='ocr_line' id='line_1_39' title="bbox 229 2604 1228 2657; baseline 0 -13"><span class='ocrx_word' id='word_1_255' title='bbox 229 2608 295 2645; x_wconf 87' lang='lat' dir='ltr'>bri.</span> <span class='ocrx_word' id='word_1_256' title='bbox 324 2609 381 2647; x_wconf 85' lang='lat' dir='ltr'>sed</span> <span class='ocrx_word' id='word_1_257' title='bbox 396 2637 405 2653; x_wconf 93' lang='lat'>‚</span> <span class='ocrx_word' id='word_1_258' title='bbox 425 2619 546 2657; x_wconf 82' lang='lat' dir='ltr'>patens</span> <span class='ocrx_word' id='word_1_259' title='bbox 565 2609 675 2655; x_wconf 86' lang='lat' dir='ltr'>Janus</span> <span class='ocrx_word' id='word_1_260' title='bbox 689 2635 699 2651; x_wconf 88' lang='lat'><strong>,</strong></span> <span class='ocrx_word' id='word_1_261' title='bbox 728 2607 775 2644; x_wconf 89' lang='lat' dir='ltr'>est</span> <span class='ocrx_word' id='word_1_262' title='bbox 795 2607 894 2644; x_wconf 90' lang='lat' dir='ltr'>idern</span> <span class='ocrx_word' id='word_1_263' title='bbox 911 2635 921 2653; x_wconf 94' lang='lat'><strong>,</strong></span> <span class='ocrx_word' id='word_1_264' title='bbox 950 2609 1013 2655; x_wconf 88' lang='lat' dir='ltr'>qui</span> <span class='ocrx_word' id='word_1_265' title='bbox 1035 2604 1228 2645; x_wconf 77' lang='lat' dir='ltr'>Patulcius.</span> 
     </span>
     <span class='ocr_line' id='line_1_40' title="bbox 283 2657 1281 2707; baseline 0 -12"><span class='ocrx_word' id='word_1_266' title='bbox 283 2670 365 2705; x_wconf 79' lang='lat'>791.</span> <span class='ocrx_word' id='word_1_267' title='bbox 393 2659 564 2695; x_wconf 82' lang='lat' dir='ltr'>Foecundo</span> <span class='ocrx_word' id='word_1_268' title='bbox 574 2659 744 2707; x_wconf 64' lang='lat' dir='ltr'>sulphura</span> <span class='ocrx_word' id='word_1_269' title='bbox 758 2657 893 2706; x_wconf 81' lang='lat' dir='ltr'>fonti.]</span> <span class='ocrx_word' id='word_1_270' title='bbox 924 2657 1037 2706; x_wconf 76' lang='lat' dir='ltr'>Suffifh</span> <span class='ocrx_word' id='word_1_271' title='bbox 1057 2658 1162 2706; x_wconf 88' lang='lat' dir='ltr'>prim.</span> <span class='ocrx_word' id='word_1_272' title='bbox 1182 2658 1281 2695; x_wconf 91' lang='lat' dir='ltr'>Gro-</span> 
     </span>
    </p>
   </div>
   <div class='ocr_carea' id='block_1_7' title="bbox 230 2708 1281 2807">
    <p class='ocr_par' dir='ltr' id='par_1_15' title="bbox 230 2708 1281 2807">
     <span class='ocr_line' id='line_1_41' title="bbox 231 2708 1281 2758; baseline 0.002 -12"><span class='ocrx_word' id='word_1_273' title='bbox 231 2719 322 2746; x_wconf 87' lang='lat' dir='ltr'>nov.</span> <span class='ocrx_word' id='word_1_274' title='bbox 343 2709 444 2754; x_wconf 87' lang='lat' dir='ltr'>quod</span> <span class='ocrx_word' id='word_1_275' title='bbox 465 2708 549 2746; x_wconf 81' lang='lat' dir='ltr'>effet</span> <span class='ocrx_word' id='word_1_276' title='bbox 560 2710 687 2756; x_wconf 83' lang='lat' dir='ltr'>suffito.</span> <span class='ocrx_word' id='word_1_277' title='bbox 706 2709 751 2747; x_wconf 91' lang='lat' dir='ltr'>de</span> <span class='ocrx_word' id='word_1_278' title='bbox 769 2721 847 2758; x_wconf 91' lang='lat' dir='ltr'>quo</span> <span class='ocrx_word' id='word_1_279' title='bbox 869 2708 957 2748; x_wconf 81' lang='lat' dir='ltr'>Fast.</span> <span class='ocrx_word' id='word_1_280' title='bbox 979 2710 1111 2758; x_wconf 75' lang='lat' dir='ltr'>v.675.</span> <span class='ocrx_word' id='word_1_281' title='bbox 1134 2709 1281 2748; x_wconf 63' lang='lat' dir='ltr'>Herm.</span> 
     </span>
     <span class='ocr_line' id='line_1_42' title="bbox 230 2758 973 2807; baseline 0.001 -11"><span class='ocrx_word' id='word_1_282' title='bbox 230 2758 330 2796; x_wconf 83' lang='lat' dir='ltr'>Vide</span> <span class='ocrx_word' id='word_1_283' title='bbox 351 2758 512 2795; x_wconf 70' lang='lat' dir='ltr'>Broukh.</span> <span class='ocrx_word' id='word_1_284' title='bbox 530 2759 575 2796; x_wconf 86' lang='lat' dir='ltr'>ad</span> <span class='ocrx_word' id='word_1_285' title='bbox 599 2764 705 2807; x_wconf 67' lang='lat' dir='ltr'>Prop.</span> <span class='ocrx_word' id='word_1_286' title='bbox 726 2771 779 2797; x_wconf 86' lang='lat' dir='ltr'>iv.</span> <span class='ocrx_word' id='word_1_287' title='bbox 802 2772 890 2797; x_wconf 76' lang='lat' dir='ltr'>viix.</span> <span class='ocrx_word' id='word_1_288' title='bbox 914 2760 973 2806; x_wconf 78' lang='lat'>84.</span> 
     </span>
    </p>
   </div>
   <div class='ocr_carea' id='block_1_8' title="bbox 233 2808 1283 2899">
    <p class='ocr_par' dir='ltr' id='par_1_16' title="bbox 233 2808 1283 2899">
     <span class='ocr_line' id='line_1_43' title="bbox 283 2808 1283 2860; baseline 0.005 -16"><span class='ocrx_word' id='word_1_289' title='bbox 283 2821 368 2857; x_wconf 86' lang='lat'>792.</span> <span class='ocrx_word' id='word_1_290' title='bbox 397 2808 541 2857; x_wconf 56' lang='lat' dir='ltr'>Venas]</span> <span class='ocrx_word' id='word_1_291' title='bbox 578 2810 699 2846; x_wconf 82' lang='lat' dir='ltr'>Rimas</span> <span class='ocrx_word' id='word_1_292' title='bbox 727 2822 820 2847; x_wconf 85' lang='lat' dir='ltr'>unus</span> <span class='ocrx_word' id='word_1_293' title='bbox 850 2811 1003 2849; x_wconf 84' lang='lat' dir='ltr'>Moreti.</span> <span class='ocrx_word' id='word_1_294' title='bbox 1041 2822 1150 2847; x_wconf 85' lang='lat' dir='ltr'>venas</span> <span class='ocrx_word' id='word_1_295' title='bbox 1180 2822 1283 2860; x_wconf 83' lang='lat' dir='ltr'>prae-</span> 
     </span>
     <span class='ocr_line' id='line_1_44' title="bbox 233 2859 536 2899; baseline -0.013 0"><span class='ocrx_word' id='word_1_296' title='bbox 233 2859 381 2899; x_wconf 83' lang='lat' dir='ltr'>cesserat</span> <span class='ocrx_word' id='word_1_297' title='bbox 404 2859 536 2896; x_wconf 86' lang='lat' dir='ltr'>modo.</span> 
     </span>
    </p>
   </div>
   <div class='ocr_carea' id='block_1_9' title="bbox 241 2908 1282 3050">
    <p class='ocr_par' dir='ltr' id='par_1_17' title="bbox 241 2908 1282 3050">
     <span class='ocr_line' id='line_1_45' title="bbox 288 2908 1013 2958; baseline 0 -12"><span class='ocrx_word' id='word_1_298' title='bbox 288 2923 371 2958; x_wconf 80' lang='lat'>794.</span> <span class='ocrx_word' id='word_1_299' title='bbox 398 2908 551 2958; x_wconf 83' lang='lat' dir='ltr'>Rigori.]</span> <span class='ocrx_word' id='word_1_300' title='bbox 582 2908 724 2958; x_wconf 81' lang='lat' dir='ltr'>Liquori</span> <span class='ocrx_word' id='word_1_301' title='bbox 741 2920 832 2946; x_wconf 83' lang='lat' dir='ltr'>unus</span> <span class='ocrx_word' id='word_1_302' title='bbox 854 2909 1013 2948; x_wconf 78' lang='lat' dir='ltr'>Heinsii.</span> 
     </span>
     <span class='ocr_line' id='line_1_46' title="bbox 284 2958 1282 3010; baseline 0 -12"><span class='ocrx_word' id='word_1_303' title='bbox 284 2973 369 3010; x_wconf 73' lang='lat'>795.</span> <span class='ocrx_word' id='word_1_304' title='bbox 407 2958 645 3009; x_wconf 80' lang='lat' dir='ltr'>Audebatis.]</span> <span class='ocrx_word' id='word_1_305' title='bbox 688 2959 911 3008; x_wconf 85' lang='lat' dir='ltr'>Conjecerat</span> <span class='ocrx_word' id='word_1_306' title='bbox 950 2961 1043 2997; x_wconf 89' lang='lat' dir='ltr'>olim</span> <span class='ocrx_word' id='word_1_307' title='bbox 1083 2959 1282 3007; x_wconf 76' lang='lat' dir='ltr'>Heinsius,</span> 
     </span>
     <span class='ocr_line' id='line_1_47' title="bbox 241 3012 467 3050; baseline -0.009 0"><span class='ocrx_word' id='word_1_308' title='bbox 241 3012 467 3050; x_wconf 70' lang='lat' dir='ltr'>Gaudebatis.</span> 
     </span>
    </p>
   </div>
   <div class='ocr_carea' id='block_1_10' title="bbox 235 3074 1288 3328">
    <p class='ocr_par' dir='ltr' id='par_1_18' title="bbox 235 3074 1284 3176">
     <span class='ocr_line' id='line_1_48' title="bbox 286 3074 1284 3125; baseline 0 -12"><span class='ocrx_word' id='word_1_309' title='bbox 286 3080 369 3125; x_wconf 78' lang='lat'>796.</span> <span class='ocrx_word' id='word_1_310' title='bbox 400 3074 664 3125; x_wconf 71' lang='lat' dir='ltr'>Flammifera]</span> <span class='ocrx_word' id='word_1_311' title='bbox 695 3074 928 3124; x_wconf 79' lang='lat' dir='ltr'>Flammigera</span> <span class='ocrx_word' id='word_1_312' title='bbox 948 3075 1077 3112; x_wconf 84' lang='lat' dir='ltr'>Oxon.</span> <span class='ocrx_word' id='word_1_313' title='bbox 1101 3075 1139 3113; x_wconf 74' lang='grc' dir='ltr'>δί</span> <span class='ocrx_word' id='word_1_314' title='bbox 1161 3074 1284 3113; x_wconf 85' lang='lat' dir='ltr'>infini-</span> 
     </span>
     <span class='ocr_line' id='line_1_49' title="bbox 235 3127 681 3176; baseline -0.013 -8"><span class='ocrx_word' id='word_1_315' title='bbox 235 3133 262 3168; x_wconf 77' lang='lat' dir='ltr'>ti</span> <span class='ocrx_word' id='word_1_316' title='bbox 283 3131 350 3168; x_wconf 79' lang='lat' dir='ltr'>alii.</span> <span class='ocrx_word' id='word_1_317' title='bbox 365 3129 537 3176; x_wconf 80' lang='lat' dir='ltr'>fumifera</span> <span class='ocrx_word' id='word_1_318' title='bbox 557 3127 681 3163; x_wconf 77' lang='lat' dir='ltr'>Patav.</span> 
     </span>
    </p>

    <p class='ocr_par' dir='ltr' id='par_1_19' title="bbox 238 3175 1288 3328">
     <span class='ocr_line' id='line_1_50' title="bbox 289 3175 1287 3228; baseline -0.002 -12"><span class='ocrx_word' id='word_1_319' title='bbox 289 3193 371 3228; x_wconf 84' lang='lat'>797.</span> <span class='ocrx_word' id='word_1_320' title='bbox 401 3178 531 3226; x_wconf 72' lang='lat' dir='ltr'>Rigidis</span> <span class='ocrx_word' id='word_1_321' title='bbox 546 3177 706 3225; x_wconf 77' lang='lat' dir='ltr'>promissa</span> <span class='ocrx_word' id='word_1_322' title='bbox 726 3176 901 3225; x_wconf 58' lang='lat' dir='ltr'>sabinis]</span> <span class='ocrx_word' id='word_1_323' title='bbox 933 3175 1096 3224; x_wconf 76' lang='lat' dir='ltr'>Permifflz</span> <span class='ocrx_word' id='word_1_324' title='bbox 1115 3176 1184 3215; x_wconf 87' lang='lat' dir='ltr'>sec.</span> <span class='ocrx_word' id='word_1_325' title='bbox 1197 3178 1287 3214; x_wconf 89' lang='lat' dir='ltr'>Mo-</span> 
     </span>
     <span class='ocr_line' id='line_1_51' title="bbox 238 3227 1288 3268; baseline -0.002 -2"><span class='ocrx_word' id='word_1_326' title='bbox 238 3233 302 3267; x_wconf 80' lang='lat' dir='ltr'>rcti</span> <span class='ocrx_word' id='word_1_327' title='bbox 327 3232 362 3268; x_wconf 66' lang='grc' dir='ltr'>ὃς</span> <span class='ocrx_word' id='word_1_328' title='bbox 386 3230 445 3268; x_wconf 82' lang='lat' dir='ltr'>alii</span> <span class='ocrx_word' id='word_1_329' title='bbox 474 3229 663 3266; x_wconf 85' lang='lat' dir='ltr'>tredecim.</span> <span class='ocrx_word' id='word_1_330' title='bbox 685 3228 759 3265; x_wconf 88' lang='lat' dir='ltr'>hoc</span> <span class='ocrx_word' id='word_1_331' title='bbox 782 3227 829 3265; x_wconf 85' lang='lat' dir='ltr'>est</span> <span class='ocrx_word' id='word_1_332' title='bbox 844 3227 985 3265; x_wconf 84' lang='lat' dir='ltr'>tradita.</span> <span class='ocrx_word' id='word_1_333' title='bbox 1014 3228 1157 3266; x_wconf 79' lang='lat' dir='ltr'>HEiNs.</span> <span class='ocrx_word' id='word_1_334' title='bbox 1185 3233 1288 3265; x_wconf 89' lang='lat' dir='ltr'>Com-</span> 
     </span>
     <span class='ocr_line' id='line_1_52' title="bbox 239 3279 594 3328; baseline 0.003 -12"><span class='ocrx_word' id='word_1_335' title='bbox 239 3282 333 3328; x_wconf 61' lang='lat' dir='ltr'>miffa</span> <span class='ocrx_word' id='word_1_336' title='bbox 355 3290 435 3317; x_wconf 79' lang='lat' dir='ltr'>tert.</span> <span class='ocrx_word' id='word_1_337' title='bbox 455 3279 594 3317; x_wconf 80' lang='lat' dir='ltr'>Medic.</span> 
     </span>
    </p>
   </div>
   <div class='ocr_carea' id='block_1_11' title="bbox 290 3328 1286 3381">
    <p class='ocr_par' dir='ltr' id='par_1_20' title="bbox 290 3328 1286 3381">
     <span class='ocr_line' id='line_1_53' title="bbox 290 3328 1286 3381; baseline -0.001 -13"><span class='ocrx_word' id='word_1_338' title='bbox 290 3331 372 3379; x_wconf 48' lang='grc' dir='ltr'>τῷ.</span> <span class='ocrx_word' id='word_1_339' title='bbox 401 3328 659 3379; x_wconf 68' lang='grc' dir='ltr'>Ρναε]ῖνιιέῖιι,]</span> <span class='ocrx_word' id='word_1_340' title='bbox 688 3335 879 3380; x_wconf 71' lang='lat' dir='ltr'>Praerupta</span> <span class='ocrx_word' id='word_1_341' title='bbox 898 3329 1069 3372; x_wconf 83' lang='lat' dir='ltr'>treslibri.</span> <span class='ocrx_word' id='word_1_342' title='bbox 1086 3330 1286 3381; x_wconf 72' lang='lat' dir='ltr'>praefrac‘ta</span> 
     </span>
    </p>
   </div>
   <div class='ocr_carea' id='block_1_12' title="bbox 2260 1449 2375 1505">
    <p class='ocr_par' dir='ltr' id='par_1_21' title="bbox 2260 1449 2375 1505">
     <span class='ocr_line' id='line_1_54' title="bbox 2260 1449 2375 1505; baseline 0 0"><span class='ocrx_word' id='word_1_343' title='bbox 2260 1449 2375 1505; x_wconf 60' lang='lat' dir='ltr'>De«</span> 
     </span>
    </p>
   </div>
   <div class='ocr_carea' id='block_1_13' title="bbox 1327 1587 2386 2045">
    <p class='ocr_par' dir='ltr' id='par_1_22' title="bbox 1329 1587 1800 1638">
     <span class='ocr_line' id='line_1_55' title="bbox 1329 1587 1800 1638; baseline -0.004 -11"><span class='ocrx_word' id='word_1_344' title='bbox 1329 1598 1435 1627; x_wconf 86' lang='lat' dir='ltr'>unus.</span> <span class='ocrx_word' id='word_1_345' title='bbox 1457 1587 1677 1638; x_wconf 73' lang='lat' dir='ltr'>praesumpta</span> <span class='ocrx_word' id='word_1_346' title='bbox 1697 1587 1800 1626; x_wconf 64' lang='lat' dir='ltr'>aliusi</span> 
     </span>
    </p>

    <p class='ocr_par' dir='ltr' id='par_1_23' title="bbox 1327 1638 2382 1944">
     <span class='ocr_line' id='line_1_56' title="bbox 1383 1638 2378 1688; baseline 0.001 -11"><span class='ocrx_word' id='word_1_347' title='bbox 1383 1651 1468 1688; x_wconf 85' lang='lat'>799.</span> <span class='ocrx_word' id='word_1_348' title='bbox 1497 1639 1656 1676; x_wconf 84' lang='lat' dir='ltr'>Indueret</span> <span class='ocrx_word' id='word_1_349' title='bbox 1670 1638 1798 1688; x_wconf 55' lang='lat' dir='ltr'>mila]</span> <span class='ocrx_word' id='word_1_350' title='bbox 1829 1638 1996 1677; x_wconf 79' lang='lat' dir='ltr'>Induerat</span> <span class='ocrx_word' id='word_1_351' title='bbox 2015 1638 2047 1677; x_wconf 90' lang='lat' dir='ltr'>S.</span> <span class='ocrx_word' id='word_1_352' title='bbox 2061 1639 2180 1677; x_wconf 88' lang='lat' dir='ltr'>Marci</span> <span class='ocrx_word' id='word_1_353' title='bbox 2208 1639 2246 1677; x_wconf 89' lang='lat'>&amp;</span> <span class='ocrx_word' id='word_1_354' title='bbox 2265 1640 2378 1688; x_wconf 55' lang='lat' dir='ltr'>prim}</span> 
     </span>
     <span class='ocr_line' id='line_1_57' title="bbox 1331 1690 2378 1740; baseline 0 -11"><span class='ocrx_word' id='word_1_355' title='bbox 1331 1691 1468 1729; x_wconf 87' lang='lat' dir='ltr'>Erfurt.</span> <span class='ocrx_word' id='word_1_356' title='bbox 1487 1691 1623 1740; x_wconf 89' lang='lat' dir='ltr'>aliique</span> <span class='ocrx_word' id='word_1_357' title='bbox 1641 1691 1823 1728; x_wconf 90' lang='lat' dir='ltr'>nonnulli.</span> <span class='ocrx_word' id='word_1_358' title='bbox 1850 1690 1946 1729; x_wconf 93' lang='lat' dir='ltr'>Puto</span> <span class='ocrx_word' id='word_1_359' title='bbox 1960 1719 1971 1736; x_wconf 90' lang='lat'><strong>,</strong></span> <span class='ocrx_word' id='word_1_360' title='bbox 2001 1690 2178 1727; x_wconf 74' lang='lat' dir='ltr'>induitur.</span> <span class='ocrx_word' id='word_1_361' title='bbox 2207 1698 2247 1728; x_wconf 89' lang='lat' dir='ltr'>ut</span> <span class='ocrx_word' id='word_1_362' title='bbox 2265 1691 2378 1730; x_wconf 88' lang='lat' dir='ltr'>Trist.</span> 
     </span>
     <span class='ocr_line' id='line_1_58' title="bbox 1327 1740 2381 1792; baseline -0.001 -13"><span class='ocrx_word' id='word_1_363' title='bbox 1327 1754 1380 1779; x_wconf 76' lang='grc' dir='ltr'>ιν.</span> <span class='ocrx_word' id='word_1_364' title='bbox 1402 1741 1544 1790; x_wconf 88' lang='lat' dir='ltr'>Eleg.1.</span> <span class='ocrx_word' id='word_1_365' title='bbox 1565 1753 1646 1789; x_wconf 89' lang='lat' dir='ltr'>pro,</span> <span class='ocrx_word' id='word_1_366' title='bbox 1666 1753 1767 1789; x_wconf 85' lang='lat' dir='ltr'>quem</span> <span class='ocrx_word' id='word_1_367' title='bbox 1771 1740 1949 1792; x_wconf 79' lang='lat' dir='ltr'>postquam</span> <span class='ocrx_word' id='word_1_368' title='bbox 1962 1740 2129 1779; x_wconf 81' lang='lat' dir='ltr'>Romulus</span> <span class='ocrx_word' id='word_1_369' title='bbox 2141 1740 2247 1786; x_wconf 85' lang='lat' dir='ltr'>ultro,</span> <span class='ocrx_word' id='word_1_370' title='bbox 2269 1754 2381 1792; x_wconf 81' lang='lat' dir='ltr'>quam</span> 
     </span>
     <span class='ocr_line' id='line_1_59' title="bbox 1330 1792 2380 1842; baseline 0 -12"><span class='ocrx_word' id='word_1_371' title='bbox 1330 1792 1450 1830; x_wconf 87' lang='lat' dir='ltr'>codex</span> <span class='ocrx_word' id='word_1_372' title='bbox 1471 1792 1645 1830; x_wconf 89' lang='lat' dir='ltr'>Politiani</span> <span class='ocrx_word' id='word_1_373' title='bbox 1666 1793 1704 1829; x_wconf 88' lang='lat'>&amp;</span> <span class='ocrx_word' id='word_1_374' title='bbox 1722 1801 1793 1830; x_wconf 87' lang='lat' dir='ltr'>tres</span> <span class='ocrx_word' id='word_1_375' title='bbox 1812 1805 1856 1830; x_wconf 79' lang='lat' dir='ltr'>ex</span> <span class='ocrx_word' id='word_1_376' title='bbox 1880 1792 2019 1831; x_wconf 87' lang='lat' dir='ltr'>nostris.</span> <span class='ocrx_word' id='word_1_377' title='bbox 2039 1792 2115 1830; x_wconf 89' lang='lat' dir='ltr'>duo</span> <span class='ocrx_word' id='word_1_378' title='bbox 2129 1819 2140 1836; x_wconf 94' lang='lat'>,</span> <span class='ocrx_word' id='word_1_379' title='bbox 2168 1804 2265 1842; x_wconf 85' lang='lat' dir='ltr'>quae.</span> <span class='ocrx_word' id='word_1_380' title='bbox 2283 1803 2380 1840; x_wconf 90' lang='lat' dir='ltr'>quo-</span> 
     </span>
     <span class='ocr_line' id='line_1_60' title="bbox 1332 1841 2382 1882; baseline -0.001 -1"><span class='ocrx_word' id='word_1_381' title='bbox 1332 1843 1450 1881; x_wconf 87' lang='lat' dir='ltr'>modo</span> <span class='ocrx_word' id='word_1_382' title='bbox 1472 1844 1631 1882; x_wconf 86' lang='lat' dir='ltr'>vetustae</span> <span class='ocrx_word' id='word_1_383' title='bbox 1654 1842 1835 1882; x_wconf 88' lang='lat' dir='ltr'>editiones</span> <span class='ocrx_word' id='word_1_384' title='bbox 1857 1843 2068 1882; x_wconf 84' lang='lat' dir='ltr'>nonnullae.</span> <span class='ocrx_word' id='word_1_385' title='bbox 2089 1843 2128 1881; x_wconf 88' lang='lat'>&amp;</span> <span class='ocrx_word' id='word_1_386' title='bbox 2150 1841 2260 1880; x_wconf 67' lang='lat' dir='ltr'>reste.</span> <span class='ocrx_word' id='word_1_387' title='bbox 2279 1853 2382 1880; x_wconf 81' lang='lat' dir='ltr'>arma</span> 
     </span>
     <span class='ocr_line' id='line_1_61' title="bbox 1332 1894 1745 1944; baseline -0.002 -11"><span class='ocrx_word' id='word_1_388' title='bbox 1332 1894 1570 1944; x_wconf 87' lang='lat' dir='ltr'>subintellige.</span> <span class='ocrx_word' id='word_1_389' title='bbox 1599 1895 1745 1932; x_wconf 59' lang='lat' dir='ltr'>Hiems.</span> 
     </span>
    </p>

    <p class='ocr_par' dir='ltr' id='par_1_24' title="bbox 1332 1942 2386 2045">
     <span class='ocr_line' id='line_1_62' title="bbox 1385 1942 2384 1995; baseline -0.003 -11"><span class='ocrx_word' id='word_1_390' title='bbox 1385 1946 1471 1984; x_wconf 80' lang='lat'>801.</span> <span class='ocrx_word' id='word_1_391' title='bbox 1498 1953 1619 1983; x_wconf 86' lang='lat' dir='ltr'>Strata</span> <span class='ocrx_word' id='word_1_392' title='bbox 1640 1945 1748 1994; x_wconf 81' lang='lat' dir='ltr'>estque</span> <span class='ocrx_word' id='word_1_393' title='bbox 1767 1945 1882 1995; x_wconf 85' lang='lat' dir='ltr'>suis.]</span> <span class='ocrx_word' id='word_1_394' title='bbox 1921 1951 2110 1993; x_wconf 78' lang='lat' dir='ltr'>Strataque</span> <span class='ocrx_word' id='word_1_395' title='bbox 2130 1942 2294 1992; x_wconf 90' lang='lat' dir='ltr'>plerique</span> <span class='ocrx_word' id='word_1_396' title='bbox 2315 1954 2384 1982; x_wconf 84' lang='lat' dir='ltr'>ve-</span> 
     </span>
     <span class='ocr_line' id='line_1_63' title="bbox 1332 1994 2386 2045; baseline -0.002 -10"><span class='ocrx_word' id='word_1_397' title='bbox 1332 1997 1499 2035; x_wconf 85' lang='lat' dir='ltr'>tustiores</span> <span class='ocrx_word' id='word_1_398' title='bbox 1517 2012 1529 2041; x_wconf 79' lang='lat'><em>3</em></span> <span class='ocrx_word' id='word_1_399' title='bbox 1574 1995 1639 2034; x_wconf 84' lang='lat' dir='ltr'>nifi</span> <span class='ocrx_word' id='word_1_400' title='bbox 1682 1997 1786 2044; x_wconf 87' lang='lat' dir='ltr'>quod</span> <span class='ocrx_word' id='word_1_401' title='bbox 1835 1998 1873 2033; x_wconf 90' lang='lat' dir='ltr'>in</span> <span class='ocrx_word' id='word_1_402' title='bbox 1909 1995 2096 2033; x_wconf 88' lang='lat' dir='ltr'>nonnullis</span> <span class='ocrx_word' id='word_1_403' title='bbox 2119 1994 2235 2040; x_wconf 84' lang='lat' dir='ltr'>strata</span> <span class='ocrx_word' id='word_1_404' title='bbox 2262 2003 2386 2045; x_wconf 69' lang='lat' dir='ltr'>atque.</span> 
     </span>
    </p>
   </div>
   <div class='ocr_carea' id='block_1_14' title="bbox 1331 2043 2383 2136">
    <p class='ocr_par' dir='ltr' id='par_1_25' title="bbox 1331 2043 2383 2136">
     <span class='ocr_line' id='line_1_64' title="bbox 1331 2043 2383 2136; baseline 0 -51"><span class='ocrx_word' id='word_1_405' title='bbox 1331 2048 1449 2136; x_wconf 58' lang='grc' dir='ltr'><strong>ΙὸιζηΜ.</strong></span> <span class='ocrx_word' id='word_1_406' title='bbox 1477 2046 1744 2136; x_wconf 65' lang='lat' dir='ltr'>(Ilqrporibttsque</span> <span class='ocrx_word' id='word_1_407' title='bbox 1766 2046 1842 2095; x_wconf 80' lang='lat' dir='ltr'>suis</span> <span class='ocrx_word' id='word_1_408' title='bbox 1866 2045 1982 2094; x_wconf 88' lang='lat' dir='ltr'>strata</span> <span class='ocrx_word' id='word_1_409' title='bbox 2010 2045 2052 2093; x_wconf 85' lang='lat' dir='ltr'>est</span> <span class='ocrx_word' id='word_1_410' title='bbox 2085 2043 2257 2082; x_wconf 84' lang='lat' dir='ltr'>Ambros.</span> <span class='ocrx_word' id='word_1_411' title='bbox 2277 2044 2383 2085; x_wconf 79' lang='lat' dir='ltr'>Bafil.</span> 
     </span>
     <span class='ocr_line' id='line_1_65' title="bbox 1389 2106 1552 2136; baseline -0.006 0"><span class='ocrx_word' id='word_1_412' title='bbox 1389 2106 1460 2136; x_wconf 70' lang='lat' dir='ltr'><strong>tres</strong></span> <span class='ocrx_word' id='word_1_413' title='bbox 1479 2110 1498 2136; x_wconf 73' lang='lat' dir='ltr'>a</span> <span class='ocrx_word' id='word_1_414' title='bbox 1515 2109 1552 2136; x_wconf 83' lang='lat' dir='ltr'>ll.</span> 
     </span>
    </p>
   </div>
   <div class='ocr_carea' id='block_1_15' title="bbox 1333 2158 2399 3416">
    <p class='ocr_par' dir='ltr' id='par_1_26' title="bbox 1333 2158 2384 2260">
     <span class='ocr_line' id='line_1_66' title="bbox 1385 2158 2384 2209; baseline 0.002 -11"><span class='ocrx_word' id='word_1_415' title='bbox 1385 2159 1470 2198; x_wconf 82' lang='lat'>802.</span> <span class='ocrx_word' id='word_1_416' title='bbox 1499 2158 1742 2209; x_wconf 56' lang='lat' dir='ltr'>permiscuit]</span> <span class='ocrx_word' id='word_1_417' title='bbox 1774 2158 1980 2208; x_wconf 73' lang='lat' dir='ltr'>promiscuit</span> <span class='ocrx_word' id='word_1_418' title='bbox 2002 2158 2154 2197; x_wconf 75' lang='lat' dir='ltr'>Tliuan.</span> <span class='ocrx_word' id='word_1_419' title='bbox 2173 2158 2212 2196; x_wconf 86' lang='lat'>&amp;</span> <span class='ocrx_word' id='word_1_420' title='bbox 2236 2158 2384 2208; x_wconf 85' lang='lat' dir='ltr'>Sprotii.</span> 
     </span>
     <span class='ocr_line' id='line_1_67' title="bbox 1333 2210 1635 2260; baseline 0.003 -12"><span class='ocrx_word' id='word_1_421' title='bbox 1333 2210 1421 2249; x_wconf 86' lang='lat' dir='ltr'>hinc</span> <span class='ocrx_word' id='word_1_422' title='bbox 1435 2211 1635 2260; x_wconf 83' lang='lat' dir='ltr'>promiscue.</span> 
     </span>
    </p>

    <p class='ocr_par' dir='ltr' id='par_1_27' title="bbox 1387 2259 2247 2311">
     <span class='ocr_line' id='line_1_68' title="bbox 1387 2259 2247 2311; baseline 0.001 -13"><span class='ocrx_word' id='word_1_423' title='bbox 1387 2261 1473 2311; x_wconf 88' lang='lat'>803.</span> <span class='ocrx_word' id='word_1_424' title='bbox 1501 2269 1542 2299; x_wconf 82' lang='lat' dir='ltr'>In</span> <span class='ocrx_word' id='word_1_425' title='bbox 1559 2260 1727 2310; x_wconf 63' lang='lat' dir='ltr'>ultima]</span> <span class='ocrx_word' id='word_1_426' title='bbox 1758 2260 1823 2297; x_wconf 82' lang='lat' dir='ltr'>Ad</span> <span class='ocrx_word' id='word_1_427' title='bbox 1842 2260 1972 2298; x_wconf 85' lang='lat' dir='ltr'>ultima</span> <span class='ocrx_word' id='word_1_428' title='bbox 1991 2272 2084 2299; x_wconf 84' lang='lat' dir='ltr'>unus</span> <span class='ocrx_word' id='word_1_429' title='bbox 2104 2259 2247 2299; x_wconf 87' lang='lat' dir='ltr'>Medic.</span> 
     </span>
    </p>

    <p class='ocr_par' dir='ltr' id='par_1_28' title="bbox 1335 2311 2391 2412">
     <span class='ocr_line' id='line_1_69' title="bbox 1386 2311 2391 2362; baseline 0.001 -12"><span class='ocrx_word' id='word_1_430' title='bbox 1386 2313 1471 2360; x_wconf 80' lang='grc'><strong>804.</strong></span> <span class='ocrx_word' id='word_1_431' title='bbox 1500 2313 1709 2362; x_wconf 79' lang='lat' dir='ltr'>Tatiumque</span> <span class='ocrx_word' id='word_1_432' title='bbox 1744 2312 1900 2348; x_wconf 83' lang='lat' dir='ltr'>accedere</span> <span class='ocrx_word' id='word_1_433' title='bbox 1936 2311 2072 2361; x_wconf 65' lang='lat' dir='ltr'>regna]</span> <span class='ocrx_word' id='word_1_434' title='bbox 2112 2311 2225 2350; x_wconf 85' lang='lat' dir='ltr'>Liber</span> <span class='ocrx_word' id='word_1_435' title='bbox 2256 2316 2391 2359; x_wconf 55' lang='lat' dir='ltr'>meus}</span> 
     </span>
     <span class='ocr_line' id='line_1_70' title="bbox 1335 2362 2129 2412; baseline -0.001 -11"><span class='ocrx_word' id='word_1_436' title='bbox 1335 2365 1503 2401; x_wconf 85' lang='lat' dir='ltr'>Excedere</span> <span class='ocrx_word' id='word_1_437' title='bbox 1524 2378 1633 2412; x_wconf 73' lang='lat' dir='ltr'>regno.</span> <span class='ocrx_word' id='word_1_438' title='bbox 1665 2362 1836 2401; x_wconf 60' lang='lat' dir='ltr'>Cromu.</span> <span class='ocrx_word' id='word_1_439' title='bbox 1883 2364 1930 2401; x_wconf 85' lang='lat' dir='ltr'>Et</span> <span class='ocrx_word' id='word_1_440' title='bbox 1955 2365 2005 2402; x_wconf 84' lang='lat' dir='ltr'>ita</span> <span class='ocrx_word' id='word_1_441' title='bbox 2027 2363 2129 2401; x_wconf 68' lang='lat' dir='ltr'>octo.</span> 
     </span>
    </p>

    <p class='ocr_par' dir='ltr' id='par_1_29' title="bbox 1337 2413 2387 2505">
     <span class='ocr_line' id='line_1_71' title="bbox 1387 2413 2387 2465; baseline 0 -12"><span class='ocrx_word' id='word_1_442' title='bbox 1387 2415 1472 2464; x_wconf 80' lang='lat'>805.</span> <span class='ocrx_word' id='word_1_443' title='bbox 1502 2414 1720 2465; x_wconf 79' lang='lat' dir='ltr'>Occiderat.]</span> <span class='ocrx_word' id='word_1_444' title='bbox 1761 2414 1946 2452; x_wconf 84' lang='lat' dir='ltr'>Deciderat</span> <span class='ocrx_word' id='word_1_445' title='bbox 1977 2414 2079 2453; x_wconf 84' lang='lat' dir='ltr'>Basil.</span> <span class='ocrx_word' id='word_1_446' title='bbox 2109 2415 2148 2452; x_wconf 90' lang='lat'>&amp;</span> <span class='ocrx_word' id='word_1_447' title='bbox 2178 2413 2253 2452; x_wconf 87' lang='lat' dir='ltr'>duo</span> <span class='ocrx_word' id='word_1_448' title='bbox 2274 2413 2387 2453; x_wconf 80' lang='lat' dir='ltr'>Palat.</span> 
     </span>
     <span class='ocr_line' id='line_1_72' title="bbox 1337 2465 1696 2505; baseline -0.003 0"><span class='ocrx_word' id='word_1_449' title='bbox 1337 2465 1412 2505; x_wconf 88' lang='lat' dir='ltr'>vid.</span> <span class='ocrx_word' id='word_1_450' title='bbox 1435 2466 1480 2505; x_wconf 88' lang='lat' dir='ltr'>ad</span> <span class='ocrx_word' id='word_1_451' title='bbox 1501 2466 1561 2504; x_wconf 89' lang='lat' dir='ltr'>lib.</span> <span class='ocrx_word' id='word_1_452' title='bbox 1580 2479 1615 2504; x_wconf 85' lang='lat' dir='ltr'>x.</span> <span class='ocrx_word' id='word_1_453' title='bbox 1639 2479 1696 2505; x_wconf 89' lang='lat'>10.</span> 
     </span>
    </p>

    <p class='ocr_par' dir='ltr' id='par_1_30' title="bbox 1336 2515 2388 2613">
     <span class='ocr_line' id='line_1_73' title="bbox 1387 2515 2388 2567; baseline -0.001 -13"><span class='ocrx_word' id='word_1_454' title='bbox 1387 2517 1472 2555; x_wconf 68' lang='lat'>806.</span> <span class='ocrx_word' id='word_1_455' title='bbox 1501 2516 1633 2565; x_wconf 83' lang='lat' dir='ltr'>Caffide</span> <span class='ocrx_word' id='word_1_456' title='bbox 1654 2516 1843 2567; x_wconf 59' lang='lat' dir='ltr'>Mamm]</span> <span class='ocrx_word' id='word_1_457' title='bbox 1874 2515 2020 2566; x_wconf 80' lang='lat' dir='ltr'>Cuspide</span> <span class='ocrx_word' id='word_1_458' title='bbox 2038 2516 2209 2554; x_wconf 80' lang='lat' dir='ltr'>Francos.</span> <span class='ocrx_word' id='word_1_459' title='bbox 2224 2516 2261 2553; x_wconf 88' lang='lat'>&amp;</span> <span class='ocrx_word' id='word_1_460' title='bbox 2276 2515 2388 2564; x_wconf 52' lang='lat' dir='ltr'>Sproz</span> 
     </span>
     <span class='ocr_line' id='line_1_74' title="bbox 1336 2567 2158 2613; baseline -0.001 -7"><span class='ocrx_word' id='word_1_461' title='bbox 1336 2569 1388 2607; x_wconf 88' lang='lat' dir='ltr'>tii.</span> <span class='ocrx_word' id='word_1_462' title='bbox 1406 2568 1536 2607; x_wconf 84' lang='lat' dir='ltr'>eadem</span> <span class='ocrx_word' id='word_1_463' title='bbox 1559 2568 1743 2607; x_wconf 83' lang='lat' dir='ltr'>diverfitas</span> <span class='ocrx_word' id='word_1_464' title='bbox 1755 2581 1818 2606; x_wconf 79' lang='lat'>111.</span> <span class='ocrx_word' id='word_1_465' title='bbox 1849 2568 1938 2606; x_wconf 72' lang='lat' dir='ltr'>Fast.</span> <span class='ocrx_word' id='word_1_466' title='bbox 1959 2567 1992 2606; x_wconf 83' lang='lat'>8.</span> <span class='ocrx_word' id='word_1_467' title='bbox 2013 2567 2050 2605; x_wconf 72' lang='grc' dir='ltr'>δί</span> <span class='ocrx_word' id='word_1_468' title='bbox 2077 2579 2158 2613; x_wconf 88' lang='lat'>171.</span> 
     </span>
    </p>

    <p class='ocr_par' dir='ltr' id='par_1_31' title="bbox 1388 2613 2387 2669">
     <span class='ocr_line' id='line_1_75' title="bbox 1388 2613 2387 2669; baseline -0.004 -12"><span class='ocrx_word' id='word_1_469' title='bbox 1388 2620 1473 2664; x_wconf 81' lang='lat'>807.</span> <span class='ocrx_word' id='word_1_470' title='bbox 1501 2619 1697 2669; x_wconf 82' lang='lat' dir='ltr'>Adfatur.]</span> <span class='ocrx_word' id='word_1_471' title='bbox 1727 2613 2387 2669; x_wconf 78' lang='lat' dir='ltr'>Alloquiturpriin.Gron.&amp;Thyfii.</span> 
     </span>
    </p>

    <p class='ocr_par' dir='ltr' id='par_1_32' title="bbox 1338 2665 2388 2769">
     <span class='ocr_line' id='line_1_76' title="bbox 1389 2665 2388 2720; baseline -0.006 -13"><span class='ocrx_word' id='word_1_472' title='bbox 1389 2670 1477 2717; x_wconf 77' lang='lat'>807.</span> <span class='ocrx_word' id='word_1_473' title='bbox 1505 2671 1713 2720; x_wconf 82' lang='lat' dir='ltr'>Divumque</span> <span class='ocrx_word' id='word_1_474' title='bbox 1741 2670 1990 2719; x_wconf 80' lang='lat' dir='ltr'>hominumque</span> <span class='ocrx_word' id='word_1_475' title='bbox 2011 2665 2231 2719; x_wconf 70' lang='lat' dir='ltr'>parentem]</span> <span class='ocrx_word' id='word_1_476' title='bbox 2262 2671 2388 2702; x_wconf 83' lang='lat' dir='ltr'>Poten-</span> 
     </span>
     <span class='ocr_line' id='line_1_77' title="bbox 1338 2717 2283 2769; baseline -0.006 -11"><span class='ocrx_word' id='word_1_477' title='bbox 1338 2730 1408 2758; x_wconf 85' lang='lat' dir='ltr'>tem</span> <span class='ocrx_word' id='word_1_478' title='bbox 1431 2721 1609 2759; x_wconf 84' lang='lat' dir='ltr'>secundus</span> <span class='ocrx_word' id='word_1_479' title='bbox 1630 2722 1777 2769; x_wconf 82' lang='lat' dir='ltr'>Regius.</span> <span class='ocrx_word' id='word_1_480' title='bbox 1803 2732 1880 2758; x_wconf 90' lang='lat' dir='ltr'>non</span> <span class='ocrx_word' id='word_1_481' title='bbox 1902 2720 2104 2758; x_wconf 81' lang='lat' dir='ltr'>invenuste.</span> <span class='ocrx_word' id='word_1_482' title='bbox 2133 2717 2283 2754; x_wconf 63' lang='lat' dir='ltr'>Heius.</span> 
     </span>
    </p>

    <p class='ocr_par' dir='ltr' id='par_1_33' title="bbox 1338 2767 2387 2870">
     <span class='ocr_line' id='line_1_78' title="bbox 1392 2767 2387 2820; baseline -0.003 -11"><span class='ocrx_word' id='word_1_483' title='bbox 1392 2772 1477 2810; x_wconf 83' lang='lat'>808.</span> <span class='ocrx_word' id='word_1_484' title='bbox 1507 2771 1697 2820; x_wconf 55' lang='lat' dir='ltr'>⁴{Quondam</span> <span class='ocrx_word' id='word_1_485' title='bbox 1720 2771 1935 2815; x_wconf 81' lang='lat' dir='ltr'>fundamine</span> <span class='ocrx_word' id='word_1_486' title='bbox 1952 2767 2111 2817; x_wconf 62' lang='lat' dir='ltr'>magum]</span> <span class='ocrx_word' id='word_1_487' title='bbox 2143 2767 2322 2815; x_wconf 58' lang='lat' dir='ltr'>Qtoniam</span> <span class='ocrx_word' id='word_1_488' title='bbox 2342 2778 2387 2806; x_wconf 78' lang='lat' dir='ltr'>ex</span> 
     </span>
     <span class='ocr_line' id='line_1_79' title="bbox 1338 2818 2207 2870; baseline -0.008 -9"><span class='ocrx_word' id='word_1_489' title='bbox 1338 2824 1487 2870; x_wconf 77' lang='lat' dir='ltr'>scriptis.</span> <span class='ocrx_word' id='word_1_490' title='bbox 1516 2826 1629 2860; x_wconf 75' lang='lat' dir='ltr'>lDEM.</span> <span class='ocrx_word' id='word_1_491' title='bbox 1658 2822 1877 2859; x_wconf 79' lang='lat' dir='ltr'>Fundamine</span> <span class='ocrx_word' id='word_1_492' title='bbox 1898 2820 1991 2866; x_wconf 76' lang='lat' dir='ltr'><em>longo</em></span> <span class='ocrx_word' id='word_1_493' title='bbox 2014 2819 2089 2855; x_wconf 87' lang='lat' dir='ltr'>duo</span> <span class='ocrx_word' id='word_1_494' title='bbox 2115 2818 2207 2855; x_wconf 82' lang='lat' dir='ltr'>libri.</span> 
     </span>
    </p>

    <p class='ocr_par' dir='ltr' id='par_1_34' title="bbox 1339 2867 2391 3021">
     <span class='ocr_line' id='line_1_80' title="bbox 1392 2867 2388 2920; baseline -0.006 -9"><span class='ocrx_word' id='word_1_495' title='bbox 1392 2874 1478 2920; x_wconf 78' lang='grc'><strong>309.</strong></span> <span class='ocrx_word' id='word_1_496' title='bbox 1507 2879 1665 2909; x_wconf 81' lang='lat' dir='ltr'>Romana</span> <span class='ocrx_word' id='word_1_497' title='bbox 1686 2870 1820 2919; x_wconf 84' lang='lat' dir='ltr'>valet.]</span> <span class='ocrx_word' id='word_1_498' title='bbox 1852 2869 1943 2917; x_wconf 77' lang='lat' dir='ltr'>Viget</span> <span class='ocrx_word' id='word_1_499' title='bbox 1962 2868 2064 2905; x_wconf 72' lang='lat' dir='ltr'>Bafil.</span> <span class='ocrx_word' id='word_1_500' title='bbox 2084 2868 2129 2906; x_wconf 85' lang='lat' dir='ltr'>de</span> <span class='ocrx_word' id='word_1_501' title='bbox 2147 2880 2225 2918; x_wconf 86' lang='lat' dir='ltr'>quo</span> <span class='ocrx_word' id='word_1_502' title='bbox 2247 2868 2322 2906; x_wconf 73' lang='lat' dir='ltr'>vid.</span> <span class='ocrx_word' id='word_1_503' title='bbox 2341 2867 2388 2905; x_wconf 82' lang='lat' dir='ltr'>ad</span> 
     </span>
     <span class='ocr_line' id='line_1_81' title="bbox 1340 2919 2391 2968; baseline -0.006 -6"><span class='ocrx_word' id='word_1_504' title='bbox 1340 2937 1385 2962; x_wconf 73' lang='lat'>11.</span> <span class='ocrx_word' id='word_1_505' title='bbox 1409 2936 1453 2961; x_wconf 81' lang='lat' dir='ltr'>ex</span> <span class='ocrx_word' id='word_1_506' title='bbox 1474 2925 1645 2961; x_wconf 79' lang='lat' dir='ltr'>Pont.11.</span> <span class='ocrx_word' id='word_1_507' title='bbox 1672 2934 1753 2968; x_wconf 83' lang='lat'>109.</span> <span class='ocrx_word' id='word_1_508' title='bbox 1782 2931 1900 2957; x_wconf 81' lang='lat' dir='ltr'>manet</span> <span class='ocrx_word' id='word_1_509' title='bbox 1922 2919 2092 2957; x_wconf 68' lang='lat' dir='ltr'>Francos.</span> <span class='ocrx_word' id='word_1_510' title='bbox 2111 2920 2149 2956; x_wconf 67' lang='grc' dir='ltr'>δε</span> <span class='ocrx_word' id='word_1_511' title='bbox 2165 2920 2391 2966; x_wconf 59' lang='grc' dir='ltr'>υῃιιεΗείηιῑ</span> 
     </span>
     <span class='ocr_line' id='line_1_82' title="bbox 1339 2972 1905 3021; baseline -0.009 -9"><span class='ocrx_word' id='word_1_512' title='bbox 1339 2975 1390 3012; x_wconf 83' lang='lat' dir='ltr'>sii.</span> <span class='ocrx_word' id='word_1_513' title='bbox 1415 2975 1462 3011; x_wconf 89' lang='lat' dir='ltr'>ita</span> <span class='ocrx_word' id='word_1_514' title='bbox 1481 2973 1577 3021; x_wconf 86' lang='lat' dir='ltr'>apud</span> <span class='ocrx_word' id='word_1_515' title='bbox 1600 2972 1730 3009; x_wconf 81' lang='lat' dir='ltr'>Manil.</span> <span class='ocrx_word' id='word_1_516' title='bbox 1752 2984 1798 3008; x_wconf 90' lang='lat'>11.</span> <span class='ocrx_word' id='word_1_517' title='bbox 1820 2983 1905 3020; x_wconf 78' lang='grc'><strong>399.</strong></span> 
     </span>
    </p>

    <p class='ocr_par' dir='ltr' id='par_1_35' title="bbox 1390 3019 2339 3073">
     <span class='ocr_line' id='line_1_83' title="bbox 1390 3019 2339 3073; baseline -0.003 -13"><span class='ocrx_word' id='word_1_518' title='bbox 1390 3029 1445 3060; x_wconf 86' lang='lat' dir='ltr'>Ex</span> <span class='ocrx_word' id='word_1_519' title='bbox 1463 3023 1556 3071; x_wconf 78' lang='lat' dir='ltr'><em>longo</em></span> <span class='ocrx_word' id='word_1_520' title='bbox 1577 3035 1695 3060; x_wconf 79' lang='lat' dir='ltr'>tamen</span> <span class='ocrx_word' id='word_1_521' title='bbox 1713 3022 1776 3059; x_wconf 77' lang='lat' dir='ltr'>illa</span> <span class='ocrx_word' id='word_1_522' title='bbox 1796 3022 1919 3059; x_wconf 67' lang='lat' dir='ltr'>valent</span> <span class='ocrx_word' id='word_1_523' title='bbox 1941 3021 2098 3073; x_wconf 79' lang='lat' dir='ltr'>viresque</span> <span class='ocrx_word' id='word_1_524' title='bbox 2115 3019 2315 3068; x_wconf 60' lang='lat' dir='ltr'>ministrant</span> <span class='ocrx_word' id='word_1_525' title='bbox 2327 3048 2339 3066; x_wconf 92' lang='lat'>,</span> 
     </span>
    </p>

    <p class='ocr_par' dir='ltr' id='par_1_36' title="bbox 1341 3072 1904 3173">
     <span class='ocr_line' id='line_1_84' title="bbox 1391 3072 1865 3122; baseline -0.002 -12"><span class='ocrx_word' id='word_1_526' title='bbox 1391 3074 1449 3111; x_wconf 79' lang='lat' dir='ltr'>Vel</span> <span class='ocrx_word' id='word_1_527' title='bbox 1469 3073 1550 3110; x_wconf 82' lang='lat' dir='ltr'>bello</span> <span class='ocrx_word' id='word_1_528' title='bbox 1571 3075 1629 3110; x_wconf 83' lang='lat' dir='ltr'>vel</span> <span class='ocrx_word' id='word_1_529' title='bbox 1645 3083 1746 3122; x_wconf 81' lang='lat' dir='ltr'>pace,</span> <span class='ocrx_word' id='word_1_530' title='bbox 1770 3072 1865 3121; x_wconf 72' lang='lat' dir='ltr'>suas,</span> 
     </span>
     <span class='ocr_line' id='line_1_85' title="bbox 1341 3125 1904 3173; baseline -0.007 -9"><span class='ocrx_word' id='word_1_531' title='bbox 1341 3125 1400 3164; x_wconf 84' lang='lat' dir='ltr'>ubi</span> <span class='ocrx_word' id='word_1_532' title='bbox 1424 3125 1558 3173; x_wconf 77' lang='lat' dir='ltr'>vulgo,</span> <span class='ocrx_word' id='word_1_533' title='bbox 1588 3135 1742 3160; x_wconf 64' lang='lat' dir='ltr'>maneat.</span> <span class='ocrx_word' id='word_1_534' title='bbox 1774 3125 1904 3161; x_wconf 64' lang='lat' dir='ltr'>ssumr.</span> 
     </span>
    </p>

    <p class='ocr_par' dir='ltr' id='par_1_37' title="bbox 1344 3172 2399 3415">
     <span class='ocr_line' id='line_1_86' title="bbox 1392 3172 2399 3224; baseline -0.002 -11"><span class='ocrx_word' id='word_1_535' title='bbox 1392 3176 1476 3219; x_wconf 72' lang='lat'>800.</span> <span class='ocrx_word' id='word_1_536' title='bbox 1505 3181 1551 3211; x_wconf 68' lang='lat' dir='ltr'>lit</span> <span class='ocrx_word' id='word_1_537' title='bbox 1578 3174 1730 3224; x_wconf 74' lang='lat' dir='ltr'>praefide</span> <span class='ocrx_word' id='word_1_538' title='bbox 1758 3175 1883 3223; x_wconf 74' lang='lat' dir='ltr'>pendet</span> <span class='ocrx_word' id='word_1_539' title='bbox 1919 3175 1965 3212; x_wconf 78' lang='lat' dir='ltr'>ab</span> <span class='ocrx_word' id='word_1_540' title='bbox 1993 3173 2099 3223; x_wconf 64' lang='lat' dir='ltr'>una]</span> <span class='ocrx_word' id='word_1_541' title='bbox 2148 3179 2220 3210; x_wconf 73' lang='lat' dir='ltr'>Nee</span> <span class='ocrx_word' id='word_1_542' title='bbox 2243 3172 2399 3224; x_wconf 69' lang='lat' dir='ltr'>praeside</span> 
     </span>
     <span class='ocr_line' id='line_1_87' title="bbox 1344 3225 2390 3278; baseline -0.003 -13"><span class='ocrx_word' id='word_1_543' title='bbox 1344 3236 1490 3278; x_wconf 72' lang='lat' dir='ltr'>quartus</span> <span class='ocrx_word' id='word_1_544' title='bbox 1514 3227 1653 3264; x_wconf 77' lang='lat' dir='ltr'>Medic.</span> <span class='ocrx_word' id='word_1_545' title='bbox 1674 3226 1784 3264; x_wconf 69' lang='lat' dir='ltr'>recte.</span> <span class='ocrx_word' id='word_1_546' title='bbox 1802 3226 1889 3263; x_wconf 74' lang='lat' dir='ltr'>Fast.</span> <span class='ocrx_word' id='word_1_547' title='bbox 1905 3239 1949 3263; x_wconf 81' lang='lat'>11.</span> <span class='ocrx_word' id='word_1_548' title='bbox 1967 3227 2051 3275; x_wconf 73' lang='lat'>483.</span> <span class='ocrx_word' id='word_1_549' title='bbox 2066 3227 2165 3262; x_wconf 80' lang='lat' dir='ltr'>Mars</span> <span class='ocrx_word' id='word_1_550' title='bbox 2185 3225 2228 3262; x_wconf 85' lang='lat' dir='ltr'>ad</span> <span class='ocrx_word' id='word_1_551' title='bbox 2241 3225 2390 3270; x_wconf 77' lang='lat' dir='ltr'>jovem:</span> 
     </span>
     <span class='ocr_line' id='line_1_88' title="bbox 1394 3275 2349 3328; baseline -0.001 -14"><span class='ocrx_word' id='word_1_552' title='bbox 1394 3278 1562 3326; x_wconf 73' lang='lat' dir='ltr'>Jupiter,</span> <span class='ocrx_word' id='word_1_553' title='bbox 1591 3279 1707 3328; x_wconf 83' lang='lat' dir='ltr'>inquit</span> <span class='ocrx_word' id='word_1_554' title='bbox 1722 3305 1732 3320; x_wconf 89' lang='lat'>,</span> <span class='ocrx_word' id='word_1_555' title='bbox 1761 3276 1861 3313; x_wconf 73' lang='lat' dir='ltr'>habet</span> <span class='ocrx_word' id='word_1_556' title='bbox 1886 3283 2044 3314; x_wconf 81' lang='lat' dir='ltr'>Romana</span> <span class='ocrx_word' id='word_1_557' title='bbox 2058 3276 2213 3326; x_wconf 82' lang='lat' dir='ltr'>potentia</span> <span class='ocrx_word' id='word_1_558' title='bbox 2234 3275 2349 3312; x_wconf 80' lang='lat' dir='ltr'>vires:</span> 
     </span>
     <span class='ocr_line' id='line_1_89' title="bbox 1446 3327 2279 3415; baseline -0.006 -49"><span class='ocrx_word' id='word_1_559' title='bbox 1446 3328 1631 3379; x_wconf 81' lang='lat' dir='ltr'>Sanguinis</span> <span class='ocrx_word' id='word_1_560' title='bbox 1649 3328 1751 3377; x_wconf 83' lang='lat' dir='ltr'>officio</span> <span class='ocrx_word' id='word_1_561' title='bbox 1772 3342 1840 3366; x_wconf 77' lang='lat' dir='ltr'>non</span> <span class='ocrx_word' id='word_1_562' title='bbox 1860 3340 1928 3378; x_wconf 75' lang='lat' dir='ltr'>eget</span> <span class='ocrx_word' id='word_1_563' title='bbox 1944 3328 2008 3368; x_wconf 82' lang='lat' dir='ltr'>illa</span> <span class='ocrx_word' id='word_1_564' title='bbox 2025 3328 2105 3367; x_wconf 86' lang='lat' dir='ltr'>mei.</span> <span class='ocrx_word' id='word_1_565' title='bbox 2134 3327 2279 3415; x_wconf 51' lang='lat' dir='ltr'>HEt-zius.</span> 
     </span>
    </p>

    <p class='ocr_par' dir='ltr' id='par_1_38' title="bbox 2201 3379 2387 3416">
     <span class='ocr_line' id='line_1_90' title="bbox 2201 3379 2387 3416; baseline -0.016 0"><span class='ocrx_word' id='word_1_566' title='bbox 2201 3389 2257 3416; x_wconf 86' lang='lat'>10.</span> <span class='ocrx_word' id='word_1_567' title='bbox 2282 3379 2387 3414; x_wconf 57' lang='lat' dir='ltr'>Praſs</span> 
     </span>
    </p>
   </div>
  </div>
 </body>
</html>
