2483 3616
304 183 1545 255 METAMORPHOSEON
1618 189 1758 246 Lm.

1831 193 1912 252 111.
1931 281 1935 283 ‚

2091 216 2184 254 211

208 313 310 367 455
347 295 542 364 Quove
563 283 760 361 petitus
782 287 922 342 abis?
954 300 1103 343 certe
1126 305 1227 343 nec
1252 285 1454 356 forma,
1482 305 1584 344 nec
1607 301 1749 345 aetas

350 364 442 422 Est
465 381 610 430 mea,
635 378 797 434 quam
818 360 1018 433 fugias;
1044 361 1101 415 &
1125 374 1364 416 amarunt
1385 378 1474 416 me
1498 380 1718 444 quoque
1742 363 2036 438 Nymphae.

346 439 507 511 Spem
530 434 661 491 mihi
687 434 866 490 nescio
891 452 1052 508 quam
1078 437 1229 490 vultu
1251 435 1518 507 promittis
1545 453 1746 491 amico:

343 510 595 583 Cumque
623 526 726 582 ego
747 507 963 580 porrexi
988 507 1085 562 tibi
1108 507 1348 576 brachia,
1384 509 1610 581 porrigis
1634 509 1804 563 ultro:

344 583 490 639 Cum
516 582 598 638 rifi
613 622 628 648 ,
652 581 877 637 adrideS.
902 580 1138 637 lacrimas
1163 599 1382 654 quoque
1407 582 1558 655 saepe
1581 582 1765 636 notavi

203 661 307 729 460
343 657 444 713 Me
473 657 800 725 lacrimante,
826 667 960 710 tuaS.
983 654 1128 710 nictu
1153 672 1371 728 quoque
1394 654 1536 727 figna
1560 654 1815 711 remittis:

349 730 451 798 Et,
479 742 739 804 quantum
762 741 917 783 motu
940 727 1160 783 formosi
1183 728 1413 800 suspicor
1439 729 1575 797 oris,

345 803 529 860 Verba
555 803 749 870 referS‚
776 819 925 857 aures
951 819 1062 856 non
1084 802 1450 874 pervenientia
1473 801 1688 856 nostras,

344 875 405 930 In
427 890 482 930 te
507 894 611 948 ego
637 875 778 943 sum,
803 873 957 930 senfi:
983 892 1083 929 nec
1111 892 1197 928 me
1223 893 1341 929 mea
1367 874 1495 930 fallit
1517 875 1711 946 imago,

338 948 485 1004 Uror
511 967 691 1004 amore
721 949 842 1002 mei.
869 946 1105 1002 flammas
1131 965 1438 1020 moveoque
1462 947 1702 1019 feroque.

199 1026 301 1091 465
343 1022 492 1093 Quid
518 1022 735 1078 faciam?
763 1038 949 1092 roger,
972 1037 1107 1074 anne
1132 1021 1352 1090 rogem?
1380 1020 1508 1092 quid
1536 1020 1734 1073 deinde
1760 1020 1993 1093 rogabo?

344 1096 513 1168 Quod
539 1096 699 1167 cupio
724 1110 937 1148 mecum
962 1092 1066 1158 est,
1103 1092 1322 1164 inopem
1347 1110 1434 1146 me
1462 1092 1617 1164 copia
1646 1092 1790 1149 feeit.

60 1283 289 1323 cubrationes
310 1297 330 1322 a
354 1283 458 1322 nobis
477 1283 606 1321 dantur
620 1311 631 1328 ,
659 1280 823 1330 ejusdem
844 1280 994 1333 Apuleji
1015 1278 1096 1329 pul-

61 1335 282 1373 cherrimum
303 1337 550 1383 fragmentum
566 1363 576 1378 ,
603 1333 704 1383 quod
734 1332 935 1371 Alexandri
964 1332 1096 1380 Magni

60 1385 220 1423 laudibus
239 1386 363 1422 datum
387 1385 458 1430 est,
485 1386 594 1422 tribus
617 1391 824 1433 quatuorve
852 1382 975 1420 naevis
1005 1382 1096 1419 libe-

58 1446 190 1474 remus.
218 1436 321 1485 quod
341 1435 496 1485 sequitur
527 1443 656 1473 metuo
678 1442 718 1472 ut
747 1434 787 1472 sit
815 1434 966 1471 sanum:
997 1439 1094 1469 Nam

51 1486 146 1535 filus
164 1501 185 1523 a
206 1487 339 1524 condito
371 1500 457 1523 aevo
482 1514 492 1531 ,
517 1499 694 1537 quantum
716 1484 899 1522 hominum
930 1483 1094 1521 memoria

58 1536 168 1584 exstat
193 1565 203 1582 ,
238 1537 515 1587 inexsuperabilis
536 1537 672 1586 imperio
705 1536 792 1573 orbis
829 1537 961 1573 anetus.
999 1545 1094 1583 quo-

58 1598 146 1624 nam
180 1587 297 1626 modo
338 1587 438 1625 enim
479 1586 740 1637 inexsuperabili
770 1586 907 1636 imperio
942 1588 1091 1622 auffus?

59 1638 161 1687 quod
180 1638 295 1676 statim
323 1638 367 1675 ab
388 1636 532 1675 exceffu
561 1639 636 1687 ejus
668 1637 830 1674 dirutum
854 1648 895 1674 ac
923 1635 1092 1684 profliga-

60 1695 141 1726 tum
164 1687 231 1726 fit?
258 1690 368 1726 Forte
393 1688 644 1732 scribendum,
664 1688 757 1737 solus
786 1701 807 1724 a
831 1688 962 1724 condito
982 1700 1093 1731 aevo,

58 1749 232 1789 quantum
252 1739 432 1777 hominum
454 1740 637 1776 memoriae
658 1738 781 1786 restat,
808 1738 1094 1788 inexaequipara-

58 1789 120 1825 bili
149 1789 284 1840 imperio
305 1790 393 1827 orbis
411 1793 543 1828 aufius.
571 1790 733 1838 Imperio
758 1789 905 1833 auctus,
938 1789 997 1825 cui
1028 1799 1094 1825 ne-

59 1851 125 1877 mo
147 1841 231 1877 alius
252 1840 366 1878 fimile
401 1848 463 1877 aut
482 1852 545 1890 par
564 1840 734 1878 obtinuit.
765 1839 826 1877 sed
855 1848 896 1876 ut
924 1839 1000 1876 hoc
1026 1849 1093 1887 pro

56 1899 160 1927 certo
190 1903 267 1929 non
286 1891 465 1928 affirmem
482 1920 491 1935 ,
518 1891 568 1928 ita
596 1899 737 1929 certum
770 1890 818 1928 est
849 1902 894 1927 ex
914 1889 1031 1927 veteri
1052 1889 1095 1926 li-

58 1941 125 1978 bro
144 1952 234 1979 mox
256 1942 386 1991 reponi
407 1941 539 1980 debere
552 1970 562 1987 ‚
589 1956 630 1979 ne
650 1941 710 1993 qui
729 1941 868 1990 effigiem
889 1941 972 1990 regis
991 1951 1095 1977 teme-

48 2006 93 2029 .νε
113 1990 322 2038 affimilaret.
346 2004 412 2041 pro
435 2004 481 2030 eo
506 2020 516 2038 ,
545 1993 630 2043 quin
651 1993 748 2042 saepe
768 1992 862 2040 solus
887 2006 963 2029 eum
994 1990 1096 2039 Poly-

53 2042 160 2079 cletus
180 2057 255 2080 aere
277 2044 411 2080 duceret
434 2072 444 2088 ‚
470 2044 573 2093 quod
602 2043 823 2080 mendosum
851 2042 900 2079 est
925 2071 935 2088 ‚
962 2043 1096 2090 opinor

58 2092 285 2130 scribendum
334 2093 403 2131 effe
437 2122 448 2139 ,
484 2095 599 2144 quippe
641 2093 735 2143 solus
775 2107 862 2131 eam.
923 2104 1010 2130 nam
1056 2092 1094 2129 in

59 2143 175 2180 veteri
204 2144 334 2181 codice
364 2143 412 2181 est
434 2172 444 2188 ,
472 2145 558 2195 quin
579 2144 652 2194 ipse.
677 2145 738 2181 De
757 2143 950 2193 Polycleto
970 2151 1095 2180 autem

59 2189 171 2240 lapsus
198 2195 402 2232 memoriae
429 2195 500 2239 est,
526 2206 612 2232 cum
634 2195 806 2243 Lycippo
827 2194 887 2231 alii
904 2193 1093 2242 scriptores

59 2253 137 2279 uno
158 2243 328 2281 consensu
346 2244 383 2282 id
401 2245 570 2283 tribuant.
598 2251 738 2282 Praeter
756 2245 815 2282 hos‘
845 2255 911 2281 tres
932 2272 942 2288 ,
963 2242 999 2293 fi
1016 2244 1093 2294 quis

59 2292 192 2342 uspiam
225 2294 420 2342 reperiretur
446 2295 592 2345 imagini
633 2296 716 2345 regis
763 2308 912 2333 manum
943 2295 1093 2331 admoli-

58 2353 115 2379 tur
129 2371 138 2386 ‚
166 2343 263 2380 haud
275 2345 371 2392 secus
402 2345 438 2380 in
459 2360 535 2382 eum
549 2375 560 2390 ,
589 2360 697 2395 quam
719 2346 756 2384 in
770 2345 977 2395 sacrilegum
1008 2346 1091 2382 vin-

56 2394 246 2431 dicaturus.
272 2405 400 2442 parum
430 2394 561 2432 Latine
589 2396 614 2432 si
644 2396 732 2445 quid
750 2397 875 2434 video.
909 2397 1026 2444 prima
1056 2408 1095 2433 e-

46 2443 148 2480 ditio
161 2472 173 2486 ,
198 2445 474 2481 vindicaturum.
505 2446 612 2493 Lego
626 2447 869 2490 ,vindicatum
889 2448 945 2483 iri.
966 2452 1014 2482 Eo
1031 2447 1095 2495 igi—

55 2504 117 2530 tur
138 2495 231 2530 omni
254 2506 347 2531 metu
362 2497 504 2542 filetum
518 2495 626 2543 ,solus
638 2496 842 2533 Alexander
861 2506 900 2532 ut
922 2496 1044 2546 ubique
1063 2497 1093 2532 i-

21 2552 24 2553 ’
57 2545 238 2592 maginum
250 2547 413 2594 summus
444 2545 528 2594 effer.
555 2546 678 2595 ubique
700 2544 902 2595 fimillimus
932 2546 1005 2594 effer
1027 2558 1091 2583 CO-

56 2594 129 2632 dex
147 2595 392 2634 Florentinus.
414 2597 507 2633 Puto
522 2624 532 2640 ,
560 2607 601 2632 ut
616 2596 740 2646 ubique
763 2597 956 2645 imaginum
970 2596 1029 2646 sui
1041 2594 1092 2644 fi-

57 2645 234 2683 millimus.
262 2646 327 2683 nisi
349 2647 480 2691 mavis,
494 2646 580 2694 suus
601 2646 698 2694 esset,
725 2648 801 2684 hoc
830 2646 879 2683 est
906 2645 969 2683 fibi
1001 2658 1092 2683 con—

56 2695 183 2740 staret,
209 2697 243 2734 se
263 2697 423 2734 referret.
444 2708 512 2745 pro
534 2708 580 2734 eo
599 2696 701 2745 quod
722 2696 895 2746 sequitur,
921 2697 1014 2733 idem
1035 2697 1093 2733 in-

52 2747 191 2795 genium
211 2748 372 2785 maximi
403 2747 538 2784 honoris
562 2775 572 2791 ‚
609 2747 866 2796 reponendum
890 2775 900 2791 ,
940 2747 1091 2783 maximi

58 2796 174 2834 herois.
201 2798 313 2835 Nunc
333 2797 379 2836 ad
402 2798 591 2836 Nasonem
614 2806 850 2835 revertamur.
887 2798 1092 2835 Hnmsms.

64 2848 65 2851 ’
106 2848 189 2895 456.
216 2852 263 2884 Et
285 2858 455 2885 amarunt
485 2862 538 2885 me
559 2862 687 2899 quoque
709 2848 931 2898 Nymphae]
970 2849 1092 2897 Argu-

57 2905 225 2935 mentum
245 2898 265 2935 Ξι
289 2898 426 2936 minori
443 2898 643 2936 secundum
663 2899 899 2937 Aristotelem
923 2913 932 2937 ι
977 2907 1012 2936 at
1039 2899 1092 2936 se-

59 2946 221 2985 cundum
242 2948 488 2995 Ciceronem,
514 2948 535 2986 a
555 2950 699 2999 majori.
730 2952 950 2987 Cxofmus.

111 2998 195 3051 461.
218 3003 265 3035 Et
286 3010 460 3050 quantum
482 3000 616 3049 motu]
658 3001 706 3038 Et
725 3000 785 3038 hic
821 3012 910 3037 nutu
940 3000 1092 3049 quidam

62 3046 206 3085 codices
241 3058 418 3098 repetunt.
453 3049 514 3088 sed
542 3050 661 3088 codex
693 3052 867 3097 Junianus
905 3051 1060 3088 habebat
1084 3079 1094 3096 ,

64 3096 182 3151 niciae,
209 3099 310 3146 quod
337 3101 479 3150 elegans
501 3101 539 3138 &
562 3102 767 3139 amantium
790 3102 935 3139 nutibus
956 3113 1097 3139 conve-

62 3154 218 3183 mcntlus
249 3157 351 3196 puto.
378 3151 426 3189 ita
448 3150 592 3189 Plautus
618 3151 722 3200 saepe
741 3153 779 3189 in
810 3152 1014 3189 amantium
1042 3160 1096 3189 ta—

64 3196 141 3232 citis
170 3196 358 3254 colloquiis
382 3228 392 3245 ,
421 3213 515 3251 quae
544 3213 607 3250 per
629 3201 726 3250 signa
742 3202 834 3239 fiunt
855 3231 865 3246 ‚
903 3213 1028 3239 nutare
1055 3205 1094 3240 &

64 3247 195 3282 nistrare
225 3251 425 3297 conjungit.
451 3260 490 3288 ut
511 3262 634 3288 nutare
655 3251 701 3288 ad
722 3261 829 3300 caput
855 3261 978 3290 totum
1003 3280 1014 3297 ‚
1034 3249 1097 3290 'ni-

64 3299 157 3335 ctare
179 3296 225 3336 ad
246 3306 395 3337 motum
425 3301 618 3341 oculorum
633 3330 644 3349 ‚
657 3301 731 3341 five
752 3303 822 3340 oris
845 3303 900 3352 <ut
915 3303 974 3342 hic
989 3314 1094 3342 :nam

2137 1164 2192 1220 O

1153 1279 1192 1318 δε
1210 1278 1428 1318 subridendo
1447 1279 1512 1325 fit)
1540 1280 1726 1318 referatur.
1750 1280 1890 1319 Asinar.
1911 1293 1962 1319 1v.
1983 1293 2011 1319 1.
2036 1292 2095 1331 39.
2117 1283 2192 1319 Ne:

1152 1345 1216 1381 que
1237 1331 1300 1368 illa
1323 1331 1388 1367 ulli
1414 1331 1547 1367 homini
1581 1342 1679 1368 nutet
1701 1359 1712 1376 ,
1741 1333 1845 1369 niHet
1865 1362 1875 1377 ‚
1914 1343 2064 1370 annuat.
2101 1332 2191 1370 Me-

1151 1383 1280 1419 naech.
1293 1394 1418 1419 1v.111.
1431 1394 1491 1430 49.
1503 1389 1584 1418 Non
1595 1382 1702 1419 hercle
1713 1396 1766 1431 ego
1779 1384 1915 1433 quidem
1933 1383 2083 1434 us-”quam
2094 1384 2190 1434 quic-

1151 1446 1258 1482 quam
1281 1443 1364 1469 nuto
1385 1445 1490 1482 neque
1525 1433 1613 1469 nitio
1633 1432 1710 1471 tibi.
1733 1434 1850 1470 Merc.
1876 1445 1921 1470 11.
1945 1446 2008 1471 111.
2032 1445 2089 1478 72.
2111 1446 2190 1471 con-

1150 1483 1311 1533 templent
1326 1483 1552 1532 ,conspiciant
1573 1497 1706 1528 omnes,
1736 1494 1860 1521 nutent
1883 1512 1893 1528 ‚
1923 1485 2052 1521 metent
2075 1513 2086 1529 ,
2104 1483 2191 1533 fibi·

1148 1533 1232 1570 lent.
1259 1534 1379 1571 Festus
1394 1534 1547 1579 ‚nictare
1569 1546 1612 1574 ω’
1632 1534 1805 1572 oculorum
1838 1547 1880 1575 cf
1907 1534 2057 1572 aliorum
2080 1548 2188 1572 meW

1148 1584 1289 1622 brorum
1312 1584 1387 1633 nistt
1398 1585 1496 1634 fizepe
1526 1585 1663 1635 aliquid
1694 1586 1809 1624 conari
1830 1586 1963 1622 dietum
1985 1585 2027 1633 est
2048 1585 2093 1622 ab
2124 1600 2190 1622 an-

1148 1635 1267 1685 tiquis.
1293 1636 1340 1673 fic
1362 1636 1400 1673 ὅς
1419 1636 1478 1673 lib.
1501 1648 1528 1673 1.
1548 1637 1630 1673 Art.
1649 1636 1738 1675 Am.
1755 1637 1835 1686 138.
1861 1637 1899 1673 in
1921 1636 2029 1673 MSS.
2057 1649 2116 1672 nec
2127 1636 2191 1672 tibi

1141 1694 1203 1735 per
1215 1687 1327 1724 nicius
1346 1686 1539 1736 accipienda
1559 1697 1641 1723 nota
1653 1687 1707 1735 est.
1728 1687 1788 1725 lib.
1801 1686 2193 1736 1.Fasti418.exMSS.⁴

1253 1739 1421 1788 Signaque
1443 1737 1508 1774 dat
1530 1738 1627 1774 nictu
1652 1766 1662 1782 ,
1682 1737 1917 1788 sollicitatque
1939 1737 2041 1774 notis.

1150 1789 1199 1827 Et
1217 1789 1266 1826 ita
1293 1789 1391 1825 hunc
1413 1787 1543 1825 Ovidii
1566 1788 1694 1826 locum
1725 1787 1897 1826 Heinsius
1912 1788 1993 1836 jam
2021 1790 2195 1826 correxess

1150 1848 1203 1877 rat
1233 1837 1279 1876 ad
1309 1837 1500 1876 Claudiani
1530 1838 1641 1876 Cons.
1670 1838 1773 1876 Mall.
1795 1851 1877 1887 312.
1905 1838 1968 1876 ubi
1985 1838 2086 1876 idem
2108 1850 2194 1884 vers

1150 1891 1239 1928 bum
1261 1889 1314 1927 isti
1337 1890 1475 1927 Poetae
1496 1888 1656 1927 restituit.
1683 1889 1815 1927 Buum.

1201 1940 1285 1986 462.
1313 1947 1394 1977 Non
1409 1939 1647 1989 pervenientia
1669 1940 1828 1990 nostras.]
1860 1938 1992 1977 Codex
2011 1939 2086 1977 Sixi
2100 1967 2110 1984 ,
2123 1953 2191 1978 non

1143 1991 1383 2042 pervenientia
1404 2001 1535 2028 contra.
1562 1990 1666 2039 quod
1683 1991 1874 2028 ex·lib.1v.
1886 1991 1945 2028 80.
1966 1991 2189 2040 repetitum:

1152 2041 1321 2080 credebat
1349 2042 1450 2079 enim
1473 2041 1632 2079 librarius
1653 2054 1733 2079 non
1754 2041 1853 2079 recte
1874 2040 1946 2078 dici
1969 2069 1981 2086 ,
2010 2041 2192 2090 pervenire

1150 2107 1273 2137 aures,
1300 2104 1367 2141 pro
1399 2092 1447 2128 ad
1476 2105 1586 2129 aures.
1623 2091 1671 2129 fic
1702 2092 1805 2141 Virg.
1835 2105 1881 2130 11.
1917 2091 2077 2129 Aeneid.
2109 2091 2193 2135 781.

1151 2149 1198 2180 Et
1220 2155 1352 2180 terram
1384 2142 1580 2192 Hesperiam
1603 2143 1730 2181 venies.
1760 2142 1836 2180 vid.
1857 2142 2003 2182 Sanffii
2028 2143 2193 2180 MinerV.

1149 2194 1208 2231 lib.
1227 2206 1280 2231 IV.
1301 2205 1379 2242 cap.
1402 2193 1437 2231 6.
1459 2194 1498 2230 &
1516 2193 1565 2230 ibi
1588 2193 1646 2231 Cl.
1681 2193 1848 2231 Perizon.
1879 2206 1946 2229 non
1961 2192 2193 2241 pertingentia

1147 2256 1240 2282 unus
1259 2244 1452 2282 Mediceus
1463 2272 1473 2289 ‚
1486 2243 1608 2281 &hoc
1628 2255 1674 2280 ex
1687 2243 1820 2281 eodem
1833 2243 1923 2280 vitio
1936 2242 2050 2279 fluxit.
2061 2242 2193 2280 Burin.

1199 2296 1283 2346 463.
1311 2295 1371 2332 Ille
1392 2308 1445 2342 ego
1458 2294 1582 2344 sunu]
1620 2295 1663 2332 In
1691 2293 1872 2331 veteribus
1891 2321 1902 2338 ‚
1936 2292 2000 2341 ipse
2020 2306 2073 2340 ego
2093 2292 2191 2341 sum.

1148 2346 1362 2384 CIOFANUS.
1389 2345 1488 2390 Alii,
1511 2344 1587 2395 ipse.
1611 2344 1671 2382 sed
1702 2345 1837 2393 primus
1860 2343 2052 2380 Mediceus
2084 2354 2194 2392 argu1

1150 2404 1187 2434 te
1202 2426 1212 2443 ,
1240 2398 1277 2434 in
1300 2408 1332 2434 te
1353 2410 1406 2445 ego
1422 2397 1517 2445 sum.
1550 2396 1753 2433 Hmusms.

1197 2449 1280 2495 465.
1307 2448 1406 2495 Qud
1427 2446 1548 2483 deinde
1569 2445 1738 2494 negabo.]
1778 2444 1943 2494 Quidam
1975 2443 2056 2492 post
2093 2443 2193 2482 dein-3

1147 2498 1211 2542 de,
1240 2499 1461 2546 distinguunt
1484 2525 1494 2540 ,
1532 2505 1572 2533 ut
1598 2495 1640 2533 fit
1666 2495 1783 2533 sensus
1803 2524 1815 2541 ,
1850 2495 1940 2544 quid
1971 2494 2105 2532 deinde
2135 2496 2190 2533 fa-

1148 2547 1270 2584 ciam?
1297 2548 1503 2596 negabone.
1550 2546 1621 2584 Sed
1650 2546 1709 2584 alii
1739 2558 1806 2594 pro
1839 2545 1961 2596 negabo
1990 2574 2000 2590 ‚
2037 2544 2157 2593 rogabo
2177 2574 2191 2591 ‚

1146 2597 1294 2646 legunt,
1322 2597 1425 2647 quod
1451 2595 1604 2634 verbum
1632 2596 1763 2634 rectius
1784 2596 1833 2634 est
1854 2624 1864 2641 ‚
1900 2598 1939 2634 δε
1971 2595 2190 2633 sententiam

1147 2648 1349 2695 planiorem
1380 2647 1477 2684 facit.
1514 2647 1668 2685 Dubitat
1695 2648 1797 2686 enim
1825 2655 1948 2685 utrum
1979 2655 2084 2695 roget
2106 2674 2116 2691 ‚
2143 2658 2190 2684 an

1147 2710 1236 2735 non.
1278 2697 1426 2735 Deinde
1448 2697 1473 2734 fi
1495 2706 1601 2747 roget
1625 2726 1635 2742 ‚
1671 2697 1848 2747 quidnam
1875 2705 1990 2746 roget.
2028 2698 2192 2735 Remus.

1146 2748 1241 2786 Finis
1268 2749 1374 2797 hujus
1400 2748 1570 2786 carminis
1590 2748 1729 2797 oppido
1761 2748 1928 2786 obscurus
1949 2747 2007 2784 est.
2035 2746 2189 2796 quidam

1147 2799 1259 2836 etiam
1297 2799 1374 2848 post
1412 2799 1532 2836 deinde
1571 2798 1866 2848 interrogationis
1906 2797 2085 2846 pannum
2122 2810 2192 2846 po-

1146 2857 1239 2887 nunt
1252 2865 1262 2893 ;
1275 2849 1334 2888 sed
1347 2862 1425 2888 non
1443 2850 1602 2887 multum
1624 2849 1800 2899 adjuvant
1817 2848 1969 2886 sensum.
1983 2849 2189 2885 GLAREAN.

1148 2901 1303 2949 Corrige
1327 2929 1337 2946 ,
1366 2900 1572 2938 auetoribus
1602 2900 1748 2938 vetustis
1781 2899 2044 2947 exemplaribus
2069 2927 2079 2943 ,
2107 2897 2191 2947 quid

1148 2951 1270 2988 deinde
1301 2951 1445 3000 rogabo?
1474 2952 1645 2988 CIOFAN.

1199 3001 1283 3049 466.
1311 3003 1416 3051 Qod
1436 3002 1527 3051 cupio
1555 3015 1688 3039 mecum
1708 3001 1790 3049 est.]
1820 3002 1881 3039 De
1902 2998 2065 3038 Narciffo
2086 3026 2095 3041 ‚
2124 2997 2188 3046 qui

1148 3051 1201 3089 sui
1222 3064 1350 3089 amore
1379 3061 1502 3101 captus
1523 3060 1622 3097 erat,
1648 3053 1698 3089 ita
1720 3051 1923 3089 Ausonius:
1938 3050 2071 3098 ΈΡῙΞΓ.
2092 3059 2154 3095 97.

1201 3105 1236 3140 Si
1258 3114 1384 3152 cuperes
1405 3104 1518 3140 alium
1534 3132 1543 3147 ,
1567 3103 1664 3153 poffes
1689 3102 1841 3150 Narciſj'e
1857 3101 1984 3149 potiri,

1254 3160 1358 3190 Nunc
1379 3154 1443 3190 tibi
1457 3154 1584 3191 amoris
1603 3153 1696 3201 adest
1716 3154 1807 3202 copia
1822 3179 1832 3195 ,
1852 3152 1992 3196 finctus
2015 3146 2119 3195 abest.

1150 3203 1254 3241 Idem
1280 3203 1325 3240 de
1347 3204 1481 3240 eodem
1503 3204 1563 3251 98.

1203 3254 1302 3302 (Qud
1325 3267 1392 3290 non
1412 3268 1453 3290 ex
1473 3253 1576 3302 hujus
1589 3255 1710 3301 forma
1726 3259 1902 3301 pateretur
1922 3259 2082 3293 amator,

1258 3304 1327 3354 Ipse
1341 3304 1449 3353 suam
1462 3304 1522 3352 qui
1535 3301 1584 3353 fic
1606 3302 1732 3352 deperit
1754 3298 1920 3350 effigiem?
1951 3301 2162 3339 C10FANus.

1385 3351 1459 3390 Dd
1484 3365 1505 3390 2
2050 3353 2136 3398 407.
2165 3356 2196 3402 Q
