2483 3616
251 186 349 236 190

749 162 808 217 P.
883 160 1300 219 OVIDII
1372 161 1937 223 NASONIS

395 280 424 311 2
434 277 497 326 35
537 259 847 334 Anticipata
873 261 957 315 via
982 260 1071 315 est.
1113 259 1398 316 dominum
1424 264 1779 324 retinentibus
1804 271 1905 325 illis

532 332 733 389 Cetera
757 334 911 389 turba
937 342 1081 397 coit,
1116 333 1440 409 confertque
1465 337 1519 391 in
1548 358 1780 412 corpore
1806 343 2013 400 dentes.

523 405 642 477 Jam
670 409 787 462 loca
814 406 1119 462 vulneribus
1145 406 1353 462 desunt.
1382 411 1547 480 gemit
1576 413 1692 477 ille,
1728 415 2027 490 sonumque
2045 459 2062 483 ‚

533 481 636 545 Et,
676 481 712 535 fi
736 499 848 535 non
872 480 1131 544 homini5‚
1171 499 1335 554 quem
1360 499 1471 535 non
1498 497 1676 540 tamen
1700 488 1863 544 edere
1889 490 2050 564 poffit

534 553 773 618 Cei-vm,
811 553 996 608 habet:
1037 554 1361 626 moestisque
1388 555 1559 625 replet
1580 556 1704 630 juga
1726 576 1854 617 nota
1880 565 2136 638 querelis:

388 645 493 695 240
532 625 604 681 Et
631 628 852 700 genibus
880 627 1100 699 supplex
1125 628 1335 698 pronis,
1375 626 1664 702 fimiliSqUe
1691 638 1931 707 rogami’

527 700 868 755 Circumfert
896 701 1117 762 tacitos,
1157 714 1430 771 tamquam
1457 699 1545 756 sua
1581 704 1821 773 brachia,
1858 713 2052 769 vultus,

533 775 611 827 At
637 774 865 827 comites
898 772 1144 843 rapidum
1171 771 1334 826 solitis
1361 773 1661 832 hortatibus
1687 798 1879 852 agmen

533 846 707 916 Ignari
734 844 1013 915 instigant,
1052 844 1330 918 oculisque
1357 845 1632 904 ARaeona
1652 869 1946 925 quaerunt;

529 917 603 972 lat
630 918 776 973 velut
803 917 1078 973 absentem
1103 919 1351 974 certatim
1376 919 1654 979 Asiaeona
1682 927 1924 985 clamant.

240 1142 379 1182 sublato
412 1144 541 1182 omnia
564 1149 673 1183 erunt
694 1142 951 1182 concinniora.
978 1142 1183 1180 Hfimsxus.
1213 1141 1295 1180 Ne-

238 1208 312 1245 que
345 1195 403 1233 hic
426 1195 561 1246 aliquid
586 1196 706 1233 minus
728 1195 959 1233 Ovidianum
979 1193 1136 1243 reperio.
1157 1191 1204 1231 de
1225 1205 1295 1232 vo-

240 1258 283 1285 ce
306 1248 488 1296 cognoscere
510 1247 594 1285 vide
616 1246 663 1285 ad
684 1247 792 1296 Epist.
814 1258 868 1283 vi.
897 1257 976 1294 123.

293 1310 378 1347 234.
409 1299 558 1335 Tardius
578 1299 746 1336 exierant.
765 1298 780 1347 ]
811 1297 872 1334 De
895 1297 1041 1334 famulis
1061 1295 1137 1333 hoc
1159 1294 1294 1334 intelli-

240 1359 314 1397 go;
346 1361 433 1386 nam
456 1350 578 1398 paullo
609 1358 693 1387 ante
716 1349 855 1386 dixerat
877 1376 887 1393 ‚
926 1348 991 1384 heu
1012 1346 1171 1395 famulos
1194 1348 1294 1396 fugit

239 1400 297 1436 ille
311 1402 415 1448 suos,
443 1399 587 1438 tametsi
608 1400 765 1449 superius
797 1399 869 1443 ait,
895 1399 1208 1447 intermittuntque
1238 1399 1293 1435 la-

241 1451 365 1488 borem.
396 1452 437 1489 Id
459 1452 559 1490 enim
583 1450 811 1501 propositum
847 1458 922 1487 erat
946 1478 957 1495 ,
983 1450 1043 1487 sed
1076 1448 1174 1486 casus
1195 1449 1294 1487 aliud

240 1503 370 1539 attulit.
398 1502 487 1540 illud
514 1511 657 1547 autem,
676 1513 786 1539 cetera
809 1501 915 1537 turba
947 1501 1012 1538 coit
1042 1499 1212 1546 intelligo
1246 1499 1293 1538 de

243 1553 391 1591 canibus
413 1565 433 1591 a
456 1554 600 1591 famulis
621 1554 745 1591 allatis.
772 1563 858 1590 nain
873 1552 936 1602 qui
949 1558 1223 1601 praecurrerant
1235 1563 1294 1589 re-

240 1604 407 1642 tinebant
438 1604 652 1643 dominum.
680 1605 890 1642 GLAREAN.
929 1604 1077 1640 Exierat
1097 1602 1294 1646 tres‚Me-

240 1655 365 1693 diceus
382 1684 392 1700 ‚
414 1655 518 1694 Bafii.
543 1657 581 1694 ἃ
604 1668 696 1693 unus
711 1654 853 1693 Heinsii
867 1654 953 1704 ‚qui
975 1654 1021 1692 de
1044 1653 1293 1703 Orefitropho

237 1705 473 1755 intelligebat.
496 1708 634 1744 tardius
646 1706 836 1743 accelerant
856 1707 940 1743 MS.
965 1705 1201 1750 Bersmanni,
1230 1705 1295 1754 qui

243 1755 289 1793 de
312 1758 456 1795 famulis
488 1759 676 1808 capiebat,
703 1758 767 1807 qui
800 1757 1031 1795 adducebant
1055 1756 1144 1794 alios
1175 1767 1297 1794 canes.

234 1806 462 1859 onesitrophos
483 1809 532 1846 est
549 1810 587 1847 in
611 1821 688 1846 uno
713 1808 887 1846 Palatino.

294 1871 313 1896 2
321 1871 378 1908 35.
405 1861 640 1909 Praecipitata
663 1860 726 1896 via
748 1859 831 1908 est.]
863 1859 905 1896 In
929 1858 1032 1896 Statii
1052 1858 1147 1896 libro
1170 1858 1292 1896 multo

239 1910 378 1947 melior
400 1912 448 1948 est
469 1911 580 1949 lectio
595 1940 606 1956 ,
634 1911 845 1960 Anticipata
875 1910 939 1946 via
961 1908 1014 1953 esi.
1053 1910 1184 1959 Itaque
1205 1909 1294 1959 legit

242 1960 435 2010 Eutychus
455 1962 514 1999 lib.
543 1975 575 1999 11
608 1963 646 1999 in
669 1961 782 1999 verbo
808 1960 982 2010 Anticipo.
1011 1960 1142 1998 Statius
1164 1961 1294 2005 etiam,

241 2012 305 2060 qui
326 2012 425 2050 hunc
446 2012 573 2050 locum
596 2013 758 2050 imitatus
779 2011 1153 2063 videtur,anticipare
1175 2012 1293 2058 viam,

241 2062 333 2100 dixit
352 2064 410 2101 lib.
433 2076 487 2102 vr.
509 2064 693 2102 Thebaid.

348 2116 508 2165 Speravit
521 2115 638 2165 flexae
657 2116 785 2151 circam
808 2115 1004 2164 compendia
1028 2124 1162 2160 metae,

345 2167 497 2203 Interius
519 2167 630 2203 duffis
652 2165 834 2203 Phoebeius
855 2179 966 2215 augur
989 2165 1131 2202 habenis

347 2218 556 2267 Anticipare
578 2218 691 2253 viam.

242 2267 286 2305 ln
308 2268 378 2307 hac
398 2268 556 2306 secunda
579 2268 742 2306 editione
756 2296 766 2312 ‚
792 2266 818 2304 fi
840 2266 930 2304 nihil
952 2266 1051 2305 aliud
1073 2267 1267 2306 attulissem
1284 2296 1295 2314 ,

241 2331 355 2367 quam
378 2319 485 2369 hujus
507 2320 581 2358 loci
611 2318 879 2356 restitutionem
903 2334 914 2362 ;
952 2318 1178 2367 praeclarum
1210 2318 1294 2357 sane

241 2370 434 2418 quoddam
459 2383 521 2408 me
544 2368 749 2420 praestitisse
771 2369 912 2407 videor.
943 2372 1034 2419 Quo
1057 2370 1214 2408 nomine
1237 2371 1295 2408 O-

244 2420 333 2458 vidii
352 2430 560 2467 amatores,
589 2429 628 2459 ut
644 2420 774 2469 spero,
802 2421 894 2458 mihi
926 2421 961 2458 se
993 2421 1194 2470 plurimum
1228 2421 1293 2458 de—

245 2472 329 2509 bere
352 2473 572 2511 sitebuntur.
614 2473 786 2509 CroFAN.
833 2472 1045 2522 Anticipata
1077 2472 1293 2510 veterrimus

246 2522 477 2561 Florentinus
508 2525 542 2562 S.
574 2524 731 2568 Marci,
768 2522 947 2560 secundus
980 2522 1182 2560 Mediceus
1207 2552 1217 2568 ‚
1255 2525 1294 2561 &

245 2582 402 2621 quatuor
426 2575 495 2612 alii.
541 2576 660 2613 Notat
682 2586 726 2611 ex
758 2572 829 2611 suis
862 2575 975 2611 etiam
998 2574 1190 2611 Vivianus.
1228 2586 1296 2611 ne-

246 2635 319 2672 que
353 2624 453 2662 aliter
485 2626 671 2676 Eutyches
696 2626 971 2663 Grammaticus
1005 2625 1178 2674 agnoscit.
1218 2625 1296 2662 Sta-

245 2675 317 2711 tius
340 2674 463 2712 Theb.
484 2688 537 2714 v1.
557 2690 641 2724 442.
677 2676 741 2725 qui
773 2677 872 2714 hunc
893 2676 1022 2714 locum
1053 2676 1153 2714 haud
1186 2675 1295 2714 dubie

249 2724 425 2774 respexit:

351 2777 511 2826 speravit
526 2776 640 2827 flexae
660 2778 789 2815 circum
809 2778 1005 2826 compendia
1029 2790 1140 2815 metae

355 2827 503 2864 Interius
522 2829 632 2865 duciis
656 2829 838 2866 Phoebeius
861 2841 973 2877 augur
996 2828 1140 2866 habenis

350 2878 560 2928 Anticipasse
581 2879 694 2916 viam.

251 2930 343 2968 Usus
366 2929 414 2967 cst
432 2930 548 2967 verbo
571 2930 680 2966 etiam
716 2938 857 2978 praeter
889 2930 978 2966 alios
1011 2929 1206 2967 Lucretius
1236 2929 1296 2967 lib.

247 2994 283 3019 v.
306 2981 390 3030 658.
417 2980 622 3029 Spain-amis
643 2981 788 3018 Anton.
821 2981 885 3017 Pio
910 2992 987 3028 cap.
1016 2992 1050 3025 7.
1082 2991 1120 3016 ut
1144 2981 1296 3030 undique

248 3033 387 3070 nuntios
409 3032 509 3068 citius
525 3030 624 3081 poffit
644 3032 834 3081 anticipare
849 3059 858 3075 ,
881 3030 928 3067 sic
951 3030 1051 3067 enim
1075 3030 1195 3067 codex
1222 3033 1297 3068 Re-

246 3086 324 3132 gius
347 3085 386 3121 &
409 3083 576 3120 Politiani
608 3082 801 3119 Mediccus
826 3111 835 3126 ‚
872 3080 975 3131 quod
1005 3093 1083 3118 non
1118 3081 1297 3120 intellexit

247 3135 496 3172 Casaubonus.
518 3133 602 3171 vide
625 3133 768 3170 Salmas.
791 3133 905 3180 vulgo
928 3132 1080 3182 accipere.
1108 3132 1145 3169 in
1169 3133 1295 3182 Elegia

248 3185 293 3222 de
316 3186 412 3223 Rosa
436 3214 446 3230 ‚
473 3196 588 3235 quam
621 3184 790 3222 Ausonio
824 3183 936 3232 vulgo
974 3182 1178 3220 adscribunt
1202 3212 1213 3227 ‚
1253 3186 1292 3222 ὅ(

245 3247 356 3284 quam
383 3249 454 3285 ego
475 3237 513 3274 in
547 3235 676 3273 codice
706 3236 891 3282 juniano,
916 3234 1063 3285 reliquis
1096 3233 1225 3273 Ovidii
1249 3247 1292 3273 o-

247 3286 388 3334 peribus
410 3299 593 3326 annexam
625 3286 787 3326 ostendi:

2162 1049 2266 1102 245
2303 1032 2396 1090 Ad

1401 1145 1560 1204 Striciior
1588 1152 1672 1187 Eoos
1686 1151 1906 1202 praeceffirat
1917 1166 2007 1192 aura
2021 1155 2180 1206 jugales,

1454 1198 1666 1246 Aesttjerum
1679 1203 1833 1251 suadens
1855 1205 2046 1256 anticipare
2065 1208 2168 1246 diem.

1350 1260 1426 1299 Ubi
1439 1262 1578 1311 sudans
1598 1265 1694 1304 forte
1715 1266 1928 1317 legendum.
1952 1269 2079 1309 Sidon.
2103 1271 2228 1323 Apoll.
2244 1273 2290 1314 de
2301 1262 2398 1316 Nar}

1350 1311 1450 1351 bone
1474 1314 1523 1352 vs.
1546 1328 1617 1366 405
2395 1322 2397 1324 ’

1401 1389 1545 1433 Sperans
1568 1385 1763 1436 anticipasse
1775 1388 1857 1437 jam
1870 1388 2034 1438 priorem.

1348 1444 1535 1485 Ausonius
1555 1447 1601 1486 de
1624 1450 1759 1500 Equo:

1403 1509 1609 1562 Promptum'
1631 1525 1675 1552 <9¹
1696 1513 1798 1550 velox
1817 1526 1894 1551 erat·
1914 1514 2105 1565 anticipare
2126 1517 2326 1567 quadrigas.

1350 1571 1509 1628 Videtur
1530 1575 1629 1614 hunc
1650 1588 1802 1627 quoque
1823 1578 1951 1616 locum
1974 1578 2162 1628 respexisse
2185 1581 2401 1620 Guntherus

1352 1622 1520 1672 Ligurini
1541 1626 1617 1666 libr.
1640 1640 1694 1666 1v.
1721 1642 1804 1677 225.

1404 1690 1527 1737 Tristia
1542 1690 1644 1741 signa
1667 1705 1809 1729 movens
1823 1721 1833 1737 ‚
1862 1691 1975 1741 thusci
1991 1693 2189 1743 compendia
2211 1694 2339 1731 montis

1404 1742 1556 1791 Ascensu
1569 1743 1738 1793 superans
1751 1771 1762 1788 ,
1790 1743 1922 1781 meliori
1933 1743 2081 1793 subdita
2102 1744 2186 1782 coelo

1403 1793 1529 1840 Castra
1549 1794 1650 1831 locat.

1353 1854 1408 1892 Ita
1430 1856 1531 1892 enim
1552 1856 1782 1896 scribendum
1799 1887 1809 1904 ,
1836 1857 1943 1896 valde
1976 1857 2258 1896 Rittershufium
2280 1859 2309 1897 is
2339 1857 2399 1897 10-

1352 1918 1413 1944 cus
1436 1908 1599 1945 exercuit
1621 1910 1736 1959 vulgo
1759 1910 1911 1959 legitur:

1636 1966 1668 1996 T
1664 1961 1824 2011 huscique
1843 1960 2027 2010 crepundia
2049 1960 2188 1998 montis.

1349 2008 1464 2046 Paulo
1487 2010 1567 2058 post
1587 2011 1744 2061 sequitur
1766 2012 1861 2060 apud
1875 2011 2037 2049 eundem
2052 2039 2063 2057 ,
2091 2011 2286 2061 compendia
2299 2015 2399 2049 mom

1351 2060 1408 2096 tis.
1449 2062 1487 2097 ὃς
1519 2063 1634 2099 ardua
1665 2063 1853 2112 corripiunt
1881 2063 2005 2112 trepidi
2046 2063 2242 2113 compendia
2268 2063 2399 2113 pontis.

1351 2111 1461 2149 habes
1493 2112 1590 2161 apud
1622 2114 1784 2152 eundem
1806 2115 1899 2151 libro
1922 2126 1996 2152 vix.
2027 2113 2132 2151 versu
2153 2114 2399 2163 praecedente

1352 2164 1490 2200 tardius
1512 2164 1669 2201 exierant
1702 2165 1750 2203 est
1771 2165 1988 2214 metaphora
2010 2176 2030 2202 a
2050 2165 2148 2202 circo
2178 2165 2321 2213 sumpta
2334 2179 2345 2208 ;
2359 2176 2400 2201 e·

1350 2215 1414 2263 qui
1434 2215 1533 2252 enim
1557 2217 1702 2265 proprie
1724 2217 1815 2254 exire
1826 2216 2028 2254 carceribus
2050 2215 2231 2252 dicuntur.
2257 2216 2398 2253 Seneca

1352 2266 1481 2303 Natus.
1505 2268 1654 2315 Quaest.
1675 2268 1734 2305 lib.
1767 2281 1832 2305 111.
1852 2267 2010 2316 prologo
2025 2295 2034 2311 ,
2056 2266 2117 2316 qui
2139 2267 2277 2304 tardius
2308 2268 2402 2304 exie-

1350 2327 1436 2353 rant
1459 2331 1594 2355 moram
1615 2319 1796 2355 velocitate
1813 2321 1969 2368 pensant.
1993 2318 2138 2355 Hfist.

1402 2368 1487 2417 236.
1517 2371 1726 2419 Confertque
1747 2370 1785 2406 in
1807 2379 1935 2419 corpore
1967 2368 2122 2418 dentes.]
2163 2369 2400 2419 Condantque

1349 2418 1461 2466 Junii.
1490 2419 1551 2457 sed
1572 2428 1660 2457 tunc
1682 2420 1882 2468 legendum
1906 2418 1993 2457 effet
2007 2419 2068 2465 ,in
2089 2429 2224 2469 corpora
2241 2420 2399 2457 :Noster

1349 2470 1448 2507 enini
1472 2472 1548 2508 fere
1578 2471 1721 2520 semper
1740 2471 1826 2509 huic
1848 2471 1964 2508 verbo
1994 2470 2242 2508 accusativum
2263 2469 2399 2507 addere

1348 2520 1449 2559 solet.
1475 2522 1549 2559 vid.
1571 2534 1606 2559 v.
1629 2535 1712 2569 421.
1734 2535 1824 2560 vm.
1846 2535 1931 2570 419.
1968 2521 2053 2559 vide
2084 2530 2210 2558 tamen
2243 2520 2289 2557 ad
2317 2532 2401 2559 xxv.

1356 2573 1435 2618 176.
1469 2585 1560 2611 mox
1583 2586 1666 2620 449.
1687 2573 1865 2624 mersisque
1883 2574 1920 2610 in
1942 2582 2069 2622 corpore
2090 2571 2214 2618 rostris.
2241 2570 2371 2608 BURM.

1401 2636 1485 2674 239.
1515 2625 1614 2673 Juga
1635 2624 1758 2674 nota]
1791 2625 1941 2668 (Jlivos,
1969 2623 2028 2660 vel
2063 2623 2254 2660 montium
2286 2622 2400 2659 verti·

1352 2687 1409 2713 ces
1425 2704 1434 2719 ‚
1463 2688 1526 2724 per
1549 2688 1642 2725 quos
1661 2684 1767 2712 antea
1787 2673 1986 2722 saepiffiine
2012 2674 2112 2710 ierat.
2142 2674 2312 2710 Cmmn.

1405 2738 1488 2771 240.
1517 2731 1565 2761 Et
1584 2726 1722 2773 genibus
1734 2725 1876 2775 supplex
1894 2724 2039 2774 pronis]
2069 2723 2189 2774 Positis
2211 2736 2304 2762 unus
2324 2724 2399 2761 BO-

1349 2774 1533 2814 noniensis
1556 2787 1622 2823 pro
1647 2775 1782 2814 diversa
1804 2776 1976 2813 lectione.
2003 2775 2106 2824 quod
2130 2775 2257 2823 placet.
2278 2785 2399 2825 ponere

1347 2841 1436 2875 genu
1458 2827 1601 2874 elegans
1624 2827 1662 2863 Sc
1686 2826 1889 2871 Latinum,
1913 2826 1958 2863 de
1982 2838 2057 2876 quo
2082 2825 2129 2864 ad
2149 2826 2397 2865 Claudianum

1352 2890 1407 2916 vx.
1440 2876 1550 2915 cons.
1575 2879 1723 2915 Honor.
1746 2889 1805 2921 71.
1836 2877 1969 2915 Noster
1989 2877 2048 2914 lib.
2072 2889 2098 2913 1.
2122 2889 2207 2924 729.

1690 2935 1735 2964 Po
1751 2929 1872 2980 nissae
1895 2930 1932 2966 in
1954 2927 2110 2977 margine
2131 2929 2222 2980 ripae

1404 2979 1590 3017 Procubuit
1607 2980 1758 3028 genibus.

1351 3031 1399 3068 Er
1419 3032 1478 3068 lib.
1500 3044 1552 3068 vi.
1579 3033 1660 3079 340.

1403 3081 1545 3129 Acceffit
1564 3081 1731 3133 positoque
1748 3097 1837 3131 genu
1859 3082 2003 3120 Titania
2023 3092 2156 3119 terram

1404 3135 1518 3180 Presyit
1534 3162 1544 3177 ‚
1566 3145 1606 3170 at
1629 3135 1785 3170 hinniret
1802 3134 1928 3183 gelidos
1944 3144 2071 3183 potura
2093 3133 2252 3184 liquores.

1349 3184 1444 3222 Usus
1467 3185 1515 3222 cst
1538 3186 1575 3222 ὃς
1603 3184 1811 3222 Lactantius
1837 3184 1974 3223 eodeni
1998 3184 2176 3233 loquendi
2199 3184 2318 3223 modo
2337 3185 2396 3225 lib.

1350 3248 1394 3273 Π.
1421 3236 1528 3273 instit.
1554 3237 1640 3273 Div.
1665 3247 1743 3284 cap.
1778 3249 1826 3273 11.
1857 3236 1930 3273 Illis
1952 3236 2152 3286 supplicant
2178 3250 2267 3286 genu
2286 3235 2397 3286 pofito.

1348 3286 1493 3325 Heius.
1527 3287 1580 3325 ita
1605 3299 1694 3325 iero
1717 3287 1899 3325 Latinum
1922 3286 1995 3325 hoc
2031 3286 2178 3325 dicendi
2199 3298 2312 3337 genus
2328 3316 2338 3333 ,
2358 3294 2399 3323 ut

2356 3348 2394 3373 m
