2483 3616
177 196 242 246 34

654 164 715 224 P.
789 160 1205 223 OVIDII
1278 156 1810 217 NASONIS

464 269 870 342 Consiliumque
892 279 1068 323 vocat.
1106 263 1280 320 tenuit
1308 278 1460 318 mora
1481 261 1624 316 nulla
1646 272 1894 317 vocatos-

468 343 564 399 Est
587 343 671 399 via
694 340 929 397 sublimis
945 383 958 401 ‚
996 338 1153 394 coelo
1179 333 1456 393 manifesta
1479 332 1699 398 sereno,

470 415 669 471 Laffitea
695 431 896 469 nomen
919 411 1109 473 habet3
1151 408 1386 464 candore
1413 406 1657 462 notabilis
1692 405 1832 478 ipso:

330 507 429 557 170
467 488 592 544 Hac
615 489 717 542 iter
747 485 821 541 est
845 484 1059 556 Superis
1082 482 1150 537 ad
1175 480 1353 553 magni
1376 476 1513 533 tecta
1535 476 1833 541 Tonantis,

470 561 844 632 Regalemque
871 557 1113 612 domurn.
1154 554 1346 610 dextra
1370 552 1624 623 laevaque
1636 549 1907 631 ..Deorum

476 635 633 689 Atria
657 631 920 688 nobilium
941 629 1102 686 valvis
1127 627 1462 684 celebrantur
1485 635 1696 697 aperus·

239 838 350 876 Foeda
374 834 564 885 Lycaoniae
590 843 710 883 repetes
733 831 899 870 convivia
921 831 1080 880 mensae3

296 887 520 936 Tentabisque
542 886 668 922 iterum
685 881 810 930 fallere
824 881 957 929 fraude
980 880 1135 926 (ἕρπω,-

192 939 405 976 Gonnus.
434 935 571 973 accedo
606 934 778 970 (iofano.
828 931 1018 969 Licentius
1039 929 1086 968 ad
1107 928 1248 978 Augu--

191 989 326 1027 stinuin
351 994 361 1023 (
385 986 522 1025 atalecst.
546 996 623 1034 pag.
648 983 731 1033 358.

244 1045 343 1077 Ante
368 1037 529 1086 Thyesteis
551 1037 677 1072 iterum
700 1033 792 1071 male
818 1033 943 1070 territa
967 1029 1090 1081 menfis

248 1097 444 1137 Interrupta
468 1087 537 1123 dies
551 1115 560 1130 ‚
590 1087 718 1134 refugos
741 1084 907 1134 vanescat
930 1086 969 1121 in
991 1094 1109 1120 ortus..

194 1144 301 1189 Quos
323 1138 441 1176 veniis
464 1149 507 1174 ex
531 1137 602 1174 alio
626 1137 742 1174 Po'e'ta
764 1133 1005 1173 veterihaufit
1019 1162 1030 1180 ,
1057 1140 1239 1184 quantum

193 1189 377 1228 recordor.
415 1189 501 1226 Stat.
523 1199 559 1224 v.
582 1186 801 1233 Thebaffl.

448 1239 483 1275 Si
505 1238 643 1288 quando
666 1237 779 1274 domos
793 1265 803 1282 ‚
831 1235 978 1287 litusque
1000 1236 1187 1273 rubentum

251 1290 460 1339 Aethiopum
474 1317 483 1334 ‚
521 1300 563 1328 <J
584 1288 717 1337 mensas
738 1301 836 1325 amor
857 1288 900 1336 1st
926 1288 1240 1325 intrareminores.

196 1342 360 1389 Propeit.
384 1353 427 1377 11.
441 1340 531 1388 eleg.
544 1351 631 1377 xiix.
648 1352 678 1388 ς.

252 1398 355 1428 Nunc
370 1390 445 1441 fine
466 1404 519 1427 me
534 1391 637 1441 plena
654 1389 750 1437 fiunt
772 1389 939 1427 convivia
962 1389 1092 1439 menfiz.

201 1443 374 1480 Lucanus
401 1443 529 1490 Paneg.
553 1440 598 1478 ad
621 1440 787 1478 Pisones:

253 1499 301 1530 Et
323 1493 561 1541 Ganymedeae
583 1501 729 1541 repetens
751 1491 916 1528 convivia
940 1490 1086 1541 mensae.
1212 1534 1219 1541 ·

207 1544 425 1583 HEmsms.
474 1542 653 1581 Solemnis
686 1542 748 1581 ista
779 1541 1009 1581 librariorum
1056 1540 1250 1580 aberratio.

203 1594 374 1633 Ma1·t..v.
398 1607 455 1642 45.

258 1646 309 1682 Sic
331 1644 396 1692 est:
421 1654 536 1693 captus
557 1658 589 1680 es
609 1643 759 1680 unchore
783 1656 894 1680 coena.

204 1695 283 1732 Ubi
310 1695 369 1732 sex
392 1695 537 1732 codices
558 1694 800 1731 bibliothecae
824 1692 1038 1738 Leidenfis,
1061 1693 1189 1742 mensa.
1213 1693 1252 1729 ὃς

205 1744 327 1783 recte:
354 1752 397 1781 ut
416 1747 521 1781 unna
553 1746 669 1792 mensa
701 1743 842 1780 Auson.
874 1744 1052 1782 Parental.
1085 1755 1120 1790 7.
1151 1742 1254 1781 idem

163 1832 166 1833 γ
207 1794 387 1833 Martialis
409 1807 462 1831 xx.
485 1806 542 1843 32.

258 1852 332 1882 Has
354 1845 472 1894 prima
485 1846 578 1891 seret
599 1842 756 1879 alterave
778 1856 892 1880 coena.

208 1894 259 1934 Et
277 1896 327 1933 ibi
348 1907 441 1932 unus
463 1894 577 1943 menfiz
592 1921 602 1938 ‚
626 1894 790 1942 optime:
816 1906 905 1932 nam
918 1894 1076 1945 sequitur
1090 1923 1101 1940 ‚
1113 1893 1177 1932 has
1189 1907 1256 1932 coe·-

209 1959 258 1985 na
290 1946 354 1983 tibi
385 1946 490 1983 tertia
521 1953 687 1994 reponet.
734 1945 869 1983 iterum
902 1947 1039 1984 eodem
1069 1945 1147 1984 libr.
1169 1946 1257 1996 Epi-

212 2008 344 2046 gram..
359 1996 420 2033 66.

265 2047 399 2094 Postera
412 2047 476 2095 sed
488 2046 595 2094 festae
619 2047 734 2083 reddis
747 2046 932 2094 sollemnia
956 2046 1100 2097 mensae.

212 2097 291 2135 Ubi
313 2111 429 2134 coenae
449 2096 550 2134 idem
574 2096 704 2134 codex.
733 2097 991 2136 Bummuuus.

273 2147 354 2196 165.
381 2148 522 2198 Foeda]
554 2147 730 2184 Crudelia.
756 2149 888 2186 Cicero
912 2161 957 2186 11.
981 2148 1092 2186 Offic.
1120 2155 1258 2186 Secutus

215 2197 284 2245 est,
322 2196 383 2248 qui
413 2199 451 2235 in
483 2201 584 2246 causa
615 2199 748 2248 impia,
780 2199 928 2236 victoria
959 2200 1067 2236 etiam
1082 2200 1258 2247 foediore,

215 2250 533 2288 concionans.

274 2299 539 2347 166..Ingentes
561 2299 695 2336 animos
709 2327 719 2343 ,
743 2299 864 2348 dignas
888 2301 982 2346 Jove
1003 2300 1144 2350 concipit
1156 2300 1257 2350 iras]

218 2349 507 2396 Quidamhunc
528 2349 672 2386 versum
693 2349 743 2386 ita
763 2350 950 2388 invertunt
963 2379 974 2395 ,
998 2359 1039 2388 ut
1049 2351 1171 2400 legant
1183 2363 1261 2389 non

220 2399 354 2434 animos
369 2427 392 2442 ‚.
405 2398 466 2435 secl
487 2400 605 2436 animo
621 2427 631 2443 ‚
657 2400 726 2436 hac
749 2400 879 2449 copula
902 2413 946 2440 (φ
966 2401 1128 2450 apposita
1143 2430 1153 2446 ‚
1175 2413 1263 2439 cum

223 2449 263 2485 ἃ
286 2447 425 2484 vetusta
447 2450 666 2497 exemplaria
688 2451 822 2487 animos
841 2451 999 2488 habeant
1014 2479 1024 2497 ,
1045 2464 1124 2490 non
1146 2451 1263 2489 solum

223 2509 347 2535 nova:
378 2499 415 2535 ὃς
438 2497 503 2535 nisi
525 2500 658 2535 animos
677 2499 865 2548 legamus,
897 2501 918 2539 a
949 2502 1168 2540 Pleonasmo
1202 2502 1266 2539 de-

224 2547 327 2585 fendi
349 2560 426 2586 non
447 2548 552 2596 possit
573 2549 633 2586 hic
654 2550 781 2587 sensus.
834 2552 912 2600 Qui
934 2560 974 2588 ut
996 2553 1034 2589 in
1057 2553 1170 2590 soluta
1185 2565 1268 2589 ora-

224 2598 329 2634 tione
360 2598 408 2635 est
440 2598 652 2647 fugiendus:
692 2599 740 2637 fic
765 2600 803 2637 in
825 2601 969 2638 versum
985 2629 996 2647 ,
1022 2601 1088 2639 nifi
1110 2601 1270 2639 necessa-

226 2647 283 2684 rio
299 2660 411 2692 ‚non
434 2649 481 2685 est
503 2648 762 2687 admittendus.

1298 1642 1355 1690 set
1394 1642 1523 1689 Caesar
1555 1667 1567 1684 ,

2181 695 2348 757 Plebs-

1343 826 1502 876 'Ingentes
1522 825 1640 864 animo
1660 836 1773 864 motus
1791 825 1985 877 bellumque
1997 825 2170 873 ficturum

1345 884 1501 928 Ceperat.
1554 877 1758 915 Heinsius.

1293 927 1378 979 Ego
1401 928 1549 966 mallem
1572 927 1645 966 fine
1668 928 1931 976 conjunctione
1945 955 1956 974 ,
1981 935 2022 965 ut
2043 926 2146 976 saepe
2159 925 2292 965 Noster
2303 937 2329 963 ι·

1348 986 1502 1028 Ingentes
1523 979 1679 1024 animos,
1706 978 1828 1028 dignas
1850 979 1947 1025 Jove
1966 979 2108 1028 concipit
2129 978 2200 1015 iras
2214 1005 2227 1024 ,

1298 1030 1356 1069 Sic
1378 1029 1507 1079 Virgil.
1530 1041 1583 1067 1v.
1606 1029 1745 1078 Georg.
1766 1029 1827 1079 83.

1351 1088 1505 1130 Ingentes
1524 1080 1659 1118 animos
1679 1080 1818 1129 angusto
1842 1080 1881 1117 in
1894 1080 2026 1130 pec'lore
2047 1080 2208 1129 versant.

1302 1134 1352 1172 Et
1373 1132 1507 1169 animos
1530 1133 1568 1169 ὃς
1591 1133 1685 1169 iram
1707 1131 1897 1180 conjungit
1920 1129 2055 1168 Noster
2074 1131 2184 1179 Epist.
2206 1128 2346 1179 xxx.85.'

1354 1184 1455 1220 Vince
1475 1183 1608 1220 animos
1630 1183 1788 1232 iramque
1809 1193 1923 1219 tuam.

1299 1235 1452 1272 Animos
1485 1245 1553 1283 pro
1586 1233 1770 1271 iracundia
1810 1233 1904 1270 sumi
1941 1232 2068 1270 docuit
2108 1229 2264 1269 Pafferat
2291 1231 2358 1270 *aa*

1298 1287 1462 1334 Propert.
1500 1297 1567 1322 ιο..
1593 1296 1649 1322 11.
1680 1296 1718 1322 v.
1752 1283 1807 1322 18.
1835 1285 1971 1333 Dignos
1992 1284 2113 1329 Jove,
2145 1290 2186 1320 ut
2218 1282 2358 1321 Senec..

1298 1336 1414 1374 Herc.
1438 1336 1586 1373 Furent.
1607 1337 1692 1384 926.

1577 1386 1643 1436 Ipfit
1665 1386 1854 1436 concipiam
1869 1395 1981 1435 preces

1406 1437 1505 1483 Jove
1540 1450 1658 1489 meque
1680 1438 1815 1487 dignas.
1878 1437 2158 1474 Bunmmws-

1359 1489 1441 1535 167.
1479 1487 1739 1539 Conciliumque
1787 1495 1902 1525 vocat.
1924 1487 1941 1538 ]
1971 1487 2028 1525 Sic
2075 1486 2247 1536 Virgilius
2295 1490 2353 1525 vr:

1307 1539 1368 1577 Ille
1393 1538 1561 1589 filentum
1594 1539 1853 1590 conciliumque
1888 1548 2007 1576 vocat.
2059 1538 2188 1575 Caesar
2216 1537 2278 1575 lib.
2319 1549 2367 1575 1..>

1308 1591 1370 1629 De
1417 1590 1514 1627 bello
1561 1589 1705 1628 Gallico
1735 1603 1743 1628 :
1808 1596 1901 1626 Haec
1949 1588 2030 1625 ciem
2075 1588 2353 1636 animadvertifi»

1628 1650 1811 1676 convocato
1852 1638 1990 1676 concilio
2013 1667 2031 1684 ,γ
2071 1639 2228 1676 omnium
2258 1638 2353 1676 ordi-

1310 1705 1396 1729 num
1429 1690 1538 1727 adid
1559 1690 1738 1728 concilium
1770 1688 1938 1727 adhibitis
1970 1689 2244 1734 centurionibus,
2292 1703 2356 1726 ve-

1310 1741 1485 1779 hementer
1514 1755 1564 1778 eos
1595 1742 1783 1791 incusavit.
1822 1742 2039 1778 CiOFANus.
2067 1740 2203 1779 Vicina
2223 1739 2359 1778 admo-

1311 1793 1401 1831 dum
1416 1822 1426 1838 ,
1455 1794 1494 1830 &
1514 1804 1630 1841 prope
1652 1792 1783 1830 eadem
1799 1820 1809 1837 ,
1834 1791 1996 1841 ideoque
2023 1791 2166 1840 semper
2176 1791 2252 1828 fere
2265 1802 2358 1828 con·

1314 1844 1389 1881 fusa
1412 1843 1543 1881 concilii
1570 1844 1609 1880 &
1631 1842 1756 1893 confilii
1777 1843 1956 1880 vocabula
1971 1871 1982 1886 ,
1995 1841 2041 1880 de
2061 1842 2190 1892 quibus
2223 1852 2362 1890 opero-

1313 1895 1350 1933 se
1373 1895 1446 1944 agit
1468 1893 1621 1932 Urfinus
1643 1896 1681 1932 in
1704 1892 2034 1933 Observationibus
2051 1904 2129 1942 cap.
2153 1904 2216 1929 111.
2239 1903 2297 1932 tv,
2319 1892 2359 1930 ὃς

1317 1957 1355 1983 v.
1382 1944 1443 1984 sed
1465 1956 1537 1994 ego
1567 1945 1641 1982 hoc
1664 1946 1703 1983 δε
1726 1943 1897 1982 fimilibus
1918 1945 2008 1982 locis
2022 1972 2033 1988 ‚
2056 1941 2245 1993 confilium
2268 1941 2364 1980 mal-

1317 1996 1392 2034 lem
1408 2025 1419 2040 ,
1445 1996 1531 2045 quia
1552 1995 1649 2032 reete
1673 1995 1842 2032 dicuntur
1864 1995 1913 2032 dii
1935 1995 1973 2031 in
1996 1992 2186 2044 Consilium
2209 1992 2362 2038 vocati,

1313 2055 1354 2083 ut
1376 2054 1553 2096 tanquam
1578 2045 1769 2084 consiliarii
1790 2045 1877 2093 Jovi
1897 2044 2082 2082 affideant.
2111 2043 2158 2081 fic
2192 2044 2231 2081 &
2263 2043 2364 2093 apud

1312 2097 1446 2146 virgil.
1470 2097 1529 2134 lib.
1552 2109 1586 2134 x.
1607 2096 1664 2140 ybs.
1689 2109 1734 2134 11.

1363 2147 1620 2198 Confiliunzque
1650 2157 1754 2184 vocat
1787 2146 1922 2184 divum
1930 2156 2032 2197 pater
2054 2155 2158 2196 atque
2175 2143 2368 2181 hominum·

1492 2206 1589 2237 Rex..

1313 2249 1362 2287 Et
1384 2249 1507 2298 postea
1530 2262 1593 2287 eos
1623 2248 1824 2298 adloquens
1847 2248 1955 2286 dicit:

1369 2300 1550 2337 Caelicolae
1572 2300 1702 2348 magni.

1315 2351 1480 2399 Proprie:
1495 2351 1619 2399 Magni
1633 2350 1732 2387 enim
1756 2348 1986 2399 &Conftntes
2008 2347 2057 2385 illi
2079 2346 2128 2385 dii
2150 2345 2369 2385 dicebantur

1319 2400 1517 2451 Confiliarii
1538 2401 1652 2449 Jovis.
1673 2401 1817 2438 Arnob.
1840 2409 1968 2438 contra
1982 2400 2097 2437 Gent.
2119 2398 2181 2435 lib.
2205 2409 2267 2434 111.
2281 2393 2363 2446 pag,

1325 2463 1408 2500 123.
1436 2452 1523 2489 dicit
1545 2463 1609 2489 eos
1625 2480 1633 2493 ‚
1648 2451 1784 2500 summi
1796 2451 1903 2497 Jovis
1926 2448 2184 2499 consiliarios&
2200 2447 2366 2496 principes

1321 2502 1522 2549 existimari.
1551 2504 1589 2540 &
1608 2502 1817 2540 locutiones
1838 2503 1908 2538 hae
1930 2513 1974 2537 ex
1997 2498 2123 2535 medio
2145 2497 2209 2534 usu
2242 2498 2280 2534 &
2307 2498 2388 2546 jur

1323 2552 1424 2589 diciis
1437 2553 1617 2590 Romanis
1629 2552 1711 2589 sunt
1733 2552 1944 2599 desumptae
1956 2566 1967 2594 3
1982 2549 2043 2586 ubi
2055 2549 2205 2585 Praetor
2225 2547 2262 2584 in
2275 2559 2368 2585 con-

1324 2601 1442 2639 filium
1470 2602 1612 2651 judices
1645 2602 1813 2638 mittebat
1836 2628 1846 2644 ,
1885 2602 1924 2636 &
1956 2611 2001 2635 ex
2035 2597 2172 2636 consilii
2192 2597 2384 2636 sententia·

814 2653 940 2699 Quare
967 2653 1101 2688 animos
1122 2660 1271 2688 tuemur
1324 2653 1607 2698 pronuntiabat,
1631 2658 1672 2686 ut
1694 2649 1934 2686 notiffimum.
1962 2650 2019 2686 Ita
2030 2650 2156 2686 Senec.
2180 2660 2224 2685 11.
2239 2649 2369 2686 Natur.

230 2696 302 2734 effe
312 2697 525 2747 legendum,
548 2700 709 2736 Rfioius.
736 2700 780 2736 In
802 2712 881 2737 uno
914 2712 1002 2737 meo
1026 2701 1063 2737 ἃ
1084 2702 1196 2748 Joan.
1216 2713 1272 2738 re·
1326 2700 1475 2748 Quaelh
1508 2712 1566 2747 41.
1605 2699 1796 2736 Secundam
1819 2701 1933 2737 mittit
1955 2701 2092 2751 quidem
2116 2699 2281 2749 Jupiter,
2304 2699 2369 2748 sed

188 2786 190 2789 ,
227 2747 320 2785 &ius
334 2777 358 2793 ‚.
372 2757 411 2785 ut
433 2756 524 2797 puto
539 2776 549 2792 ,
573 2749 724 2797 legitur:

1327 2763 1368 2786 ex
1392 2749 1517 2798 consilii
1531 2750 1706 2799 fientemia
1721 2778 1733 2794 ,
1769 2750 1944 2787 duodecim
1966 2751 2059 2787 enim
2082 2756 2169 2786 Deos
2201 2750 2365 2787 advocat.

286 2805 439 2847 Ingentes
460 2799 618 2843 animos,
642 2799 817 2848 &dignas
830 2800 970 2850 concipit
993 2800 1073 2836 iras.
1103 2801 1272 2838 Cmren.
1329 2801 1368 2838 &
1390 2800 1581 2849 Augustin.
1604 2812 1657 2837 1v.
1681 2801 1726 2838 de
1748 2801 1945 2839 (livinDei
1957 2813 2033 2850 cap.
2059 2813 2117 2850 23.
2155 2801 2243 2849 Qis
2275 2799 2368 2836 enim

230 2846 442 2897 Elegantius
463 2860 542 2886 non
564 2848 639 2886 fine
662 2850 763 2886 causa
793 2851 898 2887 nobis
931 2849 1120 2887 videbatur
1135 2880 1146 2897 ,
1171 2851 1275 2901 quod
1320 2853 1546 2902 serat,quod
1568 2865 1673 2901 neque
1695 2852 1786 2889 inter
1807 2857 1894 2888 Deos
1917 2853 2097 2901 Consentes
2112 2865 2216 2901 ‚quos
2246 2851 2370 2887 dicunt

229 2899 271 2936 in
293 2899 459 2936 Palatinis
482 2900 519 2935 ὃς
542 2899 616 2936 aliis
637 2899 820 2936 nonnullis
842 2900 1048 2949 legebatur:

288 2955 440 2998 Ingentes
461 2950 595 2985 animos
608 2977 620 2993 ,
647 2950 766 2998 dignas
788 2950 883 2995 Jove
905 2952 1044 3000 concipit
1065 2951 1146 2988 iras,

233 2998 354 3036 DAN..
369 3001 572 3036 Heinsius.
597 3006 749 3042 Ingentes
771 3001 927 3045 animos,
967 3002 1088 3050 dignas
1119 3003 1157 3040 in
1178 3013 1276 3040 non-

237 3050 339 3087 nullis
360 3049 504 3099 scriptis.
530 3038 870 3087 unde⁹Gui1ielmus
895 3052 1161 3100 Capoferreus:

292 3101 506 3151 Ingentesque
526 3101 661 3137 animos
688 3101 790 3150 (ligna
813 3101 907 3146 Jove
927 3103 1067 3152 concipit
1086 3102 1154 3141 ira.

243 3143 314 3182 Sed
335 3151 656 3200 perperamlege:

299 3201 583 3255 Ingentes-animo
601 3202 776 3253 &dignas
794 3202 890 3251 Jove
907 3203 1047 3254 concipit
1064 3205 1148 3246 iras.

242 3242 414 3286 Lucanus
436 3249 525 3290 libro
547 3263 579 3290 1}-
601 3252 699 3302 1842-
1140 3253 1147 3258 ⁴

1330 2903 1369 2939 in
1401 2901 1574 2951 confilium
1606 2903 1715 2948 Jovis
1743 2902 1928 2947 adhiberi,
1966 2917 2024 2940 nec
2043 2903 2134 2939 inter
2155 2907 2242 2937 Deos
2257 2929 2267 2945 ‚
2289 2915 2372 2951 quos

1321 2952 1458 3000 selec‘los
1487 2964 1640 2996 vocant,
1663 2953 1817 2999 felicitas
1846 2953 2026 3000 constituta
2057 2953 2109 3000 est.
2139 2952 2212 2989 Hic
2243 2960 2387 2988 autem.

1330 3001 1356 3039 fi
1368 3010 1509 3052 praeter
1522 3003 1721 3041 Consentes
1735 3032 1745 3048 ‚
1757 3004 1841 3053 quia
1861 3016 1916 3041 res
1930 3015 2061 3053 inagna
2084 3010 2159 3040 erat
2172 3030 2182 3045 ‚
2194 3002 2233 3038 &
2245 3001 2371 3039 mino-

1331 3064 1414 3090 rum
1436 3054 1602 3102 gentium
1626 3054 1676 3091 dii
1711 3053 1860 3091 adhibiti
1892 3056 2040 3091 fuerunt
2064 3082 2074 3099 ‚
2129 3054 2167 3089 &
2189 3052 2369 3088 concilium

1330 3101 1448 3153 poffet
1471 3104 1628 3141 tolerari.
1663 3111 1702 3140 ut
1725 3105 1762 3141 δε
1785 3104 1881 3153 apud
1905 3105 2057 3142 Statium
2081 3103 2129 3141 est
2149 3102 2209 3139 lib.
2233 3114 2260 3137 1.
2289 3102 2370 3152 198.

1334 3155 1373 3191 δε
1394 3153 1478 3191 vai.
1501 3154 1840 3204 Flacc.‚r.2-r3..&
1862 3155 1956 3192 alibi.
1977 3165 2098 3203 neque
2112 3153 2264 3202 dignum
2275 3161 2368 3201 puto

1330 3204 1465 3242 acriter
1485 3204 1529 3242 de
1550 3205 1604 3242 his
1632 3205 1867 3244 contendere.
1895 3206 2154 3243 ssunmwus.

1382 3254 1464 3295 168.
1513 3255 1572 3303 Est
1605 3256 1669 3294 via
1691 3255 1853 3306 sublimis
1895 3256 1978 3310 coelo
2020 3253 2200 3305 manifesta
2228 3254 2372 3342 ,[Ξνέἕῖοῤ

2332 3315 2373 3341 es
