2483 3616
794 183 853 239 P.
929 178 1340 240 OVIDII
1413 176 1943 236 NASONIS

425 292 488 346 59
497 293 525 344 5
562 276 987 351 Taygetenque,
1028 273 1357 348 Hyadasque
1383 272 1552 326 oculis
1577 272 1892 345 Aretonque
1919 270 2136 336 notavi,

565 349 984 423 Ventorumque
1008 348 1202 402 domos
1217 385 1232 409 ‚
1271 344 1326 397 &
1351 357 1538 415 portus
1562 344 1828 416 puppibus
1849 358 2016 417 aptos

568 422 734 479 Forte
760 439 947 495 petens
971 421 1152 475 Delon
1168 459 1183 482 ,
1219 417 1356 471 Diae
1380 417 1580 470 telluris
1608 417 1676 471 ad
1701 434 1818 471 oras

569 497 865 568 Adplicor,
905 496 960 548 δε
986 492 1189 547 dextris
1213 489 1457 545 adducor
1486 489 1642 543 litora
1668 490 1856 544 remis:

570 569 770 641 Doque
795 570 938 623 leves
962 567 1143 621 saltus:
1185 564 1432 633 udaeque
1456 562 1658 615 innitor
1684 581 1888 617 arenae.

426 644 531 695 6oo
568 643 697 696 Nox
721 641 812 695 ubi
837 639 1113 696 consumta
1138 636 1242 696 est3
1282 637 1496 688 Aurora
1520 633 1798 690 rubescere
1824 634 2060 707 primum

565 714 865 785 Coeperat:
905 713 1162 781 exsurg0‚
1200 707 1489 778 laticesque
1512 706 1710 761 inferre
1733 722 1976 763 recentes

567 787 893 846 Admoneo;
936 783 1284 853 monstroque
1310 779 1482 844 viam,
1521 798 1658 853 quae
1693 780 1854 835 ducat
1877 781 1944 836 ad
1967 781 2155 838 undas,

562 858 705 928 Ipse,
743 857 876 929 quid
903 874 1027 911 aura
1050 854 1181 909 mihi
1206 852 1415 907 tumulo
1442 853 1723 923 promittat
1748 852 1811 907 ab
1836 855 1970 924 alt0,

561 930 863 1002 Prospieio:
903 929 1240 1001 comitesque
1266 943 1437 991 νοω,
1475 938 1773 998 repetoque
1798 927 2043 984 carinam.

416 1006 521 1072 605
558 1003 829 1058 Adsumus
856 1020 948 1066 en,
987 1001 1192 1074 inquit,
1228 999 1496 1052 sociorum
1520 997 1722 1071 primus
1746 996 2033 1070 Opheltes:

564 1076 750 1149 thue
775 1088 955 1148 putat,
994 1074 1245 1147 praedam
1271 1071 1483 1124 deserto
1507 1070 1687 1126 naetus
1710 1072 1765 1125 in
1793 1089 1923 1144 agro
1934 1110 1951 1138 ,

561 1149 826 1221 Virginea
850 1166 1078 1221 puerum
1104 1145 1254 1201 ducit
1277 1162 1372 1216 per
1397 1144 1554 1200 litora
1578 1144 1766 1199 forma.

563 1223 682 1288 Ille,
716 1239 869 1277 mero
893 1222 1190 1292 somnoque
1217 1217 1415 1291 g1·aviS‚
1455 1217 1683 1274 titubare
1710 1217 1956 1284 videtur3

325 1438 409 1474 597.
439 1427 550 1465 Chiae
569 1428 701 1466 telluris
719 1426 768 1465 ad
788 1424 903 1476 oran]
933 1423 1108 1463 Adlittus
1141 1424 1225 1464 Chii
1257 1425 1314 1465 in*-

266 1475 374 1515 sulae.
413 1479 472 1516 Est
496 1480 595 1517 enim
630 1481 743 1517 Chios
776 1476 963 1516 clarissima
994 1476 1133 1514 Ionum
1165 1477 1277 1515 insula
1302 1505 1312 1521 ,

267 1539 355 1565 cum
387 1529 550 1578 ejusdem
580 1531 744 1568 nominis
773 1529 861 1567 urbe
884 1528 905 1566 a
928 1528 1026 1567 Chio
1058 1529 1202 1565 Oceani
1234 1528 1312 1567 filio

267 1580 546 1627 cognominata.
571 1579 646 1618 Vel
670 1580 688 1618 a
710 1582 810 1625 nive,
823 1591 917 1630 quae
945 1581 1032 1614 Χιὼν
1055 1577 1198 1616 Graece
1221 1579 1310 1617 dici-

267 1634 350 1673 tur,
365 1630 616 1669 velaChione
638 1632 815 1681 nympha.
857 1631 917 1668 Est
939 1630 1051 1667 etiam
1072 1629 1154 1666 urbs
1177 1630 1308 1668 Cariae

268 1679 712 1727 Chios,&'Cherones1,&
726 1683 912 1720 Euboeae.
929 1679 1021 1717 Sane
1033 1680 1222 1717 sciendum
1237 1682 1308 1730 pri-

268 1741 370 1768 mam
393 1732 563 1781 syllabam
584 1734 622 1771 in
652 1734 841 1782 primitivo
861 1731 1017 1779 corripi,
1043 1731 1081 1768 in
1103 1730 1308 1769 derivativo

267 1790 359 1818 vero
392 1784 557 1831 produci.
594 1786 773 1821 Remus..
811 1782 901 1819 Sunt
931 1782 993 1831 qui
1024 1789 1153 1830 putent
1183 1782 1309 1831 legen-

267 1831 358 1870 dum
375 1861 384 1877 ,
414 1840 500 1870 Ceae
520 1833 594 1870 five
628 1834 712 1870 Ciae
733 1833 864 1870 telluris
878 1861 888 1877 ,
915 1841 1108 1880 propterea
1129 1833 1233 1882 quod
1253 1834 1309 1872 in-

264 1883 320 1920 fra
350 1883 534 1932 sequitur,
561 1889 717 1921 Dextera
749 1890 870 1920 Naxos
891 1894 978 1920 erat.
1026 1884 1125 1920 Nam
1149 1895 1195 1921 ex
1226 1885 1308 1922 Ceo

263 1931 405 1970 Delum
437 1934 555 1971 versus
588 1935 863 1983 navigantibus,
893 1935 1018 1971 Naxus
1047 1933 1066 1971 a
1101 1932 1226 1971 dextra
1253 1935 1310 1984 ja-

265 1991 336 2020 cet.
376 1984 446 2022 Sed
484 1985 530 2022 de
561 1985 636 2023 hoc
663 1986 864 2034 geographi
892 1985 1059 2022 viderint.
1088 1985 1311 2024 M1CYLLUS.

266 2033 392 2083 Lego,
418 2037 509 2072 Diae
533 2048 578 2073 ex
602 2037 777 2073 Abstemii
801 2035 930 2073 codice
954 2049 961 2072 ε
991 2037 1029 2073 &
1050 2036 1142 2072 infra
1158 2064 1167 2079 ‚
1182 2037 1313 2072 Diam-

263 2098 329 2172 {ue
350 2099 448 2130 tene,
475 2099 553 2124 non
576 2095 700 2125 autem
733 2087 875 2124 Chiam.
905 2086 953 2123 est
974 2087 1075 2124 enim
1098 2087 1171 2122 Dia
1200 2087 1313 2125 insula

297 2137 413 2174 accho
445 2137 563 2182 sacra,
591 2150 684 2187 quae
715 2147 821 2175 antea
851 2145 970 2175 Naxos
1003 2138 1069 2174 fuit
1101 2137 1276 2185 appellata
1302 2167 1312 2183 ,

264 2186 353 2232 teste
376 2188 568 2236 Apollonii
590 2190 786 2237 interprete
809 2189 846 2226 in
868 2197 1038 2238 quartum
1064 2187 1206 2236 Argon.
1248 2200 1313 2225 cu-

259 2236 320 2285 jus
351 2239 557 2276 meminere
591 2240 840 2283 Theocritus,
865 2238 1135 2284 callimachuS,
1162 2239 1313 2278 Diodo-

263 2299 322 2325 rus
337 2317 346 2332 ,
376 2291 414 2327 ὃς
438 2291 561 2328 ceteri.
599 2290 756 2327 Ovidius
778 2290 879 2327 alib—it

318 2342 401 2388 Qia
424 2340 537 2378 brevis
557 2342 727 2392 aequoreis
748 2342 821 2377 Dia
835 2343 967 2389 feritur
988 2341 1100 2392 aquis.

266 2386 314 2427 Et
334 2391 372 2428 in
396 2392 545 2430 oetavo
568 2393 676 2441 hujus
697 2393 835 2440 operis:

317 2444 483 2480 Protinus
505 2444 651 2493 Aegides
671 2454 773 2493 rapta
795 2444 952 2481 Minoide
974 2444 1086 2481 Diam

314 2492 396 2529 Vela
417 2494 538 2531 dabat.

267 2542 373 2587 Quin
396 2545 507 2581 etiam
531 2545 650 2583 versus
670 2546 728 2583 ille
750 2546 786 2583 in
809 2546 878 2583 hac
899 2546 1044 2591 fabula„

318 2598 449 2630 Naxon
462 2623 472 2638 ‚
499 2596 552 2631 ait
575 2596 674 2633 Liber
687 2625 696 2641 ‚
725 2598 839 2646 cuifits
857 2598 1033 2634 advertite
1048 2596 1174 2644 vestros
1192 2601 1205 2642 3

261 2640 339 2679 hoc
362 2645 493 2688 modo,
516 2658 628 2694 quem
641 2648 813 2692 diximus,
836 2649 1095 2696 corrigendum
1108 2656 1309 2697 utrumque

263 2692 408 2748 versum
439 2697 656 2742 apertiffime
686 2706 826 2734 monet.
864 2699 1065 2746 Stephanus
1095 2711 1235 2736 novem
1259 2698 1310 2735 ci-

262 2751 394 2781 vitates
409 2772 418 2788 ‚
445 2746 484 2781 ὃς
512 2756 669 2794 quatuor
690 2748 817 2784 insulas
849 2749 940 2784 Diae
959 2749 1203 2797 appellatione
1225 2747 1309 2786 fuis-

259 2791 298 2831 se
315 2803 462 2833 vocatas
475 2798 728 2834 monumentis
749 2797 948 2835 mandavit.
984 2804 1128 2837 consr.
1148 2802 1307 2837 FANEN-

262 2854 327 2882 sis.
363 2846 453 2883 Non
481 2857 590 2894 parva
619 2847 807 2884 difficultas
839 2848 899 2885 est.
941 2861 1064 2898 neque
1095 2851 1195 2887 enim
1228 2862 1307 2887 cer-

259 2902 345 2932 tum
368 2896 417 2933 est
431 2925 441 2940 ,
469 2896 569 2934 unde
589 2898 750 2945 primum
782 2899 944 2936 Acoetes
964 2900 1136 2937 moverit.
1162 2899 1222 2936 sed
1239 2912 1306 2937 ne-

262 2957 338 2999 que
360 2947 568 2992 Homerus,
598 2959 720 2996 neque
744 2948 903 2986 Ovidius
926 2951 1110 2987 meminit.
1138 2950 1303 2996 Quando

261 3004 389 3035 autem
411 2997 522 3046 Lydii
554 3006 679 3042 erant,
707 3010 752 3035 ex
785 2999 907 3046 Lydia
939 3000 1077 3037 Delum
1107 3007 1271 3047 petentes
1294 3028 1304 3045 ‚

262 3047 402 3089 Chium
423 3048 550 3085 venire
572 3057 753 3097 poterant.
785 3058 949 3085 ceterum
972 3049 1076 3099 quod
1097 3049 1220 3097 postea
1240 3050 1304 3094 ait,

261 3099 419 3135 Dexiera
443 3105 564 3135 Naxos
583 3109 657 3135 erat
671 3099 739 3144 ,de
759 3099 872 3147 longe
896 3099 1011 3148 pofita
1043 3100 1169 3136 dextra
1191 3100 1304 3137 nimi-

261 3158 344 3185 rum
376 3149 597 3198 intelligitur.
643 3149 670 3187 fi
700 3149 851 3199 quidem
886 3162 906 3187 a
939 3151 1035 3188 Chio
1066 3150 1299 3199 navigabant.

260 3197 429 3247 Ideoque
471 3199 621 3248 quidam
663 3212 742 3238 non
791 3201 952 3237 omnino
1001 3209 1142 3237 temere
1196 3200 1300 3238 dubi-

257 3254 337 3286 tant
358 3249 454 3287 sitne
482 3250 680 3299 legendum
705 3279 716 3296 ,
753 3257 840 3288 Ceae
858 3252 1002 3290 telluris.
1028 3251 1076 3288 sic
1098 3251 1197 3288 enim
1220 3251 1299 3288 De-

249 3295 331 3336 ·ium
349 3300 554 3349 petentibus
583 3302 711 3344 Naxos
732 3310 807 3354 erat
828 3301 987 3344 dextera.
1022 3303 1075 3344 At
1098 3315 1178 3344 non
1209 3302 1299 3356 faci-3

2272 1290 2414 1350 Vix:

1367 1425 1401 1463 Ie
1444 1423 1646 1475 quidquam
1688 1424 1873 1462 mutarim.
1930 1421 2006 1461 hoc
2038 1421 2157 1461 obiter
2185 1422 2412 1470 notandum,¹

1368 1488 1480 1525 quam
1505 1475 1722 1513 Herodotus
1750 1476 1809 1513 lib.
1842 1488 1933 1513 vm.
1970 1480 2075 1519 Ceon,
2098 1474 2249 1512 &item
2281 1475 2412 1513 Strabo

1364 1527 1424 1565 lib.
1448 1540 1492 1564 Π.
1516 1538 1598 1564 eam
1622 1537 1641 1563 a
1664 1527 1881 1564 Ptolemaeo
1902 1525 2032 1563 Chiam
2047 1553 2058 1570 ,
2080 1537 2106 1562 -a
2125 1525 2266 1562 Latinis
2286 1532 2412 1572 Ceam,

1366 1588 1406 1616 ut
1429 1579 1518 1616 Plin.
1538 1578 1597 1614 lib.
1622 1588 1674 1613 iv.
1697 1589 1776 1626 cap.
1808 1589 1863 1614 iz.
1900 1573 2016 1613 affer-it
2039 1604 2050 1620 ‚
2078 1576 2160 1614 dici.
2189 1576 2413 1625 Tetrapolin

1363 1630 1556 1679 quondam
1580 1628 1715 1665 dietam
1739 1641 1758 1665 a
1778 1636 1937 1677 quatuor
1958 1627 2102 1663 urbibus
2126 1655 2136 1671 ‚
2172 1639 2267 1676 quae
2287 1628 2414 1675 postea

1364 1681 1458 1718 duae
1480 1682 1593 1718 fuere.
1625 1691 1720 1729 quae
1744 1691 1832 1716 vero
1864 1680 1958 1716 inter
1989 1678 2120 1714 Chiam
2145 1679 2184 1714 &
2215 1678 2413 1725 Siphnum,

1363 1744 1439 1768 non
1465 1732 1589 1769 Chion
1613 1759 1624 1775 ,
1652 1739 1691 1768 ut
1722 1742 1911 1778 perperam
1939 1728 2090 1778 quidam
2111 1728 2315 1766 Ptolemaei
2348 1740 2419 1773 co-‚

1363 1782 1461 1819 dices
1492 1782 1654 1825 habent,
1681 1781 1742 1818 sed
1774 1782 1843 1818 lon
1874 1779 1944 1817 effe
1978 1780 2130 1816 insulam
2164 1780 2327 1816 Homeri
2357 1779 2415 1817 se-

1362 1834 1516 1882 pulchro
1538 1832 1713 1870 nobilem.
1757 1832 1967 1869 GLAREAN.
2007 1830 2122 1867 Rene
2154 1831 2412 1879 Langerman-

1363 1884 1516 1928 manus,
1544 1884 1645 1920 Diae.
1695 1884 1824 1920 Naxos
1844 1882 1945 1920 enim
1978 1881 2125 1918 Baccho
2157 1882 2263 1918 sacra.
2317 1882 2411 1920 Non

1365 1935 1521 1973 diffimili
1543 1934 1661 1971 modo
1683 1934 1775 1971 infra
1798 1934 1848 1970 bis
1879 1940 2073 1982 peccatum
2097 1932 2156 1969 est.
2197 1933 2410 1972 Hfimsxus.
2477 1962 2480 1967 .

1367 1987 1503 2023 Omnis
1524 1986 1583 2022 illa
1605 1985 1807 2027 difficultas,
1821 1996 1932 2032 quam
1956 1984 2015 2020 hic
2039 1991 2171 2020 movet
2193 1984 2415 2030 Glareanus,‘

1365 2037 1472 2074 facile
1494 2036 1702 2079 tolleretur,
1732 2034 1758 2071 fi
1780 2035 1938 2072 Ovidius
1968 2034 2113 2077 locum,
2134 2034 2233 2071 unde
2254 2033 2414 2073 solviffet

1366 2088 1555 2131 Acoetes,
1581 2084 1779 2124 indicaffet.
1816 2085 1875 2122 sed
1898 2084 1923 2121 fi
1939 2085 2018 2134 jam
2053 2096 2073 2120 a
2100 2084 2223 2132 Lydia
2257 2086 2379 2123 movit
2399 2101 2418 2131 ,·

1366 2139 1486 2186 potuit
1508 2139 1603 2186 prius
1626 2149 1728 2174 oram
1762 2135 1870 2173 Afiae
1891 2135 2013 2184 legiffe
2028 2163 2037 2178 ,
2062 2143 2103 2172 ut
2122 2135 2286 2172 solebant
2307 2144 2414 2173 vete-

1368 2201 1423 2226 res
1448 2217 1458 2233 ,
1497 2190 1535 2226 ὅ(
1568 2187 1654 2226 inde
1686 2187 1798 2231 reeta,
1832 2198 1917 2223 cum
1940 2184 2093 2223 veniffet
2123 2185 2169 2223 ad
2202 2185 2413 2234 oppositam

1369 2241 1481 2277 Naxo
1499 2252 1602 2277 oram
1619 2268 1628 2282 ‚
1659 2238 1801 2275 cursum
1834 2235 1999 2274 direxifl'e
2021 2265 2031 2280 ,
2059 2236 2158 2273 unde
2189 2236 2308 2274 brevis
2337 2245 2415 2276 erat

1367 2291 1413 2327 ad
1435 2291 1561 2328 Delon
1592 2289 1790 2337 navigatio.
1827 2300 1915 2325 nam
1938 2286 2161 2335 compendia
2183 2287 2242 2325 illa
2262 2288 2415 2337 naviga-

1367 2342 1478 2379 tionis
1516 2353 1580 2390 per
1611 2340 1776 2377 medium
1808 2351 1908 2376 mare
1940 2347 2081 2376 veteres
2112 2350 2190 2375 non
2229 2338 2413 2379 audebant

1367 2392 1510 2441 semper
1539 2392 1649 2440 sequi.
1685 2393 1723 2428 &
1752 2389 1838 2427 ideo
1869 2401 1947 2427 non
1977 2397 2119 2427 temere
2151 2400 2194 2426 ex
2224 2388 2413 2429 hodiernis

1364 2452 1558 2481 nautarum
1589 2442 1774 2479 itineribus
1796 2469 1807 2487 ,
1834 2449 2004 2478 veterum
2035 2439 2153 2477 cursus
2182 2439 2262 2477 sunt
2303 2451 2414 2489 com-1

1365 2494 1541 2543 ponendi.
1572 2494 1700 2530 ΒΗΜΛ.

1417 2545 1499 2593 598.
1526 2549 1574 2581 Et
1595 2545 1698 2580 ducor
1716 2544 1847 2580 dextris
1868 2543 1916 2580 ad
1929 2543 2038 2579 litora
2066 2540 2198 2590 remis]
2238 2540 2408 2579 Temere

1364 2596 1515 2644 quidam
1528 2596 1576 2632 ita
1587 2595 1769 2643 legunt&
1781 2595 1967 2642 corrigunt
1979 2604 2109 2630 omnes
2128 2592 2205 2629 libri
2217 2592 2345 2640 scripti.
2360 2598 2406 2630 Et

1365 2647 1497 2683 dextris
1518 2647 1670 2682 adducor
1698 2646 1802 2681 litora
1824 2645 1937 2679 remis.
1974 2643 2100 2679 Solent
2119 2643 2220 2680 enim
2252 2641 2408 2691 saepiffi-

1364 2695 1427 2734 me
1449 2698 1587 2733 Poetae
1609 2693 1917 2744 praepositionem
1949 2694 2063 2730 verbo
2086 2693 2218 2731 addere
2240 2721 2251 2737 ,
2278 2693 2317 2730 ὃς
2338 2705 2409 2731 no-

1364 2747 1455 2784 mini
1477 2746 1678 2783 detrahere.
1717 2745 1837 2793 Hujus
1869 2744 1943 2788 rei,
1969 2751 2109 2792 praeter
2141 2744 2228 2781 alios
2244 2772 2254 2788 ,
2281 2743 2412 2792 plenus,

1363 2797 1411 2833 est
1444 2796 1633 2834 Horatius.
1670 2795 1885 2832 Cromnos.
1930 2795 2108 2831 Adducor.
2146 2795 2195 2832 ita
2217 2806 2261 2831 ex
2284 2796 2412 2833 omni-⁴

1361 2847 1426 2885 bus
1451 2847 1517 2885 suis
1540 2846 1645 2883 MSS.
1672 2846 1864 2889 Ciofanus,
1897 2846 1935 2882 &
1965 2846 2092 2894 probat
2125 2845 2301 2882 Gruterus
2325 2874 2336 2890 ,
2363 2847 2404 2883 δε

1359 2899 1508 2947 plurimi
1536 2897 1657 2935 nostri.
1683 2896 1742 2933 alii
1766 2897 1859 2933 male
1885 2925 1894 2941 ,
1923 2909 1966 2936 eo*
1986 2896 2089 2932 dacor
2120 2896 2251 2933 dextris
2283 2896 2332 2932 ad
2361 2895 2406 2933 li-

1359 2960 1435 2985 tora
1455 2949 1568 2985 remis.
1594 2948 1682 2984 alter
1704 2947 1967 2984 Gronovianus
1989 2959 2067 2984 non
2091 2947 2186 2984 male
2200 2974 2211 2992 ,
2237 2947 2406 2995 advertet:

1361 2999 1466 3036 litora
1489 2999 1600 3035 remis.
1633 2997 1679 3034 sie
1702 2998 1766 3035 inf.
1791 2998 1876 3047 636.

1415 3056 1571 3094 Naxon,
1598 3050 1650 3085 ait
1672 3048 1795 3093 Liber,
1821 3048 1938 3098 cursus
1957 3048 2133 3086 advertite
2152 3049 2289 3096 vestros.

1360 3099 1408 3137 vs.
1433 3100 1516 3148 649.
1554 3098 1728 3149 Scythicas
1761 3100 1965 3137 advertitur
1994 3113 2080 3136 oras.
2115 3098 2175 3137 sed
2207 3100 2324 3138 nolim
2346 3099 2404 3137 tess

1354 3162 1456 3188 mere
1480 3159 1621 3188 mutare
1645 3152 1686 3185 ‘rb
1706 3151 1870 3188 adducor.
1899 3149 2192 3199 Apulej.lib.111.
2207 3151 2301 3188 Met.
2322 3151 2400 3187 Cir-

1354 3202 1557 3238 cumdaft‘as
1583 3200 1780 3249 angulatim
1807 3203 1924 3245 forum
1945 3200 2077 3250 ejusque
2106 3200 2266 3238 tribuaal
2293 3200 2397 3248 adsti-

1355 3263 1445 3289 tuor.
1468 3252 1530 3289 ubi
1552 3253 1649 3290 forte
1669 3251 1867 3301 legendum
1881 3280 1891 3296 ,
1909 3253 2033 3298 forum
2055 3265 2130 3288 reus
2153 3262 2256 3303 atque
2284 3251 2396 3288 tribu-

1353 3303 1416 3356 nal
1446 3303 1626 3354 adstituor.
1653 3302 1714 3345 lib.
1737 3315 1773 3345 v.
1799 3303 1949 3358 GWfffl‘?
1971 3316 2042 3358 voss
2069 3303 2143 3354 ,ejus
2171 3316 2271 3342 aures
2300 3301 2399 3347 adfe-

2324 3361 2394 3390 FUT·
