2483 3616
758 206 818 264 P.
894 204 1316 265 OVIDII

1389 200 1936 261 NASONISv

564 290 637 348 Et
663 309 846 348 comes
863 330 879 356 ‚
902 292 952 345 &
983 290 1100 344 veri
1123 305 1233 343 non
1261 286 1610 342 diffimulator
1636 291 1860 352 amoris;

563 365 851 438 Postquam
877 362 1210 416 exhalantem
1233 360 1325 415 sub
1351 359 1546 415 acerbo
1571 360 1792 416 vulnere
1817 363 1983 416 vitam

555 435 870 508 Deploravit
895 433 1095 498 Athin3
1121 451 1257 508 quos
1283 433 1368 506 ille
1392 432 1696 489 tetenderat
1712 476 1724 494 ‚
1751 451 1903 488 arcus

557 509 799 580 Adripit:
831 507 916 572 δε,
940 506 1167 562 Mecum
1192 506 1288 561 tibi
1313 505 1410 560 sint
1436 507 1754 570 certamina,
1777 507 1957 562 dixit:

465 587 528 650 65
562 583 678 637 Nec
704 582 925 653 longum
948 580 1100 652 pueri
1123 579 1234 633 fato
1259 578 1553 637 laetabere;
1580 595 1700 650 quo.
1714 580 1845 650 plus

562 652 825 718 Invidiae,
848 670 1009 727 quam
1034 652 1230 715 laudi3‚
1266 650 1440 706 habes,
1474 650 1606 705 haec
1635 651 1814 706 omnia
1836 651 2080 708 nondum

568 726 826 780 Dixerat:
869 726 1089 780 emicuit
1114 741 1280 779 nervo
1305 722 1632 797 penetrabile
1655 724 1849 778 telum:

567 798 952 871 Vitatumque,
993 811 1172 852 tamen
1199 797 1405 852 sinuosa
1427 796 1569 853 veste
1596 797 1870 869 pependit.

565 870 748 925 Vertit
775 871 831 925 in
855 870 998 926 hunc
1025 870 1227 943 harpen
1243 910 1259 933 ,
1293 869 1579 943 speciatam
1603 869 1771 924 caede
1797 868 2096 934 Medusae.

464 963 529 1009 ro
569 942 991 1009 Acrifioniades,
1031 944 1308 1016 adigitque
1334 944 1392 998 in
1417 942 1616 1015 pectus
1653 955 1705 995 at
1730 942 1817 996 ille

567 1017 685 1088 Jam
710 1017 944 1071 moriens
961 1057 975 1081 ‚
1014 1017 1180 1071 oculis
1206 1016 1298 1070 sub
1321 1017 1479 1070 noete
1505 1014 1803 1070 natantibus
1829 1016 1938 1069 atra
1954 1058 1969 1082 ,

570 1089 966 1162 Circumspexit
991 1090 1189 1144 Athin:
1231 1089 1393 1162 seque
1420 1087 1704 1143 adclinavit
1730 1087 1784 1141 in
1808 1089 1982 1142 illum:

568 1162 643 1217 Et
672 1163 792 1217 tulit
820 1163 888 1217 ad
915 1180 1095 1217 manes
1114 1159 1324 1233 junctae
1352 1162 1531 1216 solatia
1558 1161 1761 1216 mortiS.

565 1234 715 1290 Ecce
741 1235 1012 1308 Syenite8‚
1052 1236 1264 1306 genitus
1290 1233 1613 1296 Methione‚
1658 1233 1925 1297 Phorba8‚

462 1326 526 1378 75
566 1307 638 1362 Et
665 1307 832 1380 Libys
860 1307 1297 1380 Amphimedon,
1336 1307 1479 1362 avidi
1504 1306 1846 1362 committere
1870 1323 2135 1380 pugnam,

570 1380 866 1455 Sanguine,
901 1398 1013 1455 quo
1037 1382 1190 1436 tellus
1214 1380 1318 1436 late
1345 1380 1643 1437 madefacta
1669 1379 1914 1453 tepebat,

333 1568 393 1606 59.
422 1556 584 1594 Foedatos
605 1555 739 1592 vultus.
759 1553 775 1605 ]
808 1553 984 1591 Laudatos
1007 1553 1327 1591 Florent.S.Mar-

280 1607 315 1645 ei
337 1635 348 1652 ,
387 1608 538 1645 Thuan.
574 1607 692 1655 Neap.
720 1605 789 1644 sec.
822 1604 961 1643 Medic.
995 1605 1106 1653 prim.
1138 1604 1261 1644 Varie.
1289 1605 1328 1642 δ’(

279 1665 350 1695 tres
371 1657 440 1696 alii.
464 1658 591 1707 probe.
618 1656 666 1694 fic
688 1657 709 1694 1.
733 1669 805 1693 xxx.
834 1655 917 1704 398.

334 1711 539 1760 Pestoraque
561 1707 739 1757 artificum
760 1706 916 1744 laudatis
934 1705 1099 1756 proxima
1112 1704 1232 1756 signis.
1287 1721 1300 1732 ·

281 1758 412 1796 Statius
435 1760 558 1797 Coma
578 1759 726 1796 Earini:

337 1810 460 1860 Accipe
481 1810 666 1854 laudatos,
685 1809 829 1858 juvenis
851 1806 1031 1852 Phoebeie,
1058 1807 1175 1845 crines.

280 1858 342 1896 Sic
363 1859 599 1908 laudatiffima
610 1859 737 1907 fhrmd
749 1864 835 1907 Tyro
847 1858 1005 1907 Epistola
1026 1858 1159 1897 Herus.
1188 1859 1334 1898 Hiems.

279 1909 383 1954 Vide
404 1910 451 1948 ad
471 1911 529 1948 lib.
547 1923 578 1948 1.
607 1911 691 1959 546.
718 1911 756 1947 ὃ(
779 1910 888 1958 Epist.
911 1921 990 1946 xvi.
1018 1920 1099 1958 131.

333 1961 394 1998 61.
421 1965 469 1997 Et
491 1960 636 2011 comes.]
665 1967 700 1998 It
719 1974 822 1998 comes
844 1961 901 1997 Pr.
923 1960 1077 1997 Thuan.

331 2012 392 2048 62.
420 2010 487 2048 Sub
517 2011 632 2048 acerbo
663 2011 806 2048 vulnere
835 2010 992 2060 vitam]
1033 2011 1242 2057 Vivianus,
1259 2013 1327 2063 sub

280 2061 394 2098 acerbi
416 2062 572 2099 vulneris
591 2063 684 2107 ι’ἑῖιι,
711 2070 752 2099 ut
774 2061 998 2099 exhalantem
1021 2059 1230 2110 simpliciter
1242 2063 1329 2102 effet

279 2111 452 2159 positu-m.
481 2113 536 2149 Ut
555 2112 675 2149 halare
693 2113 785 2150 infra
797 2111 979 2150 viI-310.
1012 2113 1152 2150 Hiems.
1180 2114 1327 2164 Sedpu-

281 2171 322 2198 το
347 2162 435 2199 nihil
467 2161 539 2200 esse
565 2163 799 2201 mutandum.
830 2175 918 2200 nam
942 2163 980 2198 ὃ(
1005 2174 1096 2199 mox
1127 2165 1208 2201 106.
1248 2166 1329 2203 ani-

281 2224 380 2249 mam
400 2213 602 2262 expiravit,
631 2214 692 2251 ubi
725 2214 988 2251 Gronovianus
1021 2213 1208 2252 exhalavit
1231 2227 1328 2266 quo-

282 2274 368 2311 que.
395 2271 435 2301 ut
455 2265 493 2301 &
514 2277 585 2302 vn.
607 2264 693 2302 861.

914 2328 957 2356 (J
981 2329 1020 2351 ln
1047 2329 1099 2352 me

333 2365 507 2413 Infelicem
527 2366 688 2404 animam
711 2367 883 2419 nostroque
903 2365 1048 2404 exhalat
1072 2367 1109 2403 in
1129 2381 1194 2406 ore.

279 2426 339 2453 txr.
363 2429 422 2466 43.

408 2475 451 2507 In
473 2479 593 2506 ventos
614 2469 737 2506 anima
758 2469 926 2506 exhalata
950 2467 1082 2517 receffit.

281 2527 342 2553 xv.
367 2530 449 2566 527.

688 2570 883 2622 fessamque
909 2572 1043 2608 videres

334 2618 511 2657 Exhalari
542 2621 713 2658 animam.

282 2666 330 2703 Et
352 2668 533 2717 eleganter
545 2671 681 2709 dictum
699 2700 710 2717 ‚
729 2672 796 2719 fieb
818 2672 934 2710 acerbo
954 2672 1121 2717 vulnere,
1141 2672 1245 2723 quod
1267 2673 1332 2711 ali·

286 2725 363 2761 ter,
391 2732 432 2755 ex
454 2721 594 2776 nglnere
627 2723 714 2759 mori
736 2724 871 2761 dicunt.
899 2724 956 2761 illa
989 2724 1089 2760 enim
1112 2723 1331 2772 praepositio

281 2767 350 2816 sub
374 2768 570 2817 saepiflime
590 2773 735 2819 ponitur
748 2803 757 2818 ‚
784 2783 824 2811 ut
844 2773 1004 2811 caussam
1031 2774 1091 2810 vel
1111 2774 1331 2811 instrumen-

285 2827 366 2854 'tum
390 2828 507 2857 notet.
536 2821 634 2859 Hor.
661 2834 717 2859 lv.
746 2825 779 2861 8.
822 2825 865 2861 ub
882 2821 1061 2873 perczcfflre
1082 2824 1330 2861 mori.&imi-

284 2876 383 2955 tatgr
403 2870 600 2908 meliorum
623 2873 798 2922 josephus
826 2874 938 2912 Iscan.
963 2875 1022 2912 lib.
1044 2886 1098 2912 v1.
1121 2873 1207 2913 Bell.
1221 2874 1329 2923 Troj.

287 2931 331 2968 ³9
361 2949 368 2956 .

333 2977 436 3007 Ham
456 2972 576 3019 jaculis
591 3001 600 3017 ,
628 2972 719 3011 hunc
739 2975 812 3023 ense
832 2975 931 3011 metit
946 3002 956 3019 ,
969 2984 1135 3023 tantoque
1147 2973 1217 3023 sub
1238 2975 1325 3022 hoste

337 3021 440 3057 Nulli
459 3033 554 3073 turpe
576 3024 675 3061 mori.

280 3070 385 3108 Plura
418 3072 463 3109 de
495 3073 560 3110 usu
589 3074 696 3123 hujus
733 3074 1008 3124 praepositionis
1046 3074 1198 3112 notavit
1235 3074 1329 3112 Eru-

283 3121 472 3160 ditiffimus
505 3124 720 3174 &longiori
745 3126 818 3162 vita
840 3126 984 3175 dignior
1016 3124 1262 3172 Schultingius
1284 3126 1329 3164 ad

283 3171 410 3209 Senec.
431 3173 569 3212 Suasor.
589 3187 661 3215 vir.
690 3177 736 3214 Et
756 3177 806 3214 ita
828 3177 991 3214 Graecos
1012 3186 1164 3225 quoque
1186 3175 1331 3213 locutos

283 3230 382 3269 patet
406 3235 449 3262 ex
463 3226 621 3274 Sophoc.
650 3227 756 3276 Ajac.
790 3239 896 3277 1037.
920 3227 983 3276 qui
1004 3226 1093 3264 dixit
1126 3222 1190 3269 ὑφ’
1211 3223 1247 3261 οὗ
1263 3227 1329 3273 φο·

284 3273 363 3313 νέως
397 3273 622 3321 ἐξεπνεύσας.
650 3278 719 3327 sub
750 3292 814 3328 quo
845 3277 1024 3328 percussore
1051 3276 1240 3326 exspirasti.
1259 3277 1327 3327 sub

282 3321 394 3358 acerbe
408 3327 533 3370 funere
558 3329 705 3368 Lovan.
729 3330 768 3368 ὃς
791 3329 958 3368 Urbinas.
984 3328 1114 3367 Boia.

2282 1451 2442 1508 Con--

1436 1554 1494 1600 64.
1521 1560 1661 1592 Mecum
1683 1553 1747 1591 tibi
1758 1550 1846 1603 sinc.
1868 1552 1885 1602 ]
1926 1552 1970 1590 In
2001 1550 2137 1590 eodem
2171 1562 2259 1590 meo
2275 1579 2286 1597 ‚
2312 1561 2424 1589 tecum

1383 1604 1484 1643 mihi.
1514 1606 1629 1642 C1012.
2140 1613 2142 1616 ’

1434 1658 1493 1704 65.
1522 1662 1594 1693 Nec
1622 1653 1810 1706 longum]
1865 1661 1977 1705 Longo
2011 1653 2219 1704 Cantabrig.
2280 1652 2425 1692 Medic.

1382 1707 1493 1755 Junn.

1435 1757 1495 1795 66.
1525 1758 1687 1795 Invidiae
1707 1771 1814 1808 quam
1837 1757 1952 1795 laudis
1969 1755 2082 1794 habes.
2097 1756 2113 1807 ]
2129 1755 2272 1794 Invidia
2286 1755 2427 1794 crimen
2472 1762 2473 1765 ’

1384 1809 1424 1847 &
1443 1809 1588 1857 culpam
1607 1837 1616 1851 ‚
1635 1818 1675 1846 ut
1698 1808 1856 1848 diximus
1871 1837 1881 1853 ‚
1909 1807 2077 1858 persaepe
2099 1806 2274 1857 significat
2287 1835 2296 1852 ‚
2325 1818 2430 1855 prae-

1382 1860 1564 1910 cipueque
1588 1859 1743 1897 Ovidio.
1772 1870 1812 1896 ut
1832 1862 1907 1898 hoc
1928 1860 2013 1896 loco
2031 1887 2041 1904 ,
2067 1860 2105 1896 ὃ(
2137 1860 2174 1896 in
2197 1857 2363 1908 sequenti
2385 1858 2428 1895 li-

1382 1910 1463 1949 bro.
1494 1917 1615 1947 Mater
1636 1911 1674 1948 in
1695 1911 1837 1948 invidia
1858 1910 1912 1958 est.
1931 1911 1968 1947 ὃς
1991 1910 2086 1947 circa
2107 1908 2220 1946 finem
2241 1908 2399 1957 ejusdem
2417 1935 2429 1953 2
2446 1942 2449 1946 .

1383 1962 1477 2000 nobis
1505 1962 1686 2011 Cinyreius
1718 1961 1812 1999 heros
1849 1961 2011 1998 Invidiae
2044 1969 2202 1997 mutatus
2220 1959 2296 1996 erit.
2325 1959 2424 1997 &in

1382 2014 1505 2062 primo
1528 2012 1701 2050 Remedii
1715 2040 1726 2057 ,
1751 2013 1934 2049 Invidiam
1957 2011 2068 2048 caedis
2085 2010 2179 2061 pacis
2200 2019 2338 2046 amator
2360 2008 2426 2046 ha-

1383 2063 1448 2102 bes.
1463 2064 1550 2102 &in
1572 2063 1725 2101 Didone
1740 2091 1750 2107 ,
1774 2064 1824 2099 da
1847 2062 1990 2099 veniam
2014 2062 2127 2111 culpae
2149 2061 2272 2110 decepit
2290 2060 2447 2098 idoneus.

1383 2118 1526 2160 audior,
1554 2114 1739 2151 Invidiam
1770 2127 1880 2150 noxae
1900 2112 2056 2149 detrahit
2084 2111 2140 2149 ille
2159 2125 2263 2149 meae.
2319 2111 2426 2148 Con-

1386 2177 1581 2204 STANTIUS
1603 2167 1809 2202 FANExsxs.
1844 2165 1951 2201 Haec
1974 2163 2217 2200 refutavimus
2233 2162 2314 2211 jam
2335 2161 2428 2211 supr.

1381 2217 1442 2255 lib.
1466 2229 1519 2255 1v.
1569 2228 1629 2262 47.

1435 2267 1524 2317 69.]
1546 2231 1798 2311 Silcadefaelam
1821 2265 1918 2301 caede
1940 2263 2142 2313 Medusae]
2173 2265 2318 2301 Omnes
2342 2262 2426 2300 scri-

1380 2318 1457 2367 pti,
1475 2320 1668 2367 spectatam
1690 2317 1798 2353 caede.
1826 2317 1945 2353 C1012.
1988 2315 2323 2364 Quidamtamen,
2350 2316 2432 2362 foe--

1386 2370 1511 2406 datam
1526 2386 1537 2405 .·
1564 2368 1624 2406 sed
1645 2379 1851 2416 perperam.
1874 2366 1934 2403 lib.
1951 2378 2038 2403 vm.
2064 2378 2148 2412 301.

1787 2419 1961 2478 Spec‘iatus
1972 2415 2129 2454 caestibus
2147 2415 2246 2453 alter.

1383 2469 1460 2507 Ubi
1480 2470 1574 2509 vide.
1598 2470 1715 2514 corde,
1740 2470 1778 2507 &
1804 2481 1825 2506 a
1854 2480 1905 2505 m.
1931 2467 1954 2505 s.
1981 2477 2089 2506 morte
2116 2467 2350 2505 Gronovian.

1437 2533 1495 2562 70.
1523 2522 1725 2572 Adigitque.
1749 2520 1765 2570 ]
1808 2519 1998 2569 Adicitque
2017 2517 2187 2555 Urbinas.
2215 2526 2255 2555 ut
2282 2519 2429 2569 adjicere·

1387 2572 1495 2609 telum
1515 2571 1639 2621 paffim
1662 2571 1731 2618 Jul.
1755 2570 1895 2608 Caesar.
1911 2570 2057 2619 figitque
2078 2568 2246 2606 Leidens.

1439 2635 1494 2669 72.
1523 2629 1626 2673 Seque
1645 2622 1846 2659 adclinavit
1865 2620 1914 2655 ad
1933 2617 2076 2667 illum.]
2113 2619 2203 2656 Duo
2237 2619 2344 2664 mei,
2383 2620 2423 2658 &
2470 2644 2473 2666 ς

1385 2673 1475 2717 alii,
1512 2679 1615 2723 Seque
1645 2671 1847 2708 inclinavit.
1903 2668 2022 2718 Quod
2054 2669 2290 2707 retinendum
2320 2678 2435 2718 puto..
2468 2701 2472 2709 ,

1389 2724 1557 2760 ΕΙΟΡΑΝ.
1589 2721 1665 2759 Alii
1681 2721 1903 2765 ,inclina—vit.
1928 2721 2144 2769 Bernegger.
2171 2720 2363 2758 acclinavit
2389 2721 2440 2759 im.
2467 2743 2475 2757 ι.

1387 2773 1500 2811 illu-m.
1528 2772 1654 2822 probe.
1680 2772 1822 2809 Hzems.

1439 2836 1496 2870 74.
1521 2829 1603 2860 Ecce
1612 2822 1800 2872 symma]
1830 2823 1872 2860 In
1895 2821 2278 2866 veteribusssuenites.
2298 2834 2366 2860 nos
2386 2821 2422 2860 id
2465 2824 2470 2858 l

1386 2889 1409 2912 u
1432 2887 1499 2924 pro
1528 2889 1549 2924 y
1579 2883 1746 2911 veterum
1784 2885 1891 2911 more
1922 2872 2081 2921 pofitum
2106 2872 2298 2910 credimus.
2336 2872 2424 2923 quin
2464 2884 2469 2903 s

1386 2926 1535 2974 Syenites
1554 2926 1592 2963 &
1614 2923 1804 2963 Planudes.
1832 2925 2006 2973 Syenites,
2042 2931 2166 2960 autem
2203 2934 2223 2959 a
2244 2928 2346 2971 Syene
2367 2935 2431 2961 ur-

1385 2977 1430 3013 be
1451 2976 1590 3013 dietum
1625 2975 1686 3012 est.
1723 2976 1825 3024 cujus
1857 2975 1997 3012 incolas
2027 2974 2175 3022 Syenites
2205 2972 2277 3010 dici
2307 2974 2354 3010 ait
2386 2974 2424 3011 ὅς
2461 2995 2468 3021 ῃ

1388 3026 1603 3074 Stephanus.
1626 3027 1882 3063 Nauezmus.
1929 3025 1990 3062 Ab
2032 3024 2171 3072 oppido
2206 3023 2426 3072 Aethiopiae
2460 3044 2465 3066 μ

1389 3078 1533 3122 suenio,
1573 3077 1727 3113 Suenites
1749 3088 1891 3114 nomen
1919 3074 2054 3124 gentile
2091 3074 2283 3112 diducitur.
2342 3075 2425 3112 Ele·
2460 3081 2469 3094 ’Ψ

1384 3137 1511 3175 ganter
1551 3136 1674 3164 autern
1710 3127 1748 3163 &
1781 3127 1935 3174 patriam
1968 3126 2005 3162 &
2038 3136 2151 3174 genus
2185 3124 2279 3162 istius
2309 3125 2424 3162 Phor·
2458 3134 2461 3162 Γ

1386 3177 1500 3215 bantis
1523 3177 1687 3214 describit
1720 3181 1832 3225 poeta
1856 3205 1867 3222 ,
1905 3175 2034 3223 nequis
2058 3174 2265 3212 Phorbanta
2289 3173 2429 3212 Priami
2457 3190 2462 3207 :

1384 3227 1501 3265 filium
1536 3228 1586 3266 illi
1617 3239 1760 3276 pugnae
1801 3224 1999 3265 interfuifl'e
2042 3234 2157 3275 putet.
2212 3226 2266 3262 Hi
2297 3234 2420 3263 autem
2456 3252 2458 3255 -

1384 3290 1516 3316 omnes
1531 3306 1541 3323 ‚
1563 3290 1657 3328 quos
1677 3280 1750 3315 hoc
1772 3277 1858 3315 loco
1890 3280 2003 3325 poeta
2035 3284 2254 3321 enumerat,
2279 3273 2416 3313 obscuri

1381 3329 1485 3375 sunt,
1513 3341 1582 3369 nec
1606 3342 1626 3368 a
1649 3339 1841 3380 quoquam
1863 3328 1935 3367 alio
1959 3326 2154 3376 scriptore,
2181 3325 2284 3377 quod
2295 3325 2417 3410 sciapi,

2321 3385 2360 3411 ce
2377 3384 2414 3410 e·
