2483 3616
270 162 371 231 496

756 150 816 207 P.
890 141 1294 205 0V1D11
1363 137 1893 200 NASONIS

562 266 830 340 [Ultaque
854 264 906 320 se
930 262 1066 319 male
1090 270 1287 322 mater,
1322 256 1517 314 Iasonis
1544 255 1734 330 effugit
1757 258 1956 328 arma.]

638 341 788 396 Hinc
812 336 1107 393 Titaniacis
1131 332 1298 386 ablata
1324 330 1673 395 draconibUS,
1709 331 1873 387 intrat

559 412 815 471 Palladias
843 426 987 464 arces
1005 427 1016 462 :

1057 411 1193 480 quae
1217 418 1272 459 te
1293 443 1309 469 ,
1342 402 1616 476 justiffime
1642 402 1880 467 Phineu,

424 508 529 561 400
565 487 790 560 Teque,
828 484 988 537 senex
1010 479 1265 551 Peripha,
1302 477 1500 550 pariter
1527 474 1712 557 videre
1736 476 2015 535 volantes>

565 561 910 631 innixamque
933 555 1086 611 novis
1112 563 1332 623 neptem
1357 550 1739 622 Polypemonls
1766 548 1873 604 alis,

835 707 978 756 ΕΑΒ.
1049 703 1292 753 ΧΧΙῙΙ.

1362 702 1862 750 ARGUMENTUM.

982 828 1154 890 Spuma
1189 822 1381 872 Cerberi
1414 823 1463 869 in
1495 837 1740 870 venenum.

340 954 416 1003 'Ab
440 952 506 1001 his
529 950 738 1010 noviffime
760 951 966 1011 excipitur
989 947 1044 994 ab
1058 949 1226 1010 Aegeo,
1262 950 1277 970 ⁸³
1301 961 1370 992 nec
1392 946 1529 992 minus
1540 943 1690 1008 jungit
1700 941 1869 1006 foedus.
1906 940 2028 988 Inter
2045 939 2148 989 haec
2158 938 2331 1003 Theseus
2342 944 2421 991 Ae-

270 1022 338 1084 gei
347 1022 500 1081 filius,
533 1032 670 1064 errore
693 1015 746 1067 ἐξ
773 1014 983 1062 laboribus
998 1013 1172 1074 plenus,
1206 1013 1414 1071 excipitur
1435 1012 1463 1056 ὰ
1491 1019 1647 1070 putre,
1683 1010 1750 1056 cui
1774 1009 1971 1068 protinus
1995 1007 2157 1055 Medeai
2185 1018 2319 1068 parat
2351 1025 2419 1056 ve-

274 1102 448 1144 nenum,
483 1083 592 1146 quod
621 1080 863 1129 '’Aconiton
884 1080 1138 1141 adpellatur.
1161 1077 1366 1124 Hercules
1387 1078 1497 1122 enim
1523 1090 1617 1122 cum
1644 1075 1704 1121 ad
1725 1071 1882 1135 inferos
1906 1070 2196 1135 descendzffi’t‚
2224 1073 2361 1134 mifflts
2371 1074 2420 1122 ab

329 1280 622 1330 Flagrantemque
632 1275 774 1314 domum
786 1273 870 1325 regis
889 1286 986 1313 mare
1006 1271 1102 1312 vidit
1122 1281 1325 1322 utrumque.

277 1344 340 1383 De
361 1345 498 1383 Isthmo
520 1342 764 1381 Corinthiaco
786 1340 870 1390 agit.
898 1337 944 1376 de
963 1350 1042 1388 quo
1065 1338 1199 1377 Noster
1216 1337 1328 1387 Epist.

279 1409 331 1434 1v.
347 1396 428 1433 106.

330 1451 377 1483 Et
399 1445 513 1483 tenuis
531 1443 635 1482 tellus
651 1442 755 1480 audit
774 1451 962 1491 utrumque
982 1452 1090 1479 mare.

276 1497 486 1546 Propertius
507 1496 599 1535 libro
621 1507 686 1533 111.
705 1495 808 1543 Eleg.
819 1505 880 1531 xx.
954 1512 956 1515 ·

333 1548 473 1596 Isthmos
495 1560 565 1599 qua
585 1546 687 1584 terris
707 1554 800 1582 arcet
818 1554 1007 1593 utrumque
1026 1555 1134 1581 mare.

278 1600 390 1650 Quae
413 1599 485 1637 illic
503 1609 589 1635 vera
610 1596 793 1645 scriptura.
821 1595 950 1633 Senec.
971 1593 1076 1632 Med.
1098 1605 1156 1643 35.

332 1650 476 1687 Gemino
503 1647 694 1686 Corinthus
721 1646 815 1683 litori
840 1655 998 1696 opponens
1025 1658 1139 1682 moras

334 1706 502 1738 cremata
520 1698 680 1749 flammis
707 1697 823 1737 maria
850 1696 1041 1735 committet
1069 1695 1147 1734 due.

284 1751 493 1790 Hermus.

336 1829 420 1867 397.
445 1816 526 1854 Ulta
547 1814 683 1866 male.]
740 1815 934 1864 Quoniam
969 1825 1054 1852 cum
1084 1820 1201 1852 mater
1222 1811 1330 1857 esset,

288 1880 510 1906 communes
532 1868 627 1906 filios
644 1867 839 1904 interfecit.
867 1866 1035 1903 Remus.
1087 1866 1238 1903 Horum
1262 1876 1332 1902 no-

284 1921 387 1958 mina
409 1918 430 1956 a
452 1919 622 1957 Pausania
649 1916 879 1954 recensentur
902 1922 1095 1953 Mermeros
1124 1927 1168 1956 ω’
1198 1916 1334 1953 Pheres.

285 1970 357 2008 Sed
377 1971 445 2008 hos
466 1970 525 2007 ille
548 1981 624 2006 non
649 1967 669 2005 a
691 1978 831 2009 matre,
859 1967 918 2005 sed
942 1966 962 2004 a
988 1967 1127 2016 populo
1163 1967 1334 2005 Corinthi

282 2021 460 2069 lapidibus
483 2021 634 2058 obrutos
654 2019 766 2063 dicit,
796 2018 870 2056 five
892 2019 997 2067 quod
1017 2018 1081 2067 ipfi
1103 2018 1270 2056 donailla
1281 2017 1334 2055 16-

284 2072 395 2109 thalia
419 2070 439 2108 a
461 2080 578 2109 matre
609 2069 712 2108 missa
743 2069 787 2107 ad
819 2069 986 2107 Glaucen
1009 2068 1228 2117 portassent,
1256 2068 1332 2106 five

284 2123 394 2160 etiarn
410 2151 419 2166 ‚
433 2122 535 2171 quod
548 2132 701 2159 matrem
726 2120 929 2169 fugientem
944 2148 953 2164 ‚
965 2121 1028 2169 ipsi
1047 2121 1188 2168 parvuli
1199 2120 1334 2165 adhuc,

286 2174 465 2223 consequi
488 2184 566 2210 non
588 2171 798 2221 potuifl'ent.
851 2172 980 2219 Quare
1002 2173 1111 2208 etiam
1138 2171 1260 2220 postca
1281 2171 1335 2209 se-

284 2233 406 2262 cutam
430 2223 566 2273 pestem
590 2224 772 2272 publicam
801 2221 871 2260 esse
889 2250 898 2267 ‚
926 2222 1178 2271 plurimosque
1200 2222 1334 2259 Corin-

283 2276 448 2313 thiorum
476 2273 669 2320 interiifl'e,
697 2274 819 2312 donec
848 2273 1015 2312 consulto
1049 2274 1201 2311 oraculo
1222 2274 1333 2311 inter-

283 2326 468 2364 fenorum
499 2338 625 2364 manes
654 2326 759 2364 certis
800 2325 967 2362 institutis
1004 2323 1183 2362 sacrificiis
1216 2325 1336 2372 placa-

287 2385 423 2414 rentur.
476 2378 600 2427 Atque
632 2376 762 2415 eadem
783 2374 859 2414 fere
881 2377 918 2413 iu
950 2376 1240 2413 Commentariis
1259 2376 1335 2413 Eu-

287 2427 409 2474 ripidis
447 2428 630 2476 leguntur.
685 2426 827 2466 Contra
869 2434 993 2465 autem
1032 2428 1096 2476 qui
1131 2427 1335 2475 Naupat‘tia

292 2478 521 2524 composuit,
550 2480 587 2516 in
611 2479 774 2529 Corcyra
792 2475 934 2527 periiffe
951 2476 1218 2526 Jasonisfilium
1233 2479 1336 2515 Mer-

295 2538 440 2564 merum
462 2529 570 2567 tradit
591 2531 626 2567 in
646 2531 847 2567 venatione
868 2529 912 2566 ab
929 2541 1017 2578 apro
1039 2529 1214 2567 occisum.
1236 2529 1336 2566 Nam

292 2576 461 2623 jasonem
494 2580 570 2627 post
602 2580 836 2618 interfecstum
857 2580 996 2618 Peliam
1026 2592 1110 2618 cum
1132 2579 1270 2618 Medea
1299 2581 1337 2617 in

292 2627 496 2676 Corcyram
517 2631 649 2668 abiifle.
703 2631 772 2669 Sed
794 2630 953 2669 Ovidius
981 2631 1194 2681 Euripidem
1220 2632 1258 2668 ὅ(
1279 2642 1340 2668 66-

293 2684 415 2735 tems,
442 2691 601 2727 quorum
635 2683 873 2719 communior
903 2682 1036 2730 opinio
1066 2683 1136 2726 est,
1166 2682 1338 2731 sequitur.

292 2727 409 2765 Porro
442 2730 649 2769 Cinaet'non
670 2731 990 2771 Lacedaemonius
1013 2734 1124 2771 etiam
1145 2733 1257 2771 filiam
1277 2733 1336 2780 Ja-

291 2777 371 2816 soni
391 2778 492 2816 fuisse
515 2793 561 2817 ex
580 2781 714 2818 Medea
732 2782 853 2826 addit,
881 2785 1035 2820 nomine
1047 2785 1221 2834 Eriopen.
1247 2784 1330 2832 Jam

292 2840 418 2878 :neque
447 2829 535 2867 illud
566 2831 639 2868 1106
666 2832 755 2868 1060
785 2834 1089 2881 praetereundum
1113 2863 1123 2879 ‚
1160 2836 1264 2884 quod
1295 2836 1333 2872 in

290 2880 593 2934 Commentario,
612 2882 790 2930 Euripidis
829 2883 959 2931 legitur
982 2911 992 2928 ‚
1034 2885 1217 2933 vulgatam
1240 2887 1335 2923 hanc

291 2930 432 2969 famam
454 2931 499 2969 de
521 2932 695 2980 Euripide
718 2931 840 2975 fuisse,
866 2933 967 2981 quod
987 2943 1135 2983 accepta
1155 2937 1308 2982 pecunia
1322 2963 1331 2979 ‚

292 2981 444 3019 caedem
460 3010 470 3026 ,
498 2994 608 3032 quarn
626 2984 807 3020 Corinthii
829 2991 1092 3030 perpetrarunt,
1105 2986 1141 3021 in
1156 2985 1332 3022 Medeam

290 3033 517 3071 transtulerit.
547 3034 643 3071 Nam
659 3035 790 3071 liberos
801 3034 959 3070 Medeae
979 3033 999 3071 a
1020 3034 1220 3072 Corinthiis
1231 3033 1334 3072 fuiffe

293 3084 434 3121 occisos
448 3112 458 3128 ,
487 3083 534 3121 eo
556 3084 659 3134 quod
682 3086 738 3122 ina
761 3085 996 3122 Corinthium
1017 3096 1168 3133 regnum
1184 3113 1192 3127 ,
1222 3094 1261 3122 ut
1275 3097 1335 3132 pa-

293 3144 438 3172 ternum
467 3136 505 3173 &
529 3136 670 3173 avitum
686 3162 697 3179 ‚
724 3133 916 3184 repetisset.
945 3136 1005 3173 De
1025 3148 1097 3184 qua
1120 3147 1157 3172 re
1177 3137 1214 3172 &
1233 3135 1336 3184 supra

291 3188 553 3224 annotavimus
578 3198 621 3224 ex
644 3190 757 3234 poeta
778 3186 950 3224 Eumelo.
980 3188 1203 3224 anrus.

348 3246 430 3283 397.
458 3237 607 3286 Ultaque
627 3240 665 3286 se
684 3238 775 3273 male
795 3236 947 3286 maretz]
987 3238 1064 3276 Hic
1088 3238 1198 3277 etiam
1219 3237 1340 3278 versus

296 3294 362 3329 pro
387 3289 550 3335 genuino
575 3289 635 3328 vix
655 3289 865 3329 censendus.
893 3289 1038 3329 Hiems.

1370 2070 1572 2110 χ60111161Γ1.

2292 1139 2423 1199 Eury-

1435 1269 1522 1328 398.
1550 1269 1746 1308 Titaniacis
1769 1267 2020 1319 draconibus]
2077 1269 2157 1318 Qui
2183 1279 2228 1306 ex
2247 1259 2422 1309 Titanum

1380 1321 1555 1371 sanguine
1587 1322 1663 1359 nati
1697 1319 1767 1358 effe
1794 1320 1988 1365 dicuntur,
2020 1318 2088 1369 [ut
2121 1318 2298 1357 Pindarus
2320 1319 2365 1357 ait
2388 1319 2423 1359 in

1382 1373 1565 1423 principio
1592 1371 1794 1425 satanam]
1825 1373 1995 1410 Remus.
2017 1372 2091 1409 Vel
2113 1371 2225 1409 etiam
2248 1397 2259 1416 ,
2285 1368 2382 1420 quod
2403 1367 2424 1409 ὲ

1386 1428 1553 1472 Titane,
1580 1428 1656 1466 1106
1676 1427 1749 1473 est,
1778 1428 1890 1473 Sole,
1925 1438 2073 1465 currum
2106 1425 2210 1465 illum
2244 1436 2330 1463 cum
2354 1424 2426 1470 dra-,

1387 1479 1540 1518 conibus
1559 1479 1683 1524 alatis,
1709 1487 1926 1528 acceperat,
1953 1487 1993 1517 ut
2006 1478 2139 1516 Graeci
2156 1476 2316 1516 tradunt.
2353 1475 2427 1516 Mx-

1388 1542 1543 1569 crtrus.
1573 1529 1767 1569 Pindarum
1791 1542 1857 1579 pro
1879 1528 2072 1570 Nicandro
2093 1529 2154 1566 hic
2175 1527 2250 1566 five
2261 1527 2428 1577 Regium,
2481 1557 2483 1571 ,

1385 1581 1473 1670 fives
1498 1581 1612 1620 alium
1645 1578 1799 1630 posuiffe
1828 1589 1952 1630 puto:
2008 1580 2070 1618 hic
2117 1579 2217 1618 enim
2264 1577 2432 1622 Theriae‘30'
2480 1579 2483 1620 .’

1387 1645 1477 1671 ver.
1505 1643 1561 1670 10.

1440 1693 1580 1737 Τιτήνων
1598 1696 1764 1736 ἒνέπουο-ιί
1778 1695 1842 1747 αἰψ’
1872 1696 2035 1753 σι’ᾲιοιτος.
2056 1692 2190 1733 BURM·

1439 1764 1525 1814 398.
1554 1763 1810 1814 Draconibus.'l
1839 1766 1961 1803 Varro
1981 1765 2213 1814 Marcipore:
2242 1761 2336 1799 Dixe
2357 1758 2435 1810 Regi
2474 1767 2475 1770 ’

1389 1816 1554 1853 Medeam
1574 1815 1762 1854 advenam
1773 1825 1834 1866 per
1851 1819 1934 1853 a'era
1952 1816 1991 1853 in
2013 1815 2123 1853 rheda
2143 1811 2324 1864 anguibus.
2376 1811 2434 1860 Se·-
2476 1813 2483 1843 ι’

1387 1879 1480 1906 neca
1498 1868 1535 1904 in
1558 1866 1714 1904 Medea:

1439 1922 1507 1967 Ego
1527 1917 1618 1954 inter
1639 1930 1745 1955 auras
1766 1916 1847 1955 aliti
1872 1931 1976 1955 curru
1995 1916 2117 1954 vehar.
2147 1917 2320 1953 CrofAN.

1441 1980 1525 2019 399.
1554 1967 1737 2006 Palladias
1757 1969 1899 2019 arces.]
1953 1968 2119 2005 Athenas
2136 1995 2146 2012 ,
2174 1966 2236 2004 ubi
2253 1967 2428 2012 Phineus}
2476 1966 2479 1998 ἵ

1390 2021 1585 2069 Periphas,
1622 2020 1661 2056 &
1689 2019 1986 2068 Polyphemonis
2016 2018 2136 2066 neptis
2166 2018 2204 2055 in
2237 2028 2322 2055 aves
2340 2018 2431 2055 fuere
2474 2027 2477 2049 1

1627 2070 1712 2107 Hae
1751 2082 1842 2108 vero
1879 2069 2023 2108 fabulae
2051 2069 2144 2107 mihi
2175 2068 2255 2106 sunt
2277 2068 2429 2117 ignotae.
2475 2086 2478 2092 ·

1389 2123 1558 2160 Remus.
1586 2122 1646 2159 De
1666 2120 1793 2158 Phineo
1810 2132 1852 2159 ac
1871 2119 2019 2169 Peripha
2048 2119 2139 2167 (seu
2158 2117 2365 2168 Periphanta
2385 2117 2432 2156 di-
2473 2143 2478 2166 ‚-

1391 2174 1548 2212 cendum
1574 2173 1712 2222 magis)
1742 2184 1864 2221 neque
1893 2171 1966 2221 ipse
1998 2171 2146 2214 habeo,
2184 2169 2286 2219 quod
2312 2168 2432 2207 addam
2471 2180 2476 2197 ⁰

1389 2225 1487 2262 aliud
1504 2253 1514 2270 ,
1542 2235 1655 2274 quam
1678 2223 1782 2274 quod
1809 2224 1827 2260 a
1861 2222 2059 2260 Laetantio
2084 2221 2227 2259 dicitur.
2282 2220 2354 2258 Pro
2374 2225 2431 2258 Po·
2471 2241 2475 2263 :

1390 2275 1587 2326 lyphemone
1613 2283 1737 2313 autem
1759 2302 1770 2319 ‚
1808 2273 2029 2324 Polypemone
2056 2271 2258 2320 legendum
2279 2271 2429 2309 arbitror.
2468 2276 2474 2295 ²

1397 2327 1451 2364 Ita
1481 2328 1581 2364 enim
1614 2328 1652 2364 ὃς
1685 2325 1889 2364 Procrustes
1912 2333 2067 2363 vocatus
2088 2325 2182 2367 fuit,
2210 2333 2323 2373 quem
2346 2318 2430 2372 apud
2470 2327 2472 2335 ⁸

1393 2378 1591 2427 Cephisum
1606 2406 1616 2421 ‚
1643 2389 1729 2414 eum
1753 2378 1817 2426 qui
1839 2375 2001 2414 Eleufim
2022 2374 2243 2425 praeterfluit
2257 2402 2268 2418 ,
2294 2370 2429 2412 latroci-
2469 2406 2472 2411 .

1392 2438 1543 2467 nantem
1565 2429 1731 2466 Theseus
1751 2426 1898 2466 occidit.
1926 2427 2042 2465 Hunc
2062 2434 2189 2465 autem
2209 2422 2366 2462 habuisse
2391 2419 2429 2460 fi-
2465 2447 2471 2451 υ

1391 2480 1482 2518 lium
1497 2509 1506 2525 ,
1536 2492 1580 2517 ex
1601 2492 1678 2528 quo
1700 2480 1818 2528 neptis
1847 2477 1994 2517 fortaffe
2016 2490 2056 2516 ea
2072 2506 2082 2523 ,
2111 2477 2156 2514 de
2178 2488 2249 2526 qua
2268 2475 2331 2513 hic
2349 2472 2428 2512 dici-
2466 2504 2468 2506 .

1394 2540 1452 2569 tur
1466 2559 1475 2575 ,
1507 2543 1552 2568 ex
1576 2531 1736 2568 carmine
1755 2531 1792 2567 in
1814 2529 1892 2567 lbin
1924 2537 2047 2577 patet,
2061 2529 2121 2566 ubi
2134 2528 2266 2577 legitur
2287 2525 2332 2564 vs.
2354 2532 2427 2574 507.
2464 2544 2468 2576 ξ

1446 2587 1490 2619 Ut
1513 2582 1604 2619 sinis
1620 2593 1663 2620 &⁴
1682 2587 1809 2630 Scyron
1822 2608 1831 2624 ,
1860 2591 1903 2620 (7·
1923 2593 2000 2617 cum
2025 2580 2242 2629 Polypemone
2261 2586 2385 2621 natus,
2465 2588 2467 2594 ⁸

1498 2633 1639 2682 Qique
1657 2631 1756 2669 homo
1770 2640 1870 2680 parte
1886 2631 1939 2676 sui
1952 2659 1961 2674 ,
1984 2639 2086 2680 parte
2095 2631 2269 2680 juvencus
2289 2636 2392 2682 erat..
2418 2674 2425 2683 ·
2463 2661 2466 2671 ,

1395 2683 1466 2722 Sed
1484 2684 1586 2732 quod
1613 2694 1756 2720 nomen
1786 2683 1846 2720 vel
1865 2682 1943 2720 filio
1963 2682 2025 2719 vel
2048 2682 2179 2730 nepoti
2197 2681 2329 2723 fuerit,
2354 2674 2427 2715 ahbt
2463 2674 2465 2713 2

1395 2734 1674 2779 hadrenusmon
1693 2733 1821 2782 reperi.
1861 2733 1951 2770 Sunt
1971 2733 2035 2782 qui
2053 2742 2194 2781 patrem
2215 2730 2429 2780 Polypemo·
2461 2726 2465 2768 1

1393 2797 1440 2823 na
1463 2813 1473 2829 ‚
1501 2784 1619 2822 filium
1651 2793 1774 2822 autem
1806 2783 2020 2822 Procrusten
2059 2790 2219 2823 vocent.
2255 2781 2313 2818 sed
2332 2777 2425 2833 nullo
2460 2770 2463 2822 ,ἕ

1391 2847 1492 2874 certo
1515 2844 1657 2874 autore.
1689 2836 1731 2873 In
1751 2835 2041 2872 Commentariis
2061 2843 2185 2872 autem
2208 2829 2427 2880 Euripidism
2460 2826 2463 2877 ξ

1394 2887 1547 2930 Oreste,
1578 2886 1676 2923 sinin
1694 2886 1851 2934 legimus
1884 2885 2115 2936 Polypemonis
2139 2913 2150 2929 ‚
2179 2883 2252 2921 five
2280 2882 2342 2929 (ut
2361 2877 2427 2916 illic
2459 2885 2462 2926 ξ

1395 2939 1442 2975 est
1466 2944 1475 2980 1
1506 2938 1662 2974 Pemom's
1689 2937 1805 2975 filium
1834 2935 1949 2975 fuisse.
2005 2937 2130 2985 Quam
2165 2934 2376 2982 opinionem
2403 2925 2428 2966 fi
2458 2943 2461 2970 ι

1390 2988 1555 3025 dabimus
1579 2988 1761 3025 Ovidium
1782 2988 1846 3025 hic
1856 2988 2028 3026 secutum
2044 2985 2114 3024 esse
2132 3014 2141 3029 ,
2155 2984 2430 3029 licebitneptem
2457 2975 2460 3022 1

1389 3038 1485 3074 hanc
1510 3038 1773 3086 i'olypemom's
1791 3038 1982 3085 Periginem
2002 3037 2214 3084 intelligere.
2266 3033 2317 3072 Ea
2329 3029 2422 3068 enim
2456 3036 2459 3091 ί

1394 3087 1523 3124 Sinidis
1563 3088 1635 3126 filia
1665 3089 1776 3126 etiam
1813 3087 1833 3124 a
1865 3089 2060 3126 Plutarcho
2093 3087 2224 3124 dicitur
2251 3112 2260 3129 ,
2296 3093 2340 3120 ex
2365 3089 2457 3137 quq}

1394 3138 1561 3175 Theseus
1594 3139 1855 3188 Menalippum
1887 3141 2050 3187 genuit,
2095 3144 2236 3183 patrem
2268 3132 2347 3171 oni
2368 3157 2378 3174 ‚
2411 3139 2457 3167 ³2

1396 3200 1473 3237 quo
1497 3188 1642 3227 onides
1660 3189 1781 3237 postea
1805 3191 1838 3227 in
1869 3192 1974 3229 Caria
1992 3187 2171 3237 appellati.
2213 3184 2280 3222 Sed
2302 3182 2345 3220 de
2365 3180 2434 3217 hoc
2454 3221 2455 3225 Ἰ

1397 3239 1771 3289 doffioresjudicent.
1801 3242 2028 3279 Micrrrus.
2080 3236 2302 3286 Periphantis
2323 3228 2454 3269 fabula:

1399 3290 1510 3341 exstat
1537 3291 1634 3342 apud
1664 3292 1848 3333 Antonin.
1872 3289 2030 3330 Liberal.
2051 3300 2130 3339 cap.
2155 3300 2207 3328 vx.
2234 3286 2438 3368 (111113Ἐῇ
