2483 3616
0 2545 4 2725 i

3 2728 9 2947 l

268 171 1517 235 'METAMORPHOSEON
1589 178 1905 239 L1B.VIII.

2091 186 2191 249 609

340 290 414 346 Et
441 291 648 345 veniam
675 288 925 360 dapibuS‚
964 291 1224 364 nullisque
1248 291 1514 364 paratibus
1541 305 1708 348 orant.

338 362 538 415 Unicus
563 361 709 415 anser
736 376 878 423 erat,
919 364 1169 418 minimae
1194 364 1430 419 custodia
1456 365 1637 419 villae:

180 435 293 503 685
333 434 513 504 Quem
539 433 637 488 Dis
662 434 952 505 hospitibus
978 436 1184 491 domini
1213 437 1442 491 maciare
1469 438 1750 509 parabant:

331 505 422 559 Ille
449 507 589 559 celer
617 511 791 578 penna
818 508 999 563 tardos
1025 523 1195 563 aetate
1221 509 1437 580 fatigat3

329 576 626 651 Eluditque
653 579 774 634 diu:
816 582 1140 655 tandemque
1167 581 1241 636 est
1266 584 1399 636 visus
1428 584 1493 637 ad
1520 583 1657 655 ipsos

337 649 651 722 Confugifl'e
680 653 842 707 DeoS.
884 654 1073 725 Superi
1098 667 1318 709 vetuere
1343 657 1540 718 necari3

332 721 518 795 Dique
544 724 749 786 sumus3
791 727 1112 799 meritasque
1137 728 1246 782 luet
1271 728 1462 782 vicinia
1489 746 1684 798 poenas

192 797 305 865 <690
342 794 536 867 Impia,
574 797 844 853 dixerunt.
881 800 1033 854 vobis
1062 800 1384 855 immunibus
1412 800 1566 870 hujus

335 867 458 922 Efl'e
484 870 607 923 mali
633 871 870 926 dabitur:
912 871 1080 925 modo
1104 872 1270 926 vestra
1293 874 1576 945 relinquite
1601 873 1772 934 τεθεὶς

337 942 422 995 Αο
449 941 653 996 nostros
680 944 936 997 comitate
963 944 1155 1015 gradus
1177 969 1191 1007 ;
1226 945 1279 999 &
1306 946 1360 999 in
1391 946 1553 1000 ardua
1579 946 1775 1001 montis

337 1012 416 1067 Ite
444 1014 607 1068 simul.
648 1030 836 1086 parent
862 1016 1048 1079 amb0‚
1088 1016 1391 1089 baculisque
1417 1020 1575 1072 levati

334 1086 595 1141 Nituntur
621 1089 786 1158 longo
812 1088 1026 1160 vestigia
1052 1106 1252 1160 ponere
1280 1091 1435 1144 clivo,

189 1162 293 1229 695
333 1158 576 1213 Tantum
604 1161 818 1214 aberant
850 1162 1089 1225 summ03
1129 1176 1387 1234 quantum
1413 1163 1577 1218 semel
1607 1164 1683 1218 ire
1709 1164 1893 1237 sagitta

331 1230 488 1286 Miffa
513 1233 709 1305 potest:
752 1232 955 1290 flexere
980 1236 1197 1300 ocu103,
1232 1235 1287 1289 &
1314 1235 1478 1289 mersa
1501 1237 1696 1308 palude

44 1434 272 1480 {Ennodiuffi⁴

99 1487 153 1523 Sic
174 1497 236 1523 tua
259 1496 310 1524 ter
336 1484 432 1523 denis
451 1484 656 1523 animarum
678 1484 788 1523 cultor
807 1485 844 1523 in
865 1486 974 1525 armis

100 1537 237 1574 Halant
257 1552 340 1575 rura
360 1537 462 1586 rosat.

44 1587 256 1627 'AdiNotas
268 1590 329 1627 lib.
344 1601 398 1626 iv.
421 1585 477 1631 jes.
499 1587 688 1636 393 apud
712 1587 1102 1637 Martial.111.Ep.·65.

32 1678 34 1681 ,
104 1639 208 1686 {Quod
222 1639 335 1688 spirat
356 1637 476 1675 tenera*
495 1638 632 1674 malum
655 1639 831 1675 mordente
841 1638 973 1688 puella'.

34 1688 165 1739 ¹Apud
191 1689 411 1736 Juvenalem
434 1688 558 1737 Satyra
586 1701 644 1726 xi.
663 1700 718 1734 74.

105 1739 261 1777 Aemula
284 1741 416 1777 Picenis
438 1751 481 1778 (φ’
498 1740 607 1775 odoris
629 1739 725 1776 mala
744 1739 897 1777 recentis.

48 1790 229 1830 :Putabam
251 1791 448 1840 aliquando
465 1818 475 1835 ‚
505 1790 658 1827 ridentia
675 1790 784 1828 mala.
824 1791 874 1827 Ut
891 1790 1042 1828 ridentia
1062 1789 1106 1827 li-

47 1841 106 1878 ›Iia
128 1842 239 1879 Rutili
270 1855 322 1880 i1.
346 1842 469 1879 Itiner.
490 1840 551 1878 sub
569 1840 695 1878 finem.
725 1842 871 1878 Heius.

110 1893 192 1939 678.
223 1899 293 1929 Nec
312 1891 448 1940 inem]
507 1898 576 1928 Nec
603 1892 696 1941 inops
734 1891 810 1930 duo
842 1892 982 1930 Medic.
1016 1904 1108 1931 unus

55 1942 170 1981 Leid.
192 1943 333 1981 Barber.
355 1946 391 1980 δε
406 1941 578 1980 Ambros.

113 1994 198 2041 679.
229 2000 361 2031 Interea
376 2023 385 2039 ‚
414 1993 565 2044 quoties,
594 1993 698 2044 effa]
736 1994 827 2031 Duo
850 1994 978 2030 Varie„
994 1994 1032 2030 &
1052 1994 1110 2031 alii

55 2055 198 2081 -omnes
218 2044 337 2092 scripti
361 2072 371 2088 ,
396 2044 541 2081 Totiens.
571 2045 686 2082 Ciof.
724 2045 932 2093 Simplicius
951 2046 988 2081 in
1010 2044 1111 2082 Paia-

64 2094 149 2131 tinis
171 2095 220 2130 ita
245 2095 449 2142 concipitur
466 2095 525 2132 hic
545 2094 670 2132 locus:

120 2150 255 2180 Interea
269 2173 278 2188 ‚
305 2146 401 2181 toties
423 2144 582 2189 haustum
605 2155 761 2190 cratera,
790 2145 909 2195 repleri

118 2200 236 2244 Sponte
251 2196 316 2242 sua
331 2222 341 2239 ‚
364 2203 422 2243 per
431 2194 535 2245 seque
555 2196 680 2232 vident
690 2199 892 2245 succrescere
908 2195 1012 2234 vina.

120 2244 282 2281 Attoniti
300 2245 458 2281 novitate
473 2254 616 2292 pavent.
654 2247 760 2284 DAN.
788 2250 930 2285 Heius.

65 2294 289 2342 Exhaustum
321 2295 417 2331 toties
445 2296 603 2342 plurimi,
630 2297 795 2345 exhaustu
823 2299 950 2346 quoties
971 2298 1044 2335 Sixi
1076 2299 1114 2336 &

67 2358 164 2385 «unus
187 2348 323 2383 Moret.
353 2345 486 2382 deinde
501 2373 510 2389 ‚
526 2349 593 2393 sua
612 2349 749 2396 crescere
777 2349 865 2385 vina
885 2347 988 2386 Voff.
1009 2349 1117 2386 Leid.

75 2397 206 2486 ἰιίοάὅζ
236 2397 310 2434 duo
331 2396 400 2434 alii.
431 2400 630 2444 concrescere
658 2399 802 2444 Junian.
823 2400 998 2448 succedere
1023 2411 1117 2437 uritis

128 2461 145 2485 e
174 2460 217 2485 ic.

127 2499 210 2536 682.
239 2498 444 2547 Concipt'unt
463 2498 649 2547 Baucisque
660 2507 770 2547 preces
783 2527 791 2540 ‚
810 2498 1022 2548 timidusque
1033 2498 1119 2535 Phi-

73 2548 252 2595 sslaemonst
281 2550 355 2586 Hic
377 2548 496 2586 versus
516 2560 604 2585 mox
626 2558 829 2597 repetetur,
857 2549 984 2586 verum
1000 2550 1036 2586 in
1057 2549 1118 2585 lib.

82 2599 290 2649 Maffejanis
305 2628 314 2643 ‚
343 2601 380 2636 δε
400 2611 476 2636 uno
496 2600 666 2636 vatican.
688 2612 766 2636 non
785 2601 927 2648 legitur.
983 2599 1023 2636 In
1048 2601 1119 2636 Ui·-

82 2649 146 2687 fini
167 2652 214 2687 est
235 2649 407 2698 repofitus
425 2651 461 2686 in
483 2661 558 2687 ora.
582 2661 658 2698 quo
677 2649 737 2693 fit,
765 2659 805 2687 ut
828 2650 972 2687 credam
993 2649 1124 2687 Ovidii

77 2709 160 2738 <non
180 2699 272 2745 esse,
302 2702 339 2737 ὅ(
359 2700 431 2737 sine
448 2700 548 2737 causa
574 2702 781 2748 repetitum.
811 2702 1031 2744 (horarius,
1062 2706 1125 2735 Su-

55 2783 57 2786 .
77 2751 227 2798 [cipiunt
247 2764 297 2800 pr.
319 2752 490 2788 Gronov.
523 2761 691 2795 mox,ut
709 2752 852 2788 veniam
875 2751 987 2789 idem.
1014 2762 1126 2800 quare

87 2802 213 2839 Heius.
230 2802 372 2850 legebat
392 2829 399 2844 ‚
430 2812 470 2838 ut
492 2811 599 2838 orent.

136 2852 220 2889 286.
246 2852 341 2889 Celer
358 2851 523 2901 pennis.]
580 2858 715 2889 Pennas
746 2864 838 2891 unus
867 2852 1006 2890 Medic.
1028 2860 1067 2890 ut
1088 2851 1129 2889 fit

87 2902 326 2940 Graecismus.

87 3000 89 3003 r
113 2991 118 2996 ,
138 2952 455 3002 687.1lluditque.]
471 2953 660 3002 Eluditque
679 2965 763 2992 cum
779 2954 969 3003 plerisque.
988 2955 1131 2990 Heius.

138 3003 222 3051 689.
251 3003 382 3051 Luet.]
422 3009 513 3039 Luat
534 3012 615 3041 tert.
639 3004 784 3041 Bonon.
810 3005 981 3042 Heinsius
1013 3005 1127 3041 male—

8 3059 13 3098 ζ
89 3052 148 3102 bat
169 3081 179 3096 ,
202 3053 327 3097 luant,
356 3053 415 3090 vel
435 3052 542 3091 luent.
571 3054 658 3092 Vid.
681 3055 725 3092 ad
745 3055 806 3093 lib.
836 3068 891 3093 11.
911 3055 996 3092 688.
1026 3054 1125 3091 dabit

11 3103 14 3147 l
87 3104 259 3141 Ambros.

139 3154 222 3200 690.
250 3153 467 3191 immunibus
489 3152 630 3203 hujus.]
660 3156 822 3192 Venuste
847 3168 938 3196 unus
960 3154 1129 3204 Heinfii,

409 3203 502 3240 Vobis
523 3204 738 3242 immunibus
757 3206 835 3244 unis

144 3254 210 3302 Effe
228 3254 314 3291 mali
334 3254 486 3291 dabitur.

93 3301 309 3343 Immunibus
331 3305 446 3342 haeres
462 3304 610 3352 Junian.

2000 1310 2198 1366 (Cetera

1207 1436 1294 1485 693.
1324 1441 1370 1472 Ite
1386 1434 1500 1479 simul.
1523 1445 1670 1485 parent;
1701 1436 1824 1478 &Dis
1842 1436 2083 1487 praeeuntibus
2102 1435 2204 1474 ambe

1156 1487 1320 1523 Membra
1361 1487 1484 1523 levant
1515 1488 1678 1526 baculis:
1720 1489 1881 1539 tardique
1907 1488 2076 1537 senilibus
2101 1487 2205 1524 annis

1157 1538 1336 1574 Nituntur
1357 1537 1450 1586 longo
1471 1538 1609 1587 vestigia
1624 1549 1746 1589 ponere
1782 1539 1913 1588 clivo.]
1975 1539 2106 1576 Versus
2125 1549 2207 1575 me-

1155 1588 1234 1625 dius
1257 1589 1294 1625 in
1323 1589 1469 1636 optimo
1492 1588 1708 1628 Florentino
1738 1590 1772 1627 S.
1806 1591 1949 1633 Marci,
1989 1590 2107 1636 Neap.
2126 1588 2207 1636 Spi-

1155 1638 1247 1676 rensi
1276 1640 1314 1676 &
1339 1651 1415 1676 uno
1434 1639 1611 1678 Mediceo
1626 1668 1635 1684 ,
1658 1653 1771 1678 manu
1791 1640 1986 1678 recentiori
2008 1639 2206 1686 adscriptus

1157 1689 1206 1726 est
1227 1690 1394 1738 margini.
1423 1690 1460 1727 ὃ(
1480 1699 1571 1738 puto
1592 1691 1824 1729 tollendum:
1854 1693 1992 1739 primus
2013 1689 2060 1728 fic
2078 1690 2116 1727 in
2137 1699 2207 1733 eo-¹

1161 1740 1245 1778 dem
1269 1740 1303 1777 S,
1324 1741 1442 1778 Marci
1462 1741 1592 1778 codice
1609 1742 1870 1785 exhibebatur,

1214 1797 1264 1826 Ite
1277 1789 1397 1838 simul.
1420 1799 1543 1839 parent
1563 1792 1663 1828 ambo
1678 1821 1686 1836 ‚
1707 1792 1904 1841 baculisque
1926 1789 2064 1828 levatis.

1162 1841 1235 1878 Pro
1256 1841 1378 1879 levati.
1404 1841 1508 1890 quod
1526 1841 1684 1880 disertim
1712 1843 1882 1890 Spirensis
1905 1841 2078 1889 agnoscit.
2099 1847 2211 1888 atque

1166 1893 1214 1929 ita
1236 1893 1271 1929 in
1296 1892 1452 1940 Neapol.
1475 1893 1587 1929 etiam
1607 1893 1752 1931 videtur
1773 1900 1962 1929 exaratum
1991 1888 2092 1928 fuifl'e
2107 1919 2115 1933 ‚
2137 1898 2213 1927 erat

1166 1944 1266 1980 enim
1289 1942 1381 1980 erasa
1402 1951 1507 1981 vetus
1526 1943 1651 1981 leffio.
1678 1943 1781 1987 illud,
1793 1943 1955 1992 tardique
1972 1941 2215 1990 senilibusan-

1166 1993 1240 2037 nis,
1269 1994 1454 2042 nugatoris
1475 2002 1735 2032 commentum
1757 1994 1828 2037 est,
1858 2005 1943 2031 nam
1965 1993 2065 2030 senio
2086 1992 2214 2028 confe-=

1167 2043 1363 2091 &ostfuiffe
1383 2053 1458 2082 tam
1479 2045 1635 2082 Baucida
1655 2056 1766 2094 quain
1790 2044 2049 2081 Philemonem
2066 2042 2143 2090 jam
2157 2041 2214 2077 su-

1167 2107 1230 2144 pra
1253 2108 1329 2132 tion
1351 2096 1461 2133 semel
1476 2104 1672 2133 monuerat
1692 2123 1702 2139 ‚
1726 2096 1879 2144 jamque
1904 2095 1940 2130 ἃ
1962 2092 2078 2129 tardos
2098 2100 2212 2126 aetate

1168 2154 1329 2183 vocarat.
1358 2159 1427 2183 nec
1458 2158 1550 2195 opus
1581 2158 1628 2183 eo
1659 2146 1726 2182 Dis
1750 2142 2022 2194 praeeuntibus,
2063 2153 2145 2178 cum
2176 2141 2216 2176 &

1169 2197 1274 2234 Deos
1290 2194 1425 2246 jussiffe
1446 2205 1485 2234 ut
1505 2197 1539 2234 se
1565 2198 1828 2234 comitarentur
1851 2222 1860 2238 ‚
1890 2195 1926 2230 ὃς
1956 2193 2035 2229 illos
2064 2188 2216 2238 paruisse

1170 2249 1407 2296 praemiserit.
1433 2260 1500 2296 pro
1532 2248 1644 2285 tribus
1672 2248 1795 2294 itaque
1816 2244 1972 2281 versibus
1994 2243 2091 2298 duo,
2121 2252 2217 2288 quos

1171 2299 1405 2336 exhibuimus
1428 2299 1464 2336 in
1487 2307 1664 2335 contextu
1680 2325 1689 2341 ‚
1729 2297 1807 2333 sunt
1825 2293 2041 2342 reponendi.
2070 2292 2218 2328 Herus.

1223 2351 1308 2397 695.
1336 2351 1524 2397 §Quantum
1538 2347 1643 2396 semel
1661 2348 1709 2383 ire
1720 2344 1890 2394 sagitta]
1923 2343 2078 2399 Neapol.
2097 2341 2218 2397 &see

1172 2400 1313 2436 Medic.
1325 2400 1431 2446 finire
1446 2399 1590 2447 sagitta.
1619 2398 1666 2434 fic
1693 2397 1798 2442 finire
1823 2405 1939 2444 pacem
1962 2404 2058 2430 intra
2082 2403 2217 2429 moentae

1171 2449 1301 2486 audior
1332 2450 1481 2497 Elegiae
1520 2450 1557 2485 in
1587 2449 1746 2485 Nucem.
1786 2445 1919 2483 Noster
1949 2444 2010 2483 lib.
2046 2455 2102 2482 11.
2129 2442 2220 2480 Fast.

1173 2511 1258 2537 222.

1457 2548 1612 2596 riparum
1633 2548 1787 2597 margine
1800 2546 1886 2595 finit
1907 2558 2032 2598 aquas.

1177 2600 1226 2638 Et
1249 2599 1387 2637 ibidem
1410 2598 1455 2636 ad
1474 2599 1723 2637 Terminnm:

1232 2656 1283 2686 Tu
1299 2650 1432 2699 populos
1445 2678 1454 2693 ,
1482 2649 1644 2699 urbesque
1665 2661 1708 2688 εν
1728 2662 1830 2697 regna
1848 2647 2000 2697 ingentia
2014 2645 2112 2694 finis.

1180 2702 1378 2749 Vuigatam
1401 2709 1527 2738 tamen
1548 2701 1622 2738 hoc
1647 2700 1734 2738 loco
1766 2700 1929 2748 agnoscit
1955 2698 2137 2736 Gunther.
2157 2695 2221 2732 Li*²

1181 2752 1301 2801 gurini
1317 2751 1410 2788 libro
1432 2763 1522 2788 viii.

1234 2801 1357 2838 Stabat
1378 2801 1421 2837 ab
1441 2801 1557 2850 obseffa
1578 2814 1645 2837 non
1665 2800 1775 2838 multo
1796 2800 1927 2849 longius
1949 2798 2050 2843 urbe,

1236 2855 1357 2901 {Luam
1368 2852 1474 2898 fiemel
1491 2852 1632 2888 exiliens
1648 2865 1732 2889 arcu
1743 2851 1894 2901 jaciente
1906 2855 2042 2899 sagitta

1241 2910 1292 2939 Jre
1310 2902 1420 2951 potest.
1473 2904 1619 2941 Hfims.
2053 2947 2059 2952 Π
2201 2944 2207 2950 ¹

1240 2954 1324 3002 (296.
1354 2954 1467 3002 Mersa
1491 2954 1615 2990 vident
1630 2982 1638 2997 ,
1669 2962 1906 3004 quaeruntque
1923 2949 2009 2997 suae
2025 2957 2082 2996 pta
2102 2944 2226 2981 culme-

1189 3019 1236 3043 na
1254 3004 1374 3042 villae:
1404 3005 1481 3041 Sola
1500 3004 1570 3041 loca
1596 3004 1759 3050 stabant,
1791 3004 1875 3039 dum
1904 2998 2025 3052 deflent
2043 3001 2123 3038 fata
2143 2994 2226 3030 loco-

1189 3056 1308 3105 rum]
1339 3056 1445 3092 Haec
1467 3055 1542 3093 duo
1568 3056 1727 3092 carmina
1749 3055 1786 3091 in
1802 3054 1861 3090 lib.
1882 3049 1983 3087 Statii
2003 3058 2078 3083 non
2099 3045 2227 3092 legun-

1185 3115 1254 3145 tur.
1310 3107 1348 3143 ln
1374 3117 1461 3143 meo
1479 3106 1684 3154 antiquiore
1714 3106 1750 3140 ὃς
1783 3101 1903 3138 Ursini
1930 3109 2006 3152 non
2048 3095 2096 3132 est
2123 3095 2229 3151 supe-

1186 3159 1260 3196 rior
1282 3156 1426 3194 vei·sus:
1458 3157 1552 3192 Item
1577 3157 1613 3192 in
1637 3154 1779 3191 duobus
1797 3151 1995 3187 Vaticanis.
2022 3147 2148 3194 Atque
2171 3145 2230 3202 ille

1188 3207 1278 3244 alter
1300 3207 1476 3253 posterior
1498 3208 1535 3242 in
1554 3206 1606 3241 his
1627 3213 1784 3251 quatuor
1803 3200 1896 3237 libris
1921 3196 2095 3252 repositus
2122 3195 2170 3232 est
2192 3206 2232 3232 m

1190 3268 1267 3292 ora.
1297 3256 1340 3291 In
1366 3256 1480 3292 altero
1505 3266 1592 3290 meo
1615 3261 1785 3290 notatum
1814 3249 1860 3285 est
1882 3250 1919 3284 in
1944 3258 2107 3296 mai-gine
2129 3274 2138 3290 ‚
2167 3259 2237 3282 va-

1185 3314 1285 3344 cant.
1312 3316 1390 3353 quo
1413 3303 1528 3344 verbo
1552 3303 1679 3340 ambos
1692 3300 1914 3388 adffiloermos
1933 3295 2004 3337 effe
2025 3296 2238 3397 ostecnzdituiu

1642 3350 1716 3390 Hh
1815 3362 1836 3388 2
2137 3359 2242 3391 uame
