2483 3616
443 169 1688 243 METAMORPHOSEON
1760 173 1901 231 Lm.
1975 178 2014 234 Ι.

2240 194 2300 250 19

466 284 624 342 Haec
648 282 801 353 super
827 277 1077 352 imposuit
1101 276 1392 351 liquidum,
1432 275 1489 331 &
1513 279 1773 349 gravitate
1797 294 2098 348 carentem,

457 355 724 417 Aethera,
759 371 861 408 nec
884 351 1177 426 quidquam
1202 363 1445 405 terrenae
1467 349 1628 404 faecis
1650 350 1951 408 habentem.

457 430 573 486 Vix
597 445 658 481 ea
685 425 936 480 limitibus
960 423 1260 495 dissepserat
1286 422 1464 477 omnia
1487 423 1677 486 certis;

354 520 421 570 70
458 503 630 565 Cum,
666 516 801 572 quae
826 495 992 572 preffa
1018 496 1112 551 diu
1135 496 1297 551 massa
1321 496 1521 549 latuere
1545 495 1638 550 sub
1661 496 1776 561 ill-21,

460 574 643 631 Sidera
666 582 961 644 coeperunt
985 582 1105 623 toto
1131 567 1478 624 effervescere
1504 569 1675 623 coelo.

459 649 584 704 Neu
606 645 758 718 regio
782 644 925 700 foret
949 643 1052 697 ulla
1079 643 1179 698 suis
1203 641 1554 696 animantibus
1579 642 1706 697 orba
1721 681 1737 705 ,

461 720 616 776 Astra
641 730 826 772 tenent
850 715 1079 772 coeleste
1103 714 1270 769 solum
1286 754 1300 778 ‚
1336 714 1649 786 formaeque
1673 716 1949 772 Deorum:

461 791 742 848 Cesserunt
766 790 947 845 nitidis
969 786 1283 843 habitandae
1305 786 1531 859 piscibus
1555 787 1755 844 undae:

175 1004 236 1045 vir
255 1004 376 1054 ‘Ianus
405 1002 583 1042 Gruterus
605 998 840 1051 difierpftrat:
867 997 972 1050 quod
992 995 1138 1036 fort-affe
1159 998 1209 1038 est

2135 860 2312 917 Terra

1319 998 1460 1044 Junela
1478 997 1578 1048 palus
1599 997 1678 1035 huic
1696 998 1740 1046 est
1759 998 1849 1036 raris
1869 998 1998 1052 obfipta
2012 999 2156 1050 fidinis.

179 1055 403 1107 descripserat.
429 1062 539 1104 atque
569 1052 607 1091 id
647 1051 751 1090 nobis
790 1050 897 1091 valde
927 1049 1077 1100 placeat.
1103 1050 1210 1088 DAN,
1271 1048 1362 1087 Non
1394 1049 1512 1100 obftffa
1545 1058 1631 1085 cum
1662 1049 1825 1098 vulgatis.
1858 1062 1945 1088 narn
1979 1051 2097 1100 scripti
2129 1051 2228 1096 duo,
2255 1051 2313 1088 obss

180 1109 396 1146 HE1Ns1Us.
434 1105 501 1142 Vix
521 1117 560 1141 ea
581 1102 760 1141 meliores.
799 1100 932 1140 deinde
961 1107 1103 1138 veteres
1138 1101 1214 1150 ple-
1262 1100 1368 1149 secta.
1405 1099 1589 1151 obsepiendi
1620 1099 1734 1137 verbo
1760 1100 1903 1138 Tullius
1936 1113 1978 1138 ac
2011 1102 2138 1139 Livius
2159 1113 2238 1139 non
2260 1101 2312 1139 se-

176 1158 307 1208 rique,
334 1155 571 1206 discerpserat,
597 1152 657 1191 vel
677 1152 884 1203 discepserat.
912 1150 971 1189 alii
993 1161 1066 1189 una
1088 1151 1216 1189 altera·
1272 1151 1347 1188 mel
1368 1159 1543 1196 utuntur,
1569 1150 1747 1199 Apulejus
1768 1150 1863 1186 Met.
1900 1162 1931 1187 1.
1955 1152 2212 1201 Praegnationis
2229 1153 2311 1200 fier-

177 1221 253 1258 que
282 1208 384 1246 litera
415 1212 553 1243 mutata
575 1203 720 1241 diverfis
742 1203 862 1241 modis
883 1201 1019 1240 eodem
1041 1201 1216 1240 alludunt.
1270 1202 1349 1238 cina
1369 1202 1495 1252 obftpto
1526 1211 1632 1237 utero.
1661 1201 1700 1237 δε
1729 1200 1790 1237 lib.
1813 1212 1878 1236 111.
1901 1199 2060 1238 horreum
2081 1202 2234 1249 claustris
2255 1202 2312 1239 oh-

178 1261 203 1296 d

180 1321 249 1347 CCI]

205 1259 257 1308 iffi
292 1267 368 1295 erat
386 1265 522 1303 nempe
552 1252 821 1303 reponendum.
858 1251 1056 1303 quomodo
1079 1252 1220 1290 Leodi-
1263 1252 1410 1302 septum.
1446 1251 1606 1302 conftpire
1626 1251 1752 1300 pafiim
1775 1249 1872 1299 apud
1893 1251 2058 1289 austores
2091 1259 2200 1289 extat.
2227 1251 2313 1291 hinc

250 1268 285 1345 fe
304 1308 553 1355 fragmentum
566 1304 823 1342 vetustissimae
834 1312 946 1342 notae
960 1331 970 1347 ,
997 1314 1045 1340 ne
1057 1302 1219 1340 dubitare
1273 1312 1353 1352 ager
1374 1304 1541 1353 conseptus
1565 1301 1662 1350 apud
1685 1301 1909 1338 Ciceronem
1934 1302 2093 1340 Catone.
2125 1302 2212 1339 orbis
2235 1300 2313 1339 con-

178 1357 294 1409 poffis.
330 1357 388 1395 Sic
407 1357 446 1394 in
465 1355 582 1393 veteri
601 1367 789 1393 marmore
809 1354 907 1404 apud
927 1354 1126 1392 Grutemm
1138 1365 1218 1403 pag.
1265 1353 1383 1403 septus
1404 1353 1501 1403 apud
1521 1353 1728 1390 Audtorem
1762 1352 1930 1389 Herculis
1952 1353 2110 1396 Oetaei,
2136 1353 2175 1389 ὃς
2187 1353 2315 1402 consep-

181 1419 408 1447 ncccxtm.
430 1404 548 1456 caepfit
567 1418 635 1455 pro
649 1404 748 1457 sepsit
767 1407 919 1455 legitur:

230 1466 432 1510 Supremam
452 1458 571 1506 versus
591 1470 719 1494 munus
744 1458 913 1494 donamus
925 1484 936 1501 ,
966 1464 1010 1496 εἰ)
1029 1468 1131 1493 aram
1145 1483 1156 1501 ,

283 1515 332 1546 Et
349 1519 493 1558 gratam
515 1505 634 1558 caepsit
656 1509 754 1545 detra
776 1508 918 1545 Pedana
939 1506 1070 1555 chelyn.

180 1560 392 1611 Quomodo
416 1561 454 1597 &
477 1559 562 1596 Stat.
582 1558 642 1596 lib.
662 1570 698 1596 v.
723 1558 808 1596 Silv.
830 1571 857 1596 1.
881 1570 965 1606 230.
1002 1556 1048 1594 de
1068 1556 1216 1595 tumulo

179 1611 354 1650 Priscillae
377 1623 386 1648 z
425 1615 558 1647 Tantas
599 1609 791 1646 venerabile
833 1622 956 1645 nomen
978 1606 1079 1657 sepsit
1119 1611 1214 1657 opes,

180 1672 408 1713 quamquam
438 1659 488 1697 ibi
518 1658 656 1696 vetusta
687 1658 800 1696 editio
832 1657 1032 1695 Parmensis
1054 1686 1066 1702 ,
1102 1658 1216 1708 Spirat

181 1726 199 1749 o
220 1727 276 1757 es,
301 1711 504 1760 eleganter:
531 1709 715 1758 integrum
748 1709 848 1746 enim
879 1707 1055 1745 Priscillae
1085 1718 1217 1757 corpus

182 1722 356 1800 siccatum
388 1761 428 1799 δε
448 1760 620 1798 aromatis
641 1759 836 1798 conditum
858 1758 1036 1796 marmori
1057 1766 1132 1796 erat
1163 1759 1219 1796 in-

184 1812 332 1850 clusum.
361 1809 407 1848 de
420 1811 582 1861 spirandi
603 1810 718 1848 verbo
741 1810 881 1860 egimus
904 1808 950 1847 ad
962 1808 1152 1847 Claudian.
1166 1821 1220 1847 ιν.

183 1863 294 1951 (ῖο8ηῐ.
315 1863 464 1901 Honor.
488 1874 570 1912 591.
595 1860 656 1899 sed
686 1860 734 1900 ad
764 1871 854 1900 rem.
886 1859 1079 1898 Lucretius
1110 1859 1170 1898 lib.
1192 1871 1220 1898 1.

182 1925 316 2001 99Ae‘r
335 1963 411 2013 disse
433 1962 462 2000 it
480 1961 575 2000 colles
588 1991 599 2008 ‚
625 1974 730 2015 atque
749 1964 834 2000 ae‘ra
854 1972 996 2000 montes.

186 2014 246 2053 Sic
269 2015 307 2052 ὃ(
327 2026 398 2064 apu
445 2013 604 2051 eundem
627 2013 686 2052 lib.
707 2026 762 2052 vx.
793 2026 816 2062 9
822 2024 842 2061 5
853 2024 881 2050 r.
904 2013 1016 2062 fitxea
1047 2011 1226 2049 domorum

188 2065 325 2114 diffepta
339 2092 349 2109 ,
373 2065 411 2102 &
431 2063 528 2112 apud
548 2064 723 2102 Bo'e'tium
743 2063 803 2102 lib.
826 2075 880 2101 1v.
913 2062 959 2101 de
993 2061 1225 2100 Consolatio-

188 2126 238 2152 ne
258 2114 533 2163 Philosophiae,
560 2114 698 2164 dissepta
711 2115 775 2164 suo
789 2116 890 2162 fonte
910 2114 1088 2152 elementa.
1113 2112 1230 2151 Sene-

187 2175 233 2203 ca
253 2164 391 2203 Medea
413 2176 496 2214 335.

239 2222 327 2253 Bene
346 2215 472 2265 diffepti
483 2215 624 2265 foedera
644 2213 771 2252 mundi

245 2265 371 2301 Traxit
389 2267 428 2302 in
447 2279 558 2302 unum
580 2264 733 2315 Theffala
747 2263 862 2315 pinus.

194 2311 323 2351 Statius
343 2312 465 2352 Theb.
483 2328 517 2353 x.
539 2316 622 2363 874.

247 2392 349 2450 ἶ
376 2364 585 2415 Diffeptoque
603 2379 716 2416 aggere
736 2365 852 2415 rursus

277 2424 377 2451 ntur.

199 2464 302 2503 Hinc
324 2465 363 2502 &
383 2462 650 2513 dtffi’pimentum
669 2465 787 2503 Festo.
810 2464 911 2503 Silius
930 2463 953 2502 l.
965 2477 1018 2503 xx.
1031 2475 1115 2514 457.

252 2520 341 2552 Tum
362 2514 441 2550 deus
457 2541 468 2558 ,
487 2524 528 2550 ut
547 2513 672 2564 liquidi
692 2514 844 2563 diffepffl’t
866 2515 991 2562 stagna
1005 2514 1194 2564 profundi,

252 2564 458 2614 Tellurisque
474 2563 610 2612 globum
631 2564 745 2600 media
766 2563 885 2601 tellure
904 2563 1043 2612 locaſjet.

198 2614 256 2654 Ita
276 2626 413 2664 nempe
433 2613 562 2651 censeo
581 2611 832 2651 scribendum:
859 2613 919 2649 vel
940 2621 1038 2650 certe
1058 2611 1230 2662 discreſjet.

200 2677 287 2704 nam
300 2663 514 2703 veterrimus
532 2664 621 2702 liber
633 2661 862 2701 Colonienfis
883 2661 1022 2712 disciffiet
1035 2690 1045 2707 ‚
1071 2674 1138 2711 pro
1161 2662 1229 2711 dis-

194 2715 322 2766 ftpffiet.
341 2724 382 2753 ut
401 2722 515 2764 put03
543 2713 592 2752 fic
612 2713 709 2763 apud
728 2712 965 2752 Macrobium
986 2712 1078 2750 libro
1108 2713 1229 2761 primo

202 2777 281 2814 cap.
306 2777 358 2802 v1.
378 2766 417 2803 in
430 2765 531 2802 Som.
552 2764 645 2813 Scip.
667 2762 836 2814 diffiptum
856 2775 923 2813 pro
945 2762 1134 2813 diffi’ptum.
1172 2769 1231 2799 In-

204 2815 326 2862 testina
355 2815 394 2852 in
424 2815 560 2852 homine
582 2814 788 2865 principalia
819 2815 915 2860 tria,
943 2827 1088 2864 quorum
1120 2827 1230 2850 unum

205 2864 375 2914 'dzffiptum
395 2866 540 2902 vocatur
553 2893 564 2909 ‚
588 2865 679 2915 quod
698 2876 855 2902 ventrem
874 2877 918 2905 (φ
938 2874 1044 2901 cetera
1064 2863 1234 2910 ‘intestina

196 2915 363 2963 secernat.
384 2915 460 2964 pari
480 2914 597 2953 modo
629 2915 668 2952 &
697 2914 880 2965 confiptum
899 2915 1029 2964 legitur
1058 2914 1096 2951 in
1117 2914 1234 2952 Festo.

210 2964 367 3015 Codices
387 2963 484 3013 apud
505 2964 658 3002 Statium
680 2966 816 3013 vulgati
835 2964 936 3002 nullo
957 2963 1057 3002 sensu
1078 2963 1232 3013 discuffit.

210 3013 276 3050 nifi
296 3014 443 3064 discuffet
462 3016 607 3063 reponis
621 3042 632 3058 ‚
658 3015 718 3052 vel
738 3015 876 3065 discisJet
905 3026 971 3063 pro
998 3014 1174 3064 discidisset
1193 3015 1236 3052 il-

210 3062 259 3099 lic
273 3065 433 3112 ponitur.
460 3064 573 3113 Apud
593 3065 770 3103 Nostrum
801 3076 951 3116 quoque
971 3065 993 3103 1.
1016 3076 1052 3102 v.
1089 3076 1125 3103 v.
1152 3075 1235 3115 324.

213 3111 357 3152 fonaffe
377 3114 425 3152 fic
443 3114 663 3163 legendum:

264 3187 360 3198 —
379 3164 506 3214 septem
526 3165 679 3216 diffizptus
699 3165 739 3203 in
757 3164 838 3214 ostia
860 3165 975 3204 Nilus.

211 3207 605 3313 {grezibdzs‘cxretpggtnam
643 3224 786 3258 veteres
813 3217 981 3281 nonnulli
1001 3245 1015 3265 ,
1049 3216 1240 3282 discerptus.

1273 1414 1330 1441 tus
1346 1418 1465 1455 gurges
1492 1402 1590 1454 apud
1620 1403 1829 1441 Ausonium
1851 1402 2017 1441 Mosella.
2039 1402 2206 1441 Avienus
2233 1403 2316 1451 Ora

1272 1454 1486 1494 Maritima:

1324 1513 1423 1544 Nam
1446 1506 1656 1545 Punicorum
1677 1506 1796 1557 lingua
1813 1505 2005 1555 conseptum
2023 1505 2135 1543 locum

1325 1559 1440 1594 Gadir
1460 1557 1620 1594 vocabat.

1274 1608 1479 1658 conseptum
1501 1620 1626 1644 caveae
1646 1606 1793 1656 Apulej.
1815 1606 1911 1644 Met.
1925 1618 1988 1644 ¹11.
2011 1607 2098 1644 hinc
2131 1605 2321 1657 conseptare

1272 1658 1399 1696 Solino
1423 1670 1500 1707 cap.
1523 1669 1645 1695 xxxn.
1678 1656 1873 1708 Interfipire
1903 1657 2013 1695 habes
2035 1656 2132 1706 apud
2166 1654 2318 1695 Cicero·-

1271 1720 1359 1747 nem
1395 1710 1434 1747 ὃς
1466 1708 1618 1745 Livium
1649 1707 1778 1754 saepe.-
1804 1708 1917 1743 etiam
1949 1707 2046 1754 apud
2077 1706 2237 1744 Plinium
2257 1705 2323 1745 lib:

1273 1770 1395 1797 xxvxi.
1419 1770 1496 1808 cap.
1508 1769 1585 1795 xxx.
1609 1755 1790 1794 Naturalis
1802 1755 1998 1794 Historiae.
2018 1755 2205 1806 praesepire
2221 1754 2321 1806 apud

1276 1810 1404 1847 Silium
1427 1822 1486 1847 xv.
1510 1820 1595 1858 232.
1618 1819 1663 1845 ex
1686 1806 1835 1856 optimis
1857 1805 2103 1845 membranis:

1332 1865 1448 1898 Arnes
1469 1860 1589 1897 duffor
1609 1868 1708 1896 erat:
1737 1858 1798 1909 qui
1817 1867 1937 1895 contra
1957 1857 2135 1908 amplexus
2154 1858 2193 1895 in
2214 1855 2322 1896 arbit}

1332 1911 1525 1948 Auxilium
1538 1938 1549 1956 ‚
1573 1919 1678 1961 atque
1697 1909 1824 1959 excelsa
1845 1908 1905 1946 loci
1920 1907 2146 1959 praesepserat
2166 1921 2294 1946 arcem.

1283 1962 1453 2000 Scribitur
1483 1969 1609 1999 autem
1642 1959 1680 1998 id
1709 1960 1865 1998 verbum
1897 1960 1936 1997 in
1958 1959 2114 2010 antiquis
2136 1958 2325 1997 codicibus

1281 2013 1497 2062 plerumque
1518 2023 1584 2061 per
1595 2010 1866 2060 diphthongum
1887 2009 2042 2060 saepire,
2075 2018 2115 2048 ut
2145 2010 2183 2047 in
2205 2008 2324 2047 veteri

1282 2076 1468 2101 marmore
1499 2061 1620 2112 paullo
1654 2069 1739 2099 ante
1770 2060 1929 2099 vidimus
1960 2058 2079 2110 caepfit
2118 2071 2185 2108 pro
2209 2056 2324 2109 sepfit.

1280 2115 1481 2152 Hrmsxus.
1509 2112 1594 2150 vide
1605 2112 1792 2150 Gronovii
1813 2118 1919 2149 notas
1941 2110 1987 2148 ad
1999 2111 2126 2148 Senec.
2139 2109 2320 2147 Medeam

1279 2177 1315 2202 v.
1342 2177 1423 2214 335.
1451 2163 1617 2202 Gifanius
1647 2162 1770 2200 indice
1802 2161 2028 2199 Lucretiano
2061 2161 2100 2199 in
2131 2160 2327 2210 descripta,

1279 2214 1366 2264 legit
1385 2215 1593 2265 diffiepserat,
1619 2212 1681 2251 vel
1699 2212 1924 2262 descripserat.
1952 2212 1998 2250 de
2020 2224 2096 2261 quo
2118 2210 2232 2248 verbo
2245 2208 2322 2248 vid.

1281 2266 1328 2303 ad
1352 2267 1511 2303 Halieut.
1544 2277 1604 2313 92.
1637 2264 1677 2302 δί
1709 2263 1881 2302 Gronov.
1903 2262 1950 2300 ad
1982 2263 2066 2299 Liv.
2098 2272 2227 2298 xxxxv.
2262 2258 2323 2308 56.

1282 2316 1417 2354 Graev.
1448 2315 1495 2354 ad
1517 2316 1634 2353 Cicer.
1655 2326 1684 2352 1.
1705 2314 1753 2353 de
1784 2312 1863 2352 Off.
1897 2327 1930 2362 ς.
1958 2311 2173 2362 discerpserat
2200 2316 2326 2350 tuetur

1283 2366 1402 2404 Gebh.
1422 2366 1481 2404 lib.
1504 2378 1519 2402 1
1546 2366 1654 2414 Crep.
1667 2365 1702 2402 6.
2309 2408 2321 2413 ⁷·

1332 2428 1391 2464 70.
1420 2417 1534 2466 Maffa
1565 2417 1695 2453 latuere
1715 2414 1784 2464 sub
1815 2411 1926 2464 ipsa]
1966 2411 2033 2448 Illa
2063 2410 2245 2449 meliores.
2281 2410 2323 2449 δε

1280 2466 1484 2516 effervescere
1505 2467 1609 2505 versu
1629 2465 1814 2515 proximo.
1842 2461 2134 2501 &animantibus
2154 2473 2222 2511 pro
2243 2460 2326 2506 ani-A
2350 2472 2352 2475 ·

1283 2518 1434 2555 malibus
1458 2518 1568 2565 paulo
1590 2516 1681 2564 post.
1707 2516 1920 2553 Hmumus.

1336 2577 1395 2610 71.
1422 2568 1541 2601 Sidera
1570 2575 1744 2613 coeperunt
1786 2574 1854 2600 toto
1875 2563 2056 2612 fulgescere
2096 2560 2225 2611 caelo.]
2265 2561 2326 2600 Sic

1285 2614 1436 2662 quidem
1458 2625 1558 2651 nunc
1579 2613 1691 2662 vulgo
1711 2612 1841 2661 legitur
1862 2614 1900 2650 δε
1922 2612 2154 2662 imprimitur.
2192 2612 2237 2650 In
2259 2622 2326 2649 an-

1283 2664 1390 2714 tiquis
1410 2663 1500 2702 vero
1522 2663 1694 2702 omnibus
1713 2670 1855 2711 praeter
1874 2675 1994 2701 unum
2027 2662 2178 2700 Caelest.
2202 2660 2326 2711 aperte

1284 2714 1358 2759 est,
1394 2716 1433 2753 &
1457 2715 1667 2763 fervescere,
1701 2714 1741 2751 &
1770 2713 1984 2763 effervescere.
2019 2713 2134 2752 Unde
2155 2713 2325 2751 existimo

1286 2763 1467 2803 emanasse
1479 2765 1658 2814 fulgescere
1671 2793 1681 2810 ,
1704 2765 1780 2813 ejus
1798 2764 1901 2802 verbi
1922 2764 2203 2814 expositionem.
2231 2763 2326 2801 Eru-

1288 2814 1381 2853 ditus
1402 2816 1458 2853 vir
1479 2815 1595 2853 Aldus
1614 2815 1733 2853 senior
1746 2844 1757 2861 ,
1782 2815 1844 2854 seu
1865 2817 1985 2864 potius
2007 2814 2175 2853 Andreas
2198 2813 2324 2852 Asula-

1287 2878 1379 2911 nus,
1406 2865 1541 2909 edidit,
1554 2866 1752 2916 fervescere.
1799 2867 1927 2913 Quare
1957 2878 2035 2904 non
2068 2864 2219 2902 dubium
2253 2862 2324 2906 est,

1288 2916 1380 2965 quin
1397 2916 1624 2966 effervescere,
1652 2929 1728 2966 quo
1751 2915 1869 2954 modo
1902 2917 1941 2955 ὅ(
1969 2916 2008 2954 in
2040 2913 2326 2964 antiquioribus,
2349 2951 2354 2953 ,

1289 2977 1376 3004 vera
1397 2968 1437 3005 ὃς
1456 2979 1630 3016 germana
1661 2966 1702 3005 fit
1730 2966 1854 3005 leetio.
1908 2966 2126 3016 Effervescere
2153 2963 2325 3009 scriptum

1291 3016 1340 3054 est
1360 3018 1472 3055 etiam
1491 3018 1530 3055 in
1549 3018 1609 3054 lib.
1632 3018 1786 3067 Capran.
1813 3017 1962 3056 Ernaldi
1976 3046 1987 3064 ,
2014 3019 2053 3055 ὃς
2073 3016 2142 3052 alio
2155 3009 2329 3049 Maffeiaa

1290 3079 1355 3105 no.
1406 3067 1585 3117 Appofite
1617 3068 1717 3107 enim
1750 3068 1796 3107 ad
1826 3068 1962 3114 stellas,
1999 3077 2092 3117 quae
2121 3062 2279 3111 &ignes
2300 3059 2322 3098 a

1292 3118 1412 3167 po'e'tis
1442 3118 1612 3157 dicuntur
1632 3147 1644 3166 ,
1680 3119 1805 3160 referri
1832 3120 1962 3169 potest.
2014 3118 2100 3163 Qua
2130 3112 2176 3151 de
2200 3122 2240 3148 re
2261 3109 2326 3148 ad-

1294 3169 1443 3219 monuit
1473 3181 1536 3208 me
1561 3170 1786 3220 jampridem
1817 3171 1874 3208 vir
1902 3167 2061 3215 optimus
2082 3192 2094 3209 ,
2122 3162 2168 3200 ³&
2198 3169 2325 3200 orator

1295 3219 1498 3267 excellens,
1522 3221 1579 3258 M.
1601 3220 1787 3260 Antonius
1805 3220 1973 3257 Muretus
1986 3244 1999 3261 ,
2023 3214 2107 3253 cum
2128 3211 2173 3250 ab
2193 3223 2240 3251 eo
2250 3213 2326 3251 hoc

1295 3269 1412 3319 ipsum
1433 3279 1611 3321 peterem.
1635 3271 1750 3311 Unde
1759 3270 1820 3309 hic
1841 3267 2022 3356 bclpsterin
2041 3263 2138 3315 epist.
2165 3260 2327 3349 igneakft-

1919 3330 1943 3354 2
2290 3321 2330 3347 Μ
