2483 3616
217 212 235 242 ..δ

239 213 285 261 -is

649 181 1268 257 ⁴novrum
1341 179 1868 238 NASONIS

502 288 764 344 Nondum
786 280 1101 362 praecipites
1128 284 1414 357 cingebant
1436 282 1634 355 oppida
1656 284 1843 340 foffae:

494 362 624 418 Non
647 362 773 417 tuba
799 358 986 417 dii-effi
1002 400 1017 425 ‚
1054 376 1167 414 non
1189 357 1320 413 aeris
1343 374 1544 411 cornua
1569 353 1727 421 flexi,

496 434 627 490 Non
649 436 855 506 galeae,
885 451 1005 488 non
1028 430 1187 494 enfi3‚
1223 430 1393 485 erant(
1427 428 1534 483 fine
1559 427 1737 483 militis
1760 429 1857 485 usu

360 523 459 560 too
496 506 687 563 Mollia
712 507 924 562 securae
945 503 1266 578 peragebant
1290 503 1398 556 otia
1421 511 1644 555 mentes,

498 579 606 653 Ipsa
630 596 849 653 quoque
874 577 1156 639 immuniS,
1193 574 1465 648 rastroque
1490 571 1710 638 intaeta,
1747 592 1848 630 nec
1874 573 1992 630 ullis

501 655 686 708 Saucia
708 650 1040 713 vome1·ibu3‚
1079 667 1175 722 per
1199 648 1252 702 se
1277 648 1432 702 dabat
1458 647 1635 700 omnia
1664 648 1843 703 tellus:

499 724 872 797 Contentique
900 722 1063 788 cibis,
1102 720 1250 776 nullo
1275 733 1537 791 cogente,
1577 720 1799 784 creati8‚

491 797 772 853 *Ar-buteos
797 796 1007 859 foetus,
1044 805 1402 865 montanaque
1427 791 1574 865 fraga
1600 792 1874 865 legebant,

209 1009 374 1059 sublimi,
404 1009 443 1052 ὃς
464 1010 671 1057 montibus;
709 1011 810 1050 unde
840 1010 992 1050 materia
1015 1008 1128 1051 caesa.
1158 1011 1246 1050 vide

209 1063 293 1102 Val.
322 1064 413 1103 Hac.
449 1077 478 1102 1.
508 1076 568 1112 94.
601 1065 640 1102 &
675 1076 755 1102 122.
784 1063 835 1101 ita
863 1062 910 1101 de
941 1062 1068 1100 Paride
1091 1064 1177 1101 Stat.
1199 1075 1246 1101 11.

207 1113 294 1152 silv.
323 1126 378 1153 11.
408 1126 459 1153 vl.
482 1115 544 1153 28.
575 1114 713 1152 invitas
741 1113 860 1165 dejecit
887 1115 926 1152 in
957 1127 1106 1165 aequora
1128 1114 1245 1165 pinus.

203 1163 472 1204 Bunmmnus.

257 1216 318 1264 96.
347 1215 556 1266 Mortales.]
587 1216 752 1254 Mortalis
783 1226 886 1253 norat
914 1216 1078 1254 Urbinus
1112 1214 1246 1253 codex.

193 1275 366 1304 ceterum
398 1267 451 1305 his
478 1268 646 1305 conferre
670 1266 814 1317 Juvabit
835 1267 1179 1317 Senec.·Med.301.
1206 1266 1246 1304 δε

201 1316 274 1368 seq.
296 1317 335 1354 &
357 1317 492 1356 oerav.
512 1331 598 1365 400.
620 1320 658 1356 ὃς
678 1318 749 1370 seq.

255 1369 321 1417 98.
351 1368 532 1418 Cornua.]
561 1368 732 1418 Intelligit
751 1368 860 1407 lituos
883 1397 894 1414 ,
931 1369 996 1419 qui
1025 1368 1132 1407 instar
1164 1378 1247 1405 cor-

202 1429 320 1458 nuum
352 1419 495 1458 incurvi
527 1427 652 1464 erant,
684 1427 724 1457 ut
756 1428 883 1458 contra
903 1422 1012 1458 tubae
1031 1419 1163 1458 reciae.
1199 1417 1247 1456 de

200 1468 243 1508 iis
266 1473 367 1509 enim
390 1469 439 1507 est
460 1469 545 1508 illud
567 1471 702 1517 Juven.
716 1471 848 1508 11.Sat.
865 1482 945 1517 117.
972 1471 1027 1507 hic
1049 1473 1137 1508 reato
1163 1482 1247 1506 can-

201 1530 344 1559 taverat
365 1533 450 1557 aere.
485 1529 648 1559 ceterum
672 1522 711 1559 ὃς
731 1522 800 1559 hos
822 1522 861 1559 ὃ(
881 1521 960 1559 illos
981 1520 1077 1559 bello
1099 1520 1249 1559 adhibe-

201 1569 231 1608 ri
252 1570 372 1610 solitos
393 1570 604 1609 testimonio
625 1571 674 1608 est
694 1570 781 1608 illud
805 1572 953 1609 Horatii
971 1571 1031 1609 lib.
1050 1583 1079 1609 r.
1093 1571 1170 1610 Od.
1185 1583 1223 1610 1.

253 1621 387 1659 Alultos
407 1621 514 1669 castra
527 1623 666 1670 juvant
687 1620 824 1661 &lituo
846 1620 948 1660 tubae

252 1672 451 1709 Permixtus
461 1673 607 1720 sonitus.

202 1719 296 1759 Item
317 1722 500 1769 juvenalis
523 1734 602 1759 x1v.
625 1734 710 1760 zoo.

250 1776 299 1808 Et
318 1772 446 1821 trepido
459 1771 607 1820 solvunt
627 1772 690 1808 tibi
713 1784 839 1808 cornua
861 1782 1021 1810 ventrem

254 1827 348 1860 Cum
367 1822 463 1858 lituis
483 1821 618 1858 audita.
723 1822 886 1859 DoozA.

250 1885 311 1922 99.
341 1878 422 1909 Non
448 1870 565 1921 galeae
598 1886 665 1909 non
691 1870 774 1922 ensis
804 1871 921 1922 erat.]
951 1876 1068 1911 Erant
1089 1872 1242 1913 concin-

198 1923 279 1965 nius
310 1922 449 1973 antiqui
479 1923 652 1972 quinque.
690 1935 780 1960 mox
796 1950 805 1966 ,
826 1924 965 1972 securae
994 1935 1122 1962 mentes
1144 1926 1243 1963 Gro-

197 1975 379 2014 novianus
400 1972 559 2021 primus,
586 1985 661 2010 non
681 1984 806 2022 gentes.
835 1974 950 2012 Simili
971 1975 1089 2013 modo
1111 1987 1242 2025 pecca-

198 2031 255 2064 tur
276 2023 374 2073 apud
394 2022 478 2061 Val.
498 2022 670 2060 Flaccum
691 2023 751 2061 lib.
767 2036 812 2060 11.
829 2028 913 2072 360.

248 2074 389 2111 Saevior
409 2073 508 2110 haud
526 2073 595 2111 alio
612 2073 773 2111 mortales
795 2084 937 2124 tempore
952 2086 1068 2125 gentes

247 2130 369 2161 Terror
379 2125 464 2172 agit.

196 2187 284 2213 cum
317 2185 444 2212 mentes
476 2173 517 2212 fit
558 2174 828 2223 reponendum.
874 2175 947 2225 ipse
980 2176 1146 2216 Valerius
1179 2178 1241 2217 lib.

196 2238 260 2267 ω.
284 2236 346 2276 93.

421 2275 571 2326 pendent
594 2276 758 2314 mortalia
779 2276 874 2326 longo

246 2327 360 2363 Corda
383 2337 488 2364 metu.

196 2376 329 2413 Noster
348 2376 406 2412 lib.
430 2374 481 2413 fv.
503 2389 588 2415 201.

419 2426 572 2473 obscurus
595 2428 760 2466 mortalia
776 2430 911 2480 pettora
933 2439 1047 2468 terres.

194 2475 242 2516 Et
264 2476 337 2514 hoc
358 2475 434 2524 ipso
453 2476 544 2514 libro
566 2479 675 2526 paulo
697 2489 802 2517 ante:

423 2534 597 2574 humanas
619 2549 757 2575 motura
779 2539 936 2578 tonitrua
960 2551 1099 2578 mentes.

193 2587 280 2624 Fast.
305 2596 368 2622 111.
392 2588 473 2633 362.
501 2586 667 2625 sollicitae
689 2600 828 2627 mentes.

193 2643 318 2679 Simile
379 2644 556 2681 mendum
609 2648 720 2683 etiarn
771 2651 944 2687 Petronio
1001 2650 1230 2688 demendum

192 2693 323 2730 censeo
355 2693 393 2731 in
423 2696 629 2732 narratione
660 2696 705 2732 de
744 2698 896 2736 muliere
936 2699 1117 2748 Ephefina
1150 2713 1230 2750 cap.

192 2755 273 2781 CXI.
306 2750 398 2780 Cum
423 2745 591 2794 gemitum
622 2746 765 2794 lugentis
801 2748 943 2798 audisset
965 2777 977 2793 ‚
1014 2752 1103 2787 vitio
1133 2766 1230 2788 men-

188 2796 235 2830 tis
257 2793 432 2831 humanae
452 2796 616 2844 concupiit
630 2798 715 2845 scire
738 2825 749 2842 ,
787 2799 863 2848 quis
892 2809 957 2835 aut
977 2801 1062 2849 quid
1084 2803 1228 2848 faceret.

189 2844 260 2884 illic
292 2845 402 2882 etiam
436 2846 687 2883 circumfertur
710 2875 721 2891 ‚
775 2849 864 2884 vitio
900 2851 1012 2898 gentis
1043 2850 1229 2888 humanae.

189 2895 229 2931 &
250 2894 346 2943 apud
376 2895 519 2932 Festum
541 2896 730 2933 Avienum
753 2898 1005 2947 Descriptione
1018 2900 1126 2938 Orbis
1148 2913 1231 2950 547.

187 2944 264 2992 pari
297 2945 415 2983 modo
438 2947 720 2996 corrigendum:

595 3012 754 3057 Cumque
774 3008 859 3058 quid
880 3009 954 3046 atri

243 3055 403 3092 Imminet
421 3067 564 3094 eventus
578 3085 588 3102 ‚
615 3068 657 3093 ut
677 3058 774 3106 vulgi
795 3060 896 3095 corda
909 3059 1039 3108 fatiget

242 3106 314 3137 Sors
335 3120 449 3143 rerum
462 3135 473 3152 ,
493 3120 536 3147 ca·
557 3119 706 3144 mentem
728 3119 819 3145 terat
839 3109 1056 3147 inclementia
1066 3110 1143 3158 fati
1158 3139 1170 3156 ‚

243 3154 291 3185 Et
311 3165 489 3194 motantur
509 3157 613 3195 humo
633 3169 805 3200 &coeunt
818 3158 885 3209 fibi
907 3162 1031 3198 vertice
1044 3163 1151 3210 saxa.

192 3211 390 3267 Ht'msruS.
402 3220 482 3257 vide
505 3223 724 3262 adPetronii
745 3224 883 3262 dierum
905 3226 1030 3264 locum
1052 3239 1147 3277 quae
1158 3239 1227 3266 no-

191 3271 360 3301 ravimus.
383 3265 420 3304 &
451 3281 544 3317 certe
576 3286 702 3313 memes
732 3276 907 3326 praestat,
933 3277 1103 3330 nondum
1126 3279 1226 3320 enim

2056 865 2346 944 Cornaque

1296 1007 1337 1048 in
1358 1015 1483 1059 gentes
1505 1007 1711 1061 &populos
1732 1004 1956 1049 discesserant
1975 1008 2172 1056 mortales,
2197 1011 2345 1052 seduna

1297 1072 1387 1111 gens
1410 1069 1524 1100 erant.

1358 1124 1439 1152 100.
1464 1111 1593 1150 Mollia
1616 1110 1794 1201 securae}
1833 1112 1893 1150 Ne
1933 1111 2010 1149 hoc
2039 1112 2190 1162 quidem
2222 1114 2343 1154 male:

1300 1173 1370 1200 nec
1391 1172 1585 1213 propterea
1606 1164 1764 1201 omitten
1791 1172 1856 1200 um
1878 1162 2046 1208 videtur,
2073 1165 2176 1212 quod
2194 1165 2231 1203 in
2243 1166 2347 1204 Palae

1300 1211 1404 1257 tinis,
1444 1214 1569 1252 Mollia
1601 1224 1749 1251 naturae
1773 1213 1980 1263 peragebant
2011 1214 2082 1249 otia
2107 1225 2233 1263 gentes.
2269 1217 2348 1254 otia

1300 1264 1500 1310 naturalia,
1535 1273 1684 1303 naturae
1705 1264 1833 1314 sponte
1853 1263 1933 1314 ipfis
1953 1262 2121 1302 conceffa
2141 1275 2187 1303 ac
2195 1265 2348 1305 donata.

1300 1314 1407 1353 DAN.
1434 1316 1633 1354 Humsxus.

1357 1377 1438 1404 102.
1466 1365 1699 1416 Vomeribus.]
1728 1365 1791 1404 An
1814 1365 2015 1403 vulneribus
2029 1395 2040 1412 ,
2077 1374 2118 1404 ut
2140 1364 2348 1413 vivianusg

1302 1427 1346 1453 ex
1370 1417 1565 1455 codicibus.
1589 1418 1627 1454 &
1647 1417 1696 1454 ita
1717 1417 1777 1454 lib.
1806 1430 1858 1455 11.
1882 1417 1965 1464 287.
2000 1417 2092 1468 quod
2111 1417 2240 1455 adunci
2264 1419 2347 1455 Vul-

1301 1481 1384 1504 nera
1416 1470 1530 1505 aratri
1563 1467 1815 1518 rastrorumque
1847 1469 1933 1515 fero.
1989 1467 2061 1505 Sed
2091 1468 2180 1506 nihil
2211 1477 2344 1507 muto:

1301 1517 1433 1556 eadem
1456 1519 1607 1556 varietas
1628 1519 1724 1568 apud
1748 1520 1926 1556 Senecam
1950 1518 2085 1557 octav.
2107 1519 2347 1568 v..413.vul-

1301 1582 1379 1606 nere
1398 1569 1591 1607 immunem
1605 1570 1702 1619 prius
1714 1569 1851 1618 sulcare
1872 1580 2015 1606 terram.
2040 1570 2239 1607 Hzmsxus.

1362 1633 1440 1657 102.
1467 1627 1532 1657 Per
1544 1622 1582 1669 ste
1604 1620 1715 1657 dabat
1733 1620 1851 1656 omnia
1873 1619 2002 1668 tellas]
2032 1619 2145 1656 Unde
2157 1620 2249 1658 haec
2262 1621 2344 1670 opi-

1302 1669 1367 1707 nio
1399 1669 1647 1714 emanaverit,
1685 1669 1841 1706 ostendit
1872 1670 2008 1719 Tyrius
2026 1670 2218 1707 Maximus
2248 1671 2346 1709 hisce

1302 1720 1419 1759 verbis
1442 1721 1485 1758 ab
1509 1721 1582 1758 aliis
1605 1718 1738 1757 Latine
1760 1719 1930 1757 redditis:
1962 1720 2133 1757 Vivebant
2152 1731 2269 1758 autem
2273 1722 2346 1770 sci-

1299 1768 1377 1806 licet
1399 1771 1570 1821 (qualem
1593 1770 1734 1808 vietum
1756 1770 1970 1816 adamabat,
1996 1779 2036 1809 ut
2050 1772 2180 1820 ajunt.
2209 1772 2347 1820 Epicu-

1298 1821 1381 1868 rus)
1414 1823 1523 1872 primi
1552 1821 1704 1858 homines
1730 1821 1939 1870 glandibus,
1976 1834 2020 1861 <J
2032 1823 2119 1871 piris
2148 1823 2343 1870 agrestibus.

1298 1876 1421 1923 Atque
1441 1874 1557 1910 iccirco
1571 1874 1679 1920 fama
1700 1872 1745 1919 est
1766 1900 1777 1916 ,
1815 1882 1892 1908 tum
1913 1883 2045 1909 terram
2057 1874 2199 1920 fruetus
2233 1872 2343 1922 tuliſj}

1288 1921 1408 1972 sponte
1432 1925 1502 1973 sua
1533 1923 1731 1959 venientes:
1769 1922 1853 1973 quia
1886 1922 1976 1959 nihil
2007 1923 2051 1959 eis
2072 1932 2150 1972 opus
2169 1933 2246 1960 erat
2265 1923 2344 1972 agri

1296 1972 1435 2010 cultura
1459 2003 1469 2019 ,
1504 1983 1569 2011 aut
1598 1973 1711 2010 labore
1742 1972 1883 2021 rustico,
1920 1972 2000 2010 cum
2033 1974 2132 2010 vieta
2161 1983 2344 2011 uterentur

1286 2022 1357 2072 sua
1370 2024 1489 2074 sponte
1510 2035 1603 2062 nato.
1650 2024 1738 2061 Huc
1758 2024 1869 2061 etiarn
1893 2025 2075 2072 pertinent
2096 2024 2258 2062 carmina
2280 2024 2340 2068 ina

1298 2073 1400 2111 Viro.

1348 2104 1448 2162 ἔπιε
1468 2125 1600 2171 Jovem
1622 2124 1712 2162 nulli
1723 2123 1929 2175 subigebant
1948 2139 2042 2163 arva
2064 2125 2193 2170 coloni,

1349 2182 1421 2212 Nec
1433 2174 1571 2225 signare
1591 2177 1729 2227 quidem
1751 2187 1816 2212 aut
1832 2176 1962 2226 partiri
1984 2176 2096 2214 limite
2117 2186 2278 2226 campum

1348 2232 1415 2262 Fas
1433 2238 1510 2263 erat
1524 2256 1531 2267 ,
1558 2228 1597 2263 in
1617 2227 1771 2263 medium
1792 2226 2020 2277 quaerebant,
2032 2227 2166 2277 ipsaque
2186 2227 2288 2264 tellus

1350 2278 1479 2313 Omnia
1501 2277 1657 2320 liberius,
1691 2275 1785 2313 nullo
1799 2277 1950 2326 poscente
1965 2305 1975 2321 ,
1990 2277 2140 2324 ferebat.

1298 2325 1345 2364 Et
1367 2327 1423 2364 illa
1446 2328 1678 2364 Germanici:

1346 2378 1509 2414 Divitias
1518 2380 1724 2427 fructusque
1744 2376 1853 2413 dabat
1869 2377 2010 2427 placata
2033 2376 2143 2415 colono

1347 2433 1466 2477 Sponte
1479 2429 1546 2477 fica
1567 2427 1678 2465 tellus.
1717 2429 1928 2464 Cmmnus,

1350 2490 1432 2525 103.
1462 2479 1568 2515 Nullo
1587 2478 1752 2527 cogente]
1786 2478 1891 2514 Nullo
1913 2478 2038 2514 cultore
2057 2477 2204 2527 quidam
2232 2479 2339 2516 codi-

1291 2539 1350 2565 ces
1363 2557 1375 2573 ‚
1402 2530 1441 2567 ὃς
1462 2529 1652 2566 Vivianus.
1680 2528 1740 2565 sed
1763 2528 1906 2577 elegans
1927 2539 2001 2564 vox
2014 2541 2129 2576 cogere.
2159 2528 2243 2577 quia
2264 2530 2332 2566 tel-

1288 2577 1343 2614 lus
1357 2606 1366 2622 ‚
1391 2588 1431 2615 ut
1453 2580 1629 2616 creditum
1646 2607 1656 2623 ‚
1670 2577 1821 2615 reddere
1844 2577 1952 2613 debet
1971 2577 2165 2615 cultoribus
2187 2579 2305 2627 fruges
2317 2607 2333 2624 ,

1288 2628 1352 2675 qui
1390 2629 1477 2665 ideo
1508 2642 1615 2676 cogere
1645 2628 1743 2663 reete
1773 2626 1954 2663 dicuntur.
1990 2634 2030 2663 ut
2063 2640 2154 2665 mox
2199 2641 2281 2679 137.

1495 2683 1618 2724 segetes
1638 2675 1873 2726 alimentaque
1894 2675 2009 2714 debita
2031 2678 2129 2716 dives

1338 2725 1540 2773 Posi-ebatur
1559 2726 1697 2762 humus.

1285 2774 1412 2824 Virgil.
1426 2788 1470 2813 11.
1483 2777 1620 2825 Georg.
1638 2789 1692 2814 10.

1339 2832 1501 2876 Namque
1518 2827 1608 2864 aliae
1621 2855 1631 2871 ,
1660 2827 1765 2865 nullis
1783 2827 1966 2866 hominum
1987 2830 2176 2880 cogentibus
2192 2859 2202 2878 ,
2213 2831 2301 2883 ipsae

1284 2925 1316 2963 E
1335 2882 1453 2925 Sponte
1468 2877 1537 2926 sua
1561 2877 1723 2917 veniunt.

1317 2934 1332 2963 t
1353 2932 1411 2964 or.

1335 2977 1464 3014 Scilicet
1485 2979 1641 3016 omnibus
1660 2979 1704 3026 est
1723 2979 1820 3017 labor
1839 2981 2082 3031 impendendus
2094 3011 2104 3028 ,
2132 2995 2297 3023 &omnes

1338 3029 1513 3076 Cogendae
1532 3032 1569 3065 in
1584 3029 1721 3078 sulcum
1735 3059 1746 3076 ‚
1773 3032 1943 3071 &multa
1960 3034 2107 3070 mercede
2118 3033 2324 3070 domandae.

1284 3077 1418 3116 Plinius
1452 3079 1509 3115 lib.
1533 3092 1670 3117 xxxni.
1695 3093 1728 3124 4.
1756 3087 1936 3130 Coguntur
1955 3093 2085 3120 montes
2098 3083 2234 3131 fertiles
2254 3083 2325 3134 effe.

1285 3126 1445 3165 fimiliter
1466 3130 1540 3166 fere
1564 3131 1737 3168 Horatius
1758 3143 1823 3167 111.
1840 3132 1920 3169 Od.
1943 3143 1976 3177 η.

1334 3184 1479 3216 Aurum
1496 3180 1702 3229 inrepertum
1717 3210 1727 3224 ,
1754 3194 1798 3222 cy
1806 3179 1856 3230 sic
1876 3182 1996 3220 melius
2009 3180 2119 3232 fitam

1337 3235 1431 3268 Cum
1451 3240 1543 3266 terra
1562 3231 1669 3274 celat,
1689 3232 1843 3281 spernere
1862 3233 1990 3280 fhrtior

1390 3282 1511 3328 Qcam
1530 3294 1634 3331 cogere
1651 3281 1819 3321 humanos
1838 3281 1875 3319 in
1894 3282 1981 3332 usus.

2267 3335 2328 3379 Ita.
