2483 3616
401 159 1641 240 METAMORPHO-SEON
1712 189 1825 231 Lus
1893 174 1934 238 Ι.

2190 197 2256 245 27

291 305 384 358 115
421 286 574 340 Auro
599 277 836 334 deterior
851 315 867 340 ,
901 275 1050 330 fulvo
1072 273 1353 347 pretiofior
1376 292 1513 332 aere.

417 355 662 428 Juppiter
686 349 889 422 antiqui
912 348 1180 402 contraxit
1215 360 1459 421 tempora
1479 351 1645 405 veris:

422 433 628 501 Perque
651 425 880 487 hiemeS‚
917 421 1219 494 aestusque,
1258 420 1311 474 &
1337 422 1636 496 inaequales
1658 436 1967 493 autumnos>

419 501 493 556 Et
517 501 680 565 breve
705 514 829 560 ver,
865 494 1036 567 spatiis
1060 494 1240 565 exegit
1264 508 1495 567 quatuor
1519 514 1732 553 annum.

411 574 564 629 Tum
584 572 818 644 primum
840 567 985 622 ficcis
1009 572 1099 621 ae'r
1129 566 1428 622 fervoribus
1449 569 1592 625 ustus

282 665 382 705 120
418 644 683 702 Canduit:
725 643 780 696 &
804 642 975 696 ventis
999 639 1190 712 glacies
1214 639 1455 696 adstricia
1478 643 1753 715 pependit.

422 719 574 774 Tum
596 717 829 789 primum
850 713 1053 768 subiere
1076 713 1284 768 domos
1324 712 1521 771 domus
1547 730 1696 772 antra
1732 718 1978 782 fuerunt,

420 792 495 846 Et
521 789 667 845 denfi
688 788 939 851 frutices,
978 785 1249 840 &vinctae
1275 788 1479 841 cortice
1504 788 1698 859 virgae.

423 863 636 918 Semina
659 874 776 916 tum
802 860 1035 933 primum
1058 859 1229 929 longis
1252 857 1493 914 Cerealia
1519 861 1674 916 sulcis

423 936 634 990 Obruta
657 935 802 995 sunt,
838 930 1102 1004 preflique
1123 930 1254 1002 jugo
1283 948 1538 1001 gemuere
1558 932 1789 1002 juvenci.

280 1025 379 1078 125
419 1008 610 1063 Tertia
633 1005 749 1078 post
771 1004 881 1059 illas
910 1002 1154 1058 succeffit
1175 1008 1338 1056 aenea
1362 1005 1540 1077 proles
1556 1043 1572 1067 ‚

427 1081 642 1136 Saevior
665 1076 922 1149 ingeniiS,
961 1075 1016 1130 &
1039 1075 1108 1131 ad
1140 1075 1358 1131 horrida
1379 1077 1647 1149 promtior
1671 1096 1848 1142 arma3

187 1304 273 1341 ἠο.
300 1298 415 1339 Ventis
429 1299 552 1349 glacies
567 1295 772 1348 adfirmas]
801 1295 845 1334 In
865 1306 944 1334 uno
964 1293 1153 1334 Bafileenfi
1165 1323 1176 1340 ,

138 1353 235 1392 {tectis
256 1380 268 1398 ,
302 1360 343 1390 ut
357 1350 460 1398 stiria
489 1349 730 1398 intelligatur,
766 1347 957 1387 Claudian.
988 1347 1057 1387 bel.
1088 1347 1176 1384 Get.

139 1415 375 1492 3²¹¹{glutientes
396 1451 578 1501 adstringit
592 1450 694 1499 stiria
707 1449 814 1499 setas.

137 1504 299 1544 Martial.
319 1516 409 1541 vm.
435 1503 493 1553 38.

191 1556 311 1606 Turpis
332 1554 376 1591 ab
401 1553 512 1602 invisi>
525 1551 696 1603 pendebat
709 1551 811 1598 stiria
832 1551 925 1601 nafis.
946 1554 954 1561 '

137 1605 211 1644 Sed
231 1607 271 1644 ὅξ-
291 1605 393 1654 supra
415 1605 504 1642 dixit
527 1615 564 1641 v.
587 1614 645 1652 53.
683 1602 855 1639 facientes
871 1602 1008 1650 frigora
1040 1611 1173 1639 ventos.

137 1656 179 1695 ὃς
201 1668 264 1693 111.
276 1655 383 1693 Tristj
398 1668 434 1693 x.
455 1667 514 1700 24.
811 1698 819 1707 ὁ

189 1706 368 1744 Caeruleos
392 1705 506 1743 ventis
532 1703 646 1741 latices
673 1700 903 1748 durantibus,
933 1700 1015 1748 {ster

243 1756 415 1806 Congelat.

137 1805 190 1848 Et
209 1807 331 1856 paullo
363 1807 451 1855 post.
481 1817 538 1855 53.

191 1862 352 1908 Aequato
362 1855 457 1907 ficcis
477 1854 708 1907 Aquilonibus
730 1854 820 1901 Istro.

53 1956 59 1957 ⁷
139 1907 274 1945 Glactes
310 1907 458 1957 pendens
490 1908 601 1945 etiam
632 1906 670 1942 in
713 1905 842 1943 eadem
876 1904 1000 1953 elegia.
1030 1905 1089 1949 yss.
1116 1915 1178 1943 21.

137 1958 393 1997 BuRMANNus.

197 2021 276 2047 121.
305 2014 392 2046 Tum
411 2009 566 2058 primum
587 2006 721 2056 subiere
743 2007 880 2044 domos:
919 2007 1038 2043 domus
1067 2016 1175 2042 antra

135 2058 332 2108 fuerunt]
370 2059 501 2096 Versus
531 2059 600 2095 hos
638 2057 687 2094 ita
719 2065 886 2105 putamus
929 2056 1175 2101 ordinandos,

144 2120 222 2147 tum
237 2110 394 2158 primum
415 2123 458 2149 (5⁵
479 2107 571 2157 densi
581 2108 725 2154 frutices
748 2120 790 2147 cy·
811 2109 930 2155 virgae
943 2108 1083 2156 june‘z‘ae
1106 2120 1177 2143 cor-—

147 2161 210 2196 tice
224 2159 356 2209 subiere
378 2161 500 2196 domos.
526 2157 748 2195 Parenthefis
760 2158 807 2194 est
822 2159 964 2202 ‚domus
984 2159 1176 2204 amr-afue—

151 2220 258 2254 runt,
301 2211 338 2247 ὃς
370 2210 429 2247 hic
463 2210 527 2246 erit
558 2207 695 2244 sensus:
722 2215 803 2243 tum
825 2209 985 2255 primum
1009 2208 1178 2252 frutices,

151 2259 192 2295 &
211 2260 332 2307 virgae
345 2285 358 2304 ,
382 2259 494 2296 veluti
513 2259 676 2296 tibicines
688 2259 726 2295 &
740 2258 893 2294 fulturae
907 2285 917 2302 ‚
945 2257 1079 2295 domos
1100 2258 1180 2295 sub-

149 2308 316 2352 stituere,
343 2311 379 2345 &
431 2309 504 2347 uafi
532 2309 753 2346 succolantes
781 2308 928 2346 subiere.
965 2316 1048 2344 ante
1079 2308 1179 2345 enim

150 2370 219 2407 pro
233 2356 402 2395 domibus
436 2360 602 2405 peluncas
613 2358 776 2406 primitus
789 2358 958 2395 mortales
970 2358 1155 2395 incoluere
1170 2386 1180 2402 ,

151 2417 193 2446 ut
221 2408 376 2445 scribunt
405 2408 560 2453 Plinius,
597 2409 636 2445 &
663 2409 865 2446 Lucretius.
890 2409 928 2446 in
963 2409 1059 2446 hanc
1090 2420 1180 2446 vero

151 2459 312 2497 nostram
353 2457 567 2494 sententiam
609 2458 766 2495 Senecae
796 2458 907 2495 verba
937 2458 1181 2507 adscripfimus

153 2509 201 2546 ad
232 2508 417 2545 Lucilium
456 2508 504 2544 ita
535 2507 717 2555 loquentis
761 2508 919 2555 Epistola
950 2521 1010 2556 90.
1056 2516 1183 2546 Furcae

156 2560 319 2609 utrinque
331 2559 506 2607 suspenfhe
517 2556 712 2603 fulciebant
743 2558 858 2605 casam
893 2584 902 2599 ,
946 2558 1093 2605 spiffatis
1125 2572 1184 2594 να-

155 2609 304 2647 malibus
317 2636 327 2653 ,
354 2622 394 2645 ac
407 2608 534 2654 fronde
555 2605 698 2655 congesta
712 2634 722 2650 ,
759 2618 803 2645 <7
832 2609 871 2642 in
882 2606 1033 2655 proclive
1054 2605 1186 2655 dispost-

156 2670 195 2697 ta
208 2688 218 2704 ,
244 2660 396 2707 decursus
415 2657 579 2695 imbribus
600 2656 763 2706 quamvis
783 2657 916 2703 magnis
936 2667 1021 2693 erat.
1057 2656 1184 2694 Fabius

99 2718 102 2719 ’
158 2722 308 2760 quoque
331 2709 450 2746 Pictor
470 2708 542 2744 hoc
563 2707 732 2755 scriptum
766 2706 930 2755 reliquit:
960 2713 1094 2744 Domus
1114 2707 1184 2744 illis

152 2773 226 2797 ⁴non
239 2760 422 2806 exstruffiae
437 2787 446 2803 ‚
460 2772 527 2794 non
538 2768 679 2794 ornatae
692 2785 702 2801 ‚
715 2756 922 2806 luxuriaque
933 2756 1072 2807 insignes
1081 2768 1181 2795 erant

160 2821 205 2849 <9¹
224 2810 419 2859 splendidae
434 2837 443 2853 ,
471 2808 532 2857 sed
563 2807 619 2844 vel
641 2808 863 2857 criptae,aut
881 2808 1058 2846 viminum
1081 2820 1182 2857 tugu-

80 2909 87 2912 -
156 2867 215 2895 'ria
238 2887 249 2904 ,
287 2872 330 2899 ω’
360 2873 449 2895 cava
479 2858 640 2895 arborum
671 2858 765 2907 ligna
794 2869 905 2896 erant.
950 2859 1121 2906 Jacossus
1160 2872 1184 2897 Α

160 2908 313 2960 Canen.
337 2909 398 2946 De
416 2910 489 2946 hoc
510 2909 698 2955 11.A1t.47
708 2920 739 2957 3.

214 2964 301 2996 Tum
318 2970 421 3008 genus
443 2959 637 2995 humanum
650 2958 732 3008 fili-⁹
749 2959 889 2996 errabat
910 2960 947 2996 in
967 2960 1080 3009 agris:

263 3011 389 3059 Hisque
407 3023 518 3046 merae
538 3009 628 3045 vires
640 3036 650 3053 ,
675 3021 721 3049 ἐφ’
738 3011 822 3046 rude
838 3018 951 3059 corpus
967 3022 1053 3049 erat.

215 3059 312 3095 Silva
329 3061 447 3096 domus
458 3061 603 3106 fuerat,
628 3059 719 3096 cibus
729 3059 832 3096 herba
846 3088 856 3105 ,
884 3060 1006 3098 cubilia
1018 3062 1182 3108 frondes,

269 3109 423 3159 Jamque
444 3111 505 3146 diu
527 3109 613 3145 nulli
633 3111 781 3158 cognitus
799 3110 888 3147 alter
905 3121 990 3149 erat.
1015 3113 1182 3151 CIOFAN.

169 3156 298 3194 Subiere
333 3160 449 3197 domus
488 3160 525 3197 in
560 3160 704 3208 optimo
734 3160 946 3199 Florentino
971 3191 981 3206 ,
1029 3163 1067 3199 ὃς
1087 3163 1186 3211 prio-

167 3208 198 3243 n'
230 3207 512 3257 Hamburgenfi:
558 3219 599 3247 ut
629 3210 796 3259 repetitio
827 3212 968 3249 versum
990 3213 1187 3261 gratiorem

169 3256 308 3296 reddat.
332 3257 461 3296 deinde
480 3260 519 3296 in
549 3261 682 3299 eodem
696 3288 707 3306 ,
731 3260 874 3310 aliisque
896 3264 1055 3303 melioris
1076 3272 1188 3302 notae

2134 1151 2255 1210 Nec

1230 1295 1320 1334 ocio
1343 1305 1406 1337 aut
1428 1297 1559 1337 decem
1575 1298 1738 1343 ‚vinctae
1749 1294 1866 1334 cortice
1878 1295 1996 1345 virgae
2009 1325 2018 1341 ‚
2031 1308 2109 1335 non
2114 1297 2270 1347 junnae*

1231 1347 1344 1386 etiam
1367 1349 1495 1398 probe.
1520 1346 1860 1387 Hmnsmsfimilis
1881 1348 2032 1385 varietas
2057 1347 2116 1387 lib.
2141 1360 2194 1386 VI.
2211 1361 2271 1398 59.

1231 1398 1272 1435 ὅ(
1299 1410 1390 1438 vm.
1409 1401 1494 1448 248.
1515 1400 1601 1438 vide
1619 1401 1658 1438 δε
1679 1411 1757 1437 x1V.
1780 1399 1866 1447 665.

1286 1461 1367 1488 121.
1393 1456 1528 1488 Domus
1548 1462 1656 1488 antra
1669 1449 1857 1499 fuerunt.]
1889 1448 2048 1497 Corripit
2078 1449 2152 1487 hoc
2180 1448 2271 1488 loco

1230 1500 1352 1538 domus
1382 1502 1541 1540 Ovidius
1565 1530 1576 1548 ,
1624 1509 1665 1539 ut
1697 1501 1872 1538 Horatius
1898 1499 2010 1549 palus.
2049 1499 2268 1538 Cromws„

1230 1555 1365 1589 Domus
1376 1553 1436 1589 hic
1458 1553 1494 1590 in
1517 1551 1683 1601 fingulari
1707 1550 1925 1598 capiendum
1941 1562 2010 1594 ,ne
2032 1561 2118 1587 cum
2142 1551 2272 1588 Ciofa-

1228 1613 1282 1639 no
1305 1601 1467 1650 peccasse
1499 1602 1682 1640 Ovidium
1714 1600 1914 1637 credamus.
1951 1612 2039 1638 nam
2073 1604 2136 1638 τοῦ
2171 1600 2274 1651 palus

1230 1652 1401 1690 ultimam
1445 1652 1539 1701 apud
1582 1652 1784 1690 Horatium
1838 1651 1971 1699 corripi
2002 1663 2149 1700 nequeo
2183 1652 2275 1688 mihi

1232 1702 1459 1750 persuadere.
1486 1703 1571 1739 vide
1592 1702 1744 1749 Bentlej.
1768 1701 1815 1738 ad
1835 1701 1915 1737 Art.
1939 1702 2046 1737 Poet.
2080 1703 2140 1749 65.
2187 1702 2273 1738 Ma-

1229 1753 1339 1789 serius
1371 1753 1417 1791 ad
1448 1752 1577 1790 Valer.
1600 1752 1696 1788 Flac.
1716 1762 1770 1788 1v.
1794 1761 1877 1799 453.
1906 1750 2074 1786 ultimam
2097 1751 2134 1787 in
2158 1752 2274 1787 virtus

1233 1803 1368 1852 corripi
1381 1803 1489 1853 ‚quia
1511 1801 1639 1839 ultima
1660 1801 1763 1838 litera
1785 1800 1980 1837 absumitur
1993 1829 2002 1844 ‚
2019 1800 2213 1839 crediesed
2234 1802 2273 1839 in

1233 1854 1321 1892 loco
1345 1854 1472 1892 Senec.
1494 1853 1609 1890 Herc.
1632 1853 1720 1890 Oet.
1745 1863 1851 1897 1270.
1871 1851 2021 1900 legitur:

1287 1904 1363 1943 Tibi
1383 1905 1447 1942 illa
1469 1905 1585 1941 virtus
1599 1931 1609 1949 ,
1638 1917 1724 1953 quae
1747 1913 1797 1939 tot
1820 1902 1904 1940 eluit
1924 1902 2021 1939 mala

1235 1956 1325 1993 Non
1339 1984 1350 2001 ,
1386 1955 1452 1993 tibi
1480 1956 1596 1992 virtus
1617 1953 1702 1991 illa:
1739 1964 1809 1991 nec
1831 1952 1949 1991 versus
1970 1952 2068 2002 apud
2090 1954 2206 1992 Cicer.
2226 1958 2275 1994 110¹

1232 2005 1343 2044 Tusc.
1365 2005 1401 2044 8.
1731 2044 1735 2047 ,

1281 2058 1332 2095 sic
1345 2056 1525 2104 fhminata
1537 2056 1652 2093 virtus
1673 2055 1800 2105 affliffa
1821 2054 1951 2092 occidit.

1215 2108 1313 2151 ‚Nos
1335 2115 1465 2145 movet
1479 2135 1489 2151 ‚
1516 2118 1603 2144 cum
1625 2105 1723 2142 recte
1746 2105 1855 2142 etiam
1868 2104 2042 2142 Maserius
2063 2104 2195 2142 viderit
2208 2103 2276 2142 obo‘

1225 2159 1291 2207 jici
1313 2157 1413 2207 poffe
1427 2187 1438 2204 ,
1465 2158 1539 2194 hoc
1560 2156 1722 2194 Pacuvio
1736 2184 1747 2201 ,
1776 2157 1814 2192 ὅς
1834 2156 1954 2193 Accio
1975 2154 2110 2192 licuisse
2124 2183 2133 2196 ‚
2165 2155 2272 2202 spon-

1233 2209 1345 2245 deum
1378 2209 1416 2246 in
1446 2208 1536 2245 locis
1569 2206 1710 2255 paribus
1743 2217 1894 2254 ponere.
1932 2205 2027 2253 apud
2070 2205 2273 2252 posterioris

1234 2271 1325 2295 vero
1347 2259 1429 2296 aevi
1451 2259 1581 2296 Poetas
1601 2268 1753 2307 quoque
1775 2256 1858 2293 talia
1891 2256 2078 2294 observare
2099 2254 2194 2292 licet.
2224 2255 2274 2293 ita

1234 2309 1373 2346 Paullin
1395 2309 1531 2346 Nolan.
1553 2320 1665 2345 carm.
1686 2319 1764 2344 xxv.
1786 2307 1908 2355 Epith.
1940 2308 1977 2343 in
1998 2305 2198 2352 Julianum.

1289 2360 1366 2395 Tali
1391 2360 1538 2408 coniugio
1560 2358 1698 2407 cessavit
1711 2358 1866 2407 servitus
1890 2364 2022 2393 Hevae.

1236 2410 1334 2447 Vide
1357 2408 1461 2447 Voff.
1481 2410 1527 2447 de
1549 2410 1629 2446 Art.
1651 2409 1778 2444 Gram.
1809 2407 1868 2444 lib.
1898 2419 1946 2443 11.
1975 2417 2052 2454 cap.
2087 2417 2146 2456 31.
2176 2406 2276 2453 fuere

1236 2462 1348 2498 etiam
1368 2462 1407 2499 in
1430 2460 1600 2498 omnibus
1621 2460 1708 2496 fere.
1733 2457 1807 2495 vid.
1827 2457 1887 2495 lib.
1907 2469 1980 2494 vn.
2006 2469 2018 2493 1
2032 2468 2085 2502 ¹4-
2116 2456 2249 2497 Euam.

1289 2523 1369 2548 122.
1396 2516 1443 2547 Et
1462 2509 1555 2555 densi
1566 2511 1711 2556 frutices
1726 2537 1736 2554 ,
1762 2520 1805 2547 ω’
1824 2509 1964 2544 ὐὶηέῖαε
1983 2507 2099 2542 cortice
2122 2505 2271 2557 virgae]

1240 2561 1380 2594 Vinffae
1399 2560 1597 2606 legendum
1619 2566 1719 2605 putat
1746 2559 1933 2595 Dominus
1963 2565 2178 2605 praeceptor
2203 2569 2273 2594 no-

1239 2608 1330 2652 ster,
1358 2609 1416 2645 cui
1447 2608 1607 2644 multum
1629 2608 1698 2644 hae
1718 2607 1867 2645 ‘nostrae
1900 2607 2033 2645 debent
2066 2608 2276 2645 annotatio-

1239 2670 1314 2695 nes.
1340 2658 1389 2696 est
1421 2666 1545 2696 autem
1577 2658 1782 2695 etiamnum
1805 2670 1887 2695 mos
1919 2670 1964 2695 ex
1996 2658 2187 2696 corticibus
2230 2658 2275 2695 ti-

1238 2709 1368 2746 liarum
1383 2738 1393 2755 ‚
1430 2708 1764 2759 nonnullarumque
1810 2709 1961 2747 aliarum
1994 2708 2166 2746 arborum
2181 2737 2191 2754 ,
2234 2716 2274 2746 ut

1237 2769 1408 2809 parentur
1426 2761 1530 2798 funes
1544 2788 1554 2805 ,
1574 2771 1665 2810 quos
1685 2758 1878 2797 verifimile
1899 2760 1947 2798 est
1959 2760 2088 2798 &tum
2110 2760 2273 2808 primum

1237 2812 1421 2849 inventos.
1450 2812 1576 2849 Crates
1597 2811 1705 2860 igitur
1725 2811 1891 2859 intelligit
1905 2839 1915 2855 ‚
1943 2819 2004 2847 aut
2025 2810 2113 2859 quid
2135 2809 2248 2847 simile
2262 2836 2274 2852 ,

1239 2873 1260 2898 e
1280 2861 1406 2911 quibus
1429 2863 1540 2899 etiam
1561 2861 1675 2898 hodie
1696 2861 1817 2899 multis
1838 2862 1875 2898 in
1896 2862 1986 2899 locis
2006 2868 2133 2909 parant
2155 2859 2271 2897 rustici

1240 2911 1386 2950 domos,
1416 2913 1674 2950 GLAREANUS.

1297 2974 1378 3012 123.
1407 2964 1544 3000 Semina
1587 2974 1662 3000 tum
1678 2964 1835 3013 primum
1867 2964 1972 3012 longis
1995 2961 2149 2999 Cerealia
2169 2956 2272 3007 sulcis

1240 3012 1375 3050 Obruta
1398 3014 1508 3063 sunt,
1546 3026 1616 3055 (φτ.
1634 3014 1650 3063 ]
1696 3013 1800 3052 Idem
1833 3014 1943 3052 docet
1967 3027 1974 3051 :
2025 3025 2087 3048 111.
2138 3009 2272 3045 Amor.

1236 3073 1289 3101 vx.
1318 3076 1372 3112 ῐς.

1291 3119 1395 3152 Nunc
1416 3125 1487 3166 opw
1509 3129 1649 3153 currum
1663 3144 1672 3161 ‚
1701 3117 1741 3152 de
1762 3130 1827 3166 quo
1848 3114 2002 3153 Cerealia
2019 3108 2177 3160 primum

1344 3167 1479 3203 Semina
1503 3177 1674 3203 venerunt
1694 3168 1731 3204 in
1755 3168 1839 3203 rude
1860 3161 2092 3211 miffzsolum.
2119 3161 2235 3196 C1012.v

1297 3227 1377 3265 ης.
1406 3217 1520 3253 Tertia
1535 3217 1604 3266 post
1634 3216 1774 3264 illam]
1804 3214 1877 3260 Post
1908 3212 1985 3248 illas
2015 3210 2271 3258 Berneggeria-³

1241 3277 1332 3314 nus,
1359 3267 1537 3314 Urbinas,
1563 3269 1701 3317 primus
1722 3264 1938 3353 Mgiiceus,
1963 3262 2001 3299 6<
2022 3260 2191 3300 Noricus.
2219 3260 2273 3295 id-

1834 3325 1855 3350 z
2208 3321 2280 3361 que
