2483 3616
203 160 350 220 periit.
419 154 546 218 „Quae
568 150 732 213 quidem
755 166 821 200 res
843 153 976 216 magis
1000 153 1111 200 inira
1146 151 1302 199 curtilis
1337 147 1434 212 vffia
1459 149 1611 213 fuiffi’t
1635 169 1653 206 3
1691 151 1770 214 nist
1784 148 1913 212 paulo
1936 154 2035 200 ante
2068 146 2216 211 Iphis,
2260 149 2354 214 istst

211 225 454 283 nuptiarum
475 217 569 274 die,
592 218 764 263 virilem
773 217 926 281 flexum
947 214 1173 278 accepiffl’t.
1354 248 1365 257 .

278 287 321 332 L
336 300 350 329 1
367 300 409 329 B.
445 282 510 330 Χ.
541 280 629 330 His
645 295 771 343 porro
795 285 952 342 nuptiis
976 285 1048 342 qui
1068 278 1328 341 interfuerat
1351 279 1646 339 Hymenaeus,
1691 281 1752 326 ad
1784 279 2002 341 Orpheum
2024 278 2119 326 inde
2131 277 2181 340 se
2205 291 2349 328 contu-

209 353 292 408 lit,
313 347 395 408 sed
415 348 524 393 malo
547 350 692 393 omine.
727 347 1056 408 quandoquidem
1079 361 1174 408 mox
1198 347 1300 391 obiit
1324 345 1563 405 Eurydice,
1598 345 1653 396 ἐξ
1671 345 1811 406 postea
1823 344 2016 406 secundo.
2052 346 2161 390 Cum
2185 345 2349 405 quidem

210 430 291 461 non
313 414 441 458 aliter
464 411 668 473 obstupuit
693 411 916 471 Orpheus,
950 426 1077 471 quam
1101 412 1174 471 qui
1198 410 1376 456 Cerbero
1401 409 1601 471 conspeeto
1614 408 1772 471 saxeus
1795 409 1851 470 est
1873 409 2056 470 effeetus.
2091 410 2244 470 Postea
2257 425 2351 456 cum

208 481 255 524 in
279 487 414 522 monte
436 476 614 538 quodam
637 478 789 522 varias
810 474 1218 537 transformationes]
1234 477 1329 534 lyra
1352 477 1601 536 exprimeret
1623 508 1640 534 ,
1683 485 1956 521 accurrerunt
1987 473 2155 520 arbores
2188 490 2353 533 omnes,

208 541 266 593 ὅθ
289 544 402 588 inter
423 552 579 589 ceteras
594 543 722 602 pinus
743 558 793 587 ex
817 543 936 600 Aty,
972 540 1026 593 ἐρ’
1050 541 1254 601 cupreſjus
1277 542 1298 586 e
1323 541 1536 601 Cypariffi)
1558 549 1744 586 mutata.

278 607 321 653 L
336 623 348 653 1
365 623 409 652 B.
445 607 494 653 Χ
509 606 546 652 Ι.
580 608 699 653 fflnc
723 603 931 652 Thraciae
954 607 1146 651 mulieres
1170 621 1263 650 cum
1286 607 1407 651 illum
1430 604 1751 667 discerpstſjent,
1786 608 1834 651 in
1856 607 2024 653 arbores
2038 614 2230 651 mutatae
2230 602 2356 665 sunt.

211 669 260 719 T
249 688 320 718 um
345 671 542 719 Bacchus
566 673 587 718 ὲ
612 669 797 717 Thracia
821 671 1004 730 receffit,
1039 669 1093 722 {9²
1118 671 1276 717 Midas>
1292 684 1371 730 pro
1397 671 1759 732 Sileno⁴restituto
1782 673 1881 717 auri
1905 672 2064 730 copiam
2077 669 2203 730 fecit.
2237 669 2355 730 cujus

211 754 307 785 cum
330 739 450 784 illum
467 739 724 798 poeniteret,
757 739 803 782 in
826 738 1004 783 Patlolo
1027 737 1165 794 lotus,
1210 751 1361 782 arenas
1395 736 1482 796 ejus
1515 752 1667 782 aureas
1701 735 1901 781 reddidit.
1969 734 2123 795 Postea
2157 734 2355 781 Phoebus

204 818 285 865 pro
309 804 449 864 iniquo
460 802 624 862 judicio
647 817 772 848 aures
796 805 863 849 illi
885 804 1070 863 afininas
1093 801 1262 846 tribuit.
1333 801 1434 866 Qo
1448 800 1600 862 fatte,
1636 798 1785 861 Trojae
1808 804 1998 859 moenia,
2031 799 2262 845 humanam
2285 803 2354 846 in«

192 869 340 914 dutus
353 866 574 928 formam,
607 867 828 927 exstruxit.
895 867 1026 911 Hanc
1063 866 1207 910 urbem
1232 866 1452 927 postquam
1487 868 1592 926 cepit
1615 867 1846 925 Hercules,
1880 868 2108 929 IJesionam
2143 863 2357 912 Telamoni

212 949 384 980 uxorem
419 933 533 978 dedit
558 949 573 977 .·
617 931 946 992 quandoquidem
981 931 1135 976 Peleus
1153 930 1255 991 jam
1293 928 1510 977 Thetidem
1535 931 1627 993 post
1661 933 1818 977 multas
1852 932 1939 993 ejus
1961 928 2356 991 transformationes

208 999 424 1045 duxerat:
459 997 514 1048 δέ
538 996 599 1041 ad
620 997 787 1055 Ceycem
804 996 945 1057 postea
960 994 1202 1056 profettus,
1236 996 1549 1042 Daedalionem
1568 999 1617 1042 in
1649 998 1917 1057 accipitrem,
1963 996 2017 1048 ὃ
2042 997 2256 1055 lupumin
2287 997 2355 1042 la·-

205 1064 352 1126 pidem
375 1060 643 1123 converfitm,
669 1063 837 1122 partim
859 1063 1152 1121 intellexerat,
1179 1063 1346 1120 partim
1369 1059 1451 1122 ipse
1475 1062 1662 1107 viderat.
1719 1062 1892 1107 Accidit
1915 1061 2058 1106 deinde
2078 1093 2094 1119 ,
2128 1071 2177 1105 ut
2202 1062 2358 1119 Alcyo-

216 1145 267 1175 ne
282 1162 295 1187 ,
330 1130 485 1173 marito
501 1126 592 1187 post
614 1125 890 1189 naufragium
903 1126 987 1189 sub
999 1127 1202 1186 Morphei
1203 1126 1352 1187 figura
1353 1125 1583 1188 st’cundum
1595 1128 1772 1188 quietem
1786 1125 1988 1187 conspecto
2001 1158 2016 1184 ,
2030 1127 2076 1171 in
2088 1140 2212 1171 avem
2226 1129 2362 1186 ,ficut

216 1193 273 1245 ὅ)
298 1196 508 1252 maritus,
542 1202 798 1238 mutaretur,
832 1193 956 1257 Qos
978 1195 1022 1238 in
1045 1194 1142 1238 aere
1165 1193 1358 1238 volantes
1380 1207 1472 1237 cum
1495 1191 1889 1251 animadvertiſjent
1913 1191 2086 1253 quidam
2099 1223 2115 1248 ,
2149 1190 2361 1252 Aesacum

217 1259 425 1320 quondam
449 1260 495 1303 in
518 1274 731 1319 mergum,
767 1260 838 1319 qui
861 1268 953 1304 tum
966 1257 1086 1320 forte
1109 1258 1262 1303 aderat
1285 1289 1301 1316 ,
1357 1259 1576 1303 meminere
1598 1255 1969 1318 transformatum.

284 1323 355 1369 [Α
373 1339 416 1369 Β.
452 1323 569 1370 XII.
602 1324 721 1369 Huic
743 1334 835 1369 tum
858 1323 1068 1369 Priamus
1084 1333 1213 1382 pater
1235 1355 1252 1382 ,
1286 1332 1492 1383 tanquam
1517 1332 1707 1381 mortuo,
1740 1323 1934 1382 exequias
1946 1319 2059 1381 fecit
2082 1337 2167 1368 una
2191 1336 2283 1367 cum
2296 1320 2361 1381 fi-

218 1390 302 1435 liis.
336 1398 497 1448 excepto
535 1400 677 1434 tamen
712 1389 906 1447 Paride,
950 1391 1023 1449 qui
1057 1390 1103 1433 in
1127 1388 1354 1433 Graeciam
1370 1386 1584 1447 profebtus
1607 1397 1701 1433 erat
1726 1403 1743 1433 :
1776 1401 1972 1448 quemque
1995 1386 2140 1434 deinde
2157 1385 2364 1447 persecuti

216 1455 379 1500 Graeci
391 1487 407 1513 ,
441 1453 659 1499 draconem
683 1454 842 1500 Aulide
866 1453 1076 1513 lapideum
1100 1453 1304 1498 viderunt
1338 1453 1564 1498 redditum.
1610 1453 1713 1498 Inde
1750 1453 1910 1511 Cycnus
1944 1451 1999 1496 ab
2022 1451 2190 1497 Achille
2215 1449 2366 1512 occisus

220 1521 268 1566 in
312 1533 439 1565 avem
484 1522 687 1565 vertitur.
751 1535 846 1565 cum
892 1519 1219 1565 invulnerabilis
1254 1516 1421 1578 fuiſjet.
1489 1526 1538 1563 ut
1596 1516 1651 1569 δᾶ
1691 1519 1844 1563 Caenis
1890 1517 1988 1563 olim
2035 1518 2081 1562 in
2114 1518 2324 1562 Caeneum
2347 1547 2367 1573 ,

212 1583 306 1644 post
343 1586 390 1629 in
421 1599 547 1630 avem
572 1617 588 1643 ,
634 1594 907 1630 commutata.
977 1584 1112 1649 ¹Quod
1132 1599 1225 1628 cum
1247 1583 1457 1642 narraſjet
1492 1581 1651 1641 Nestor
1672 1616 1688 1641 ,
1722 1582 2006 1639 Periclymeni
2035 1596 2190 1642 quoque
2222 1591 2367 1627 trans-

213 1648 496 1711 formationes
520 1649 733 1707 adjunxit.

286 1712 420 1759 Lm.
454 1713 597 1759 XIII.
631 1715 861 1773 Neptunus
882 1713 1028 1759 deinde
1051 1712 1217 1759 Achilli
1239 1720 1414 1758 mortem
1441 1719 1660 1772 procurat.
1726 1710 1803 1757 De
1837 1711 1953 1771 eujus
1987 1714 2120 1757 armis
2155 1711 2278 1772 Ajax
2311 1710 2369 1762 δέ’

224 1779 373 1823 Ulixes
389 1777 480 1837 post
502 1787 678 1823 mortem
701 1777 964 1824 contendunt.
1000 1778 1134 1837 Ajace
1157 1791 1258 1823 vero
1282 1777 1364 1822 hac
1386 1777 1435 1822 de
1458 1777 1602 1836 cauffa
1626 1785 1789 1822 mortuo
1808 1809 1822 1834 ‚
1858 1775 2037 1838 sanguis
2070 1776 2157 1836 ejus
2193 1778 2239 1821 in
2261 1775 2368 1833 hya-

222 1842 414 1889 cinthum
469 1844 671 1887 vertitur.
752 1843 894 1902 Capta
929 1841 1030 1901 jam
1063 1841 1191 1901 Troja
1214 1875 1230 1901 ,
1276 1843 1453 1887 Hecuba
1477 1842 1540 1902 fit
1572 1843 1701 1886 canis.
1783 1840 1915 1900 Cujus
1959 1841 2240 1901 infortunium
2273 1855 2370 1886 cum

226 1908 290 1954 dii
334 1921 469 1952 omnes
523 1907 787 1966 deplorarent
821 1940 837 1967 ,
911 1909 1086 1953 Aurora
1117 1907 1206 1965 fhla
1239 1907 1510 1954 Memnonem
1563 1906 1778 1951 duntaxat
1801 1938 1816 1964 ,
1882 1921 2009 1951 avem
2041 1905 2142 1965 jam
2166 1903 2370 1966 fabium,

224 1972 407 2033 lugebat.
476 1974 646 2019 Aeneas
659 1985 786 2031 porro
812 1971 1018 2033 profugus
1040 1973 1100 2018 ad
1120 1975 1314 2030 Anium,
1357 1972 1474 2033 cujus
1488 1971 1613 2031 filiae
1637 1973 1682 2016 in
1716 1971 1924 2017 columbas
1958 1979 2098 2016 erant·
2120 1969 2369 2032 conversae,

222 2039 395 2097 aliaque
428 2038 612 2097 deinceps
644 2039 732 2082 loca
776 2035 1221 2097 transformationibus
1251 2038 1369 2082 clara
1393 2070 1410 2095 ,
1466 2036 1631 2082 delatus
1665 2035 1737 2098 est.
1801 2036 1855 2082 In
1901 2036 2084 2082 Latium
2119 2036 2291 2096 denique
2323 2043 2374 2082 ut

228 2104 352 2148 venit
365 2134 381 2159 ,
413 2102 566 2148 bellum
589 2117 682 2148 cum
708 2098 847 2147 Turno
859 2101 1056 2164 suscepit„
1337 2140 1340 2141 γ

295 2164 338 2212 L
354 2181 370 2210 1
387 2181 431 2212 B.
467 2165 606 2212 X1V.
651 2167 698 2212 Is
732 2181 825 2211 cum
852 2180 930 2225 per
967 2167 1020 2214 V
1012 2168 1182 2213 enulum
1198 2176 1359 2228 peteret
1384 2169 1594 2213 auxilium
1618 2167 1647 2212 ὰ
1671 2166 1910 2225 Diomede,
1944 2165 2060 2227 cujus
2070 2164 2179 2227 socii
2200 2168 2248 2211 in
2271 2173 2376 2211 aves

217 2232 403 2295 fuerant
438 2233 636 2290 mutati,
693 2229 900 2293 repulsam
946 2233 1049 2277 tulit
1082 2254 1097 2287 3
1156 2233 1350 2279 redeunte
1387 2234 1440 2280 V
1434 2234 1556 2278 enula
1592 2245 1672 2291 per
1706 2248 1755 2278 ea
1796 2234 1886 2278 loca
1911 2264 1927 2290 ,
1979 2234 2026 2277 in
2058 2230 2206 2291 quibus
2230 2230 2376 2290 pastor

226 2295 437 2358 quondam
459 2297 504 2340 in
526 2295 746 2357 oleastrum
768 2306 862 2341 erat
886 2295 1118 2357 conversus.
1188 2297 1343 2356 Postea
1367 2312 1498 2343 naves
1522 2299 1693 2343 Aeneae
1717 2298 1763 2342 in
1791 2298 1949 2357 proelio
1985 2294 2214 2354 Ab’mphae
2237 2295 2376 2354 fiunt.

230 2361 354 2406 Sicut
379 2359 433 2410 δέ
459 2360 638 2420 Ardea,
665 2359 756 2421 post
779 2359 952 2422 occisum
978 2358 1194 2421 Turnum,
1228 2364 1341 2407 avis.
1375 2372 1501 2423 atque
1523 2364 1691 2408 Aeneas
1715 2359 1827 2422 ipse,
1862 2361 2042 2421 Indiges.
2089 2359 2376 2419 Succcffirunt

230 2424 330 2471 huic
352 2424 485 2483 Reges
507 2426 599 2470 alii.
668 2425 868 2490 Qtorum
890 2427 1005 2471 inter
1027 2436 1177 2473 ceteros
1188 2425 1272 2488 sub
1308 2427 1451 2472 Proca
1474 2425 1633 2486 floruit
1666 2426 1874 2472 Pomona.
1919 2440 2045 2486 quam
2080 2439 2175 2469 cum
2207 2431 2376 2468 amaret

232 2490 494 2537 Vertumnus
508 2520 523 2545 ,
535 2487 709 2549 ficmpta
715 2492 904 2548 primum
914 2506 1020 2536 anus
1033 2489 1182 2550 forma
1197 2524 1213 2549 ,
1227 2490 1281 2542 {9³
1296 2493 1567 2538 Anaxaretes
1587 2493 1633 2536 in
1644 2490 1806 2553 saxum
1819 2487 2038 2550 conversae
2048 2488 2228 2546 exemplo
2252 2485 2375 2548 usur-

187 2608 198 2616 ·
224 2564 361 2616 pato:
393 2552 536 2597 deinde
568 2568 645 2597 rur
664 2569 734 2598 um
755 2553 933 2612 juvenis
957 2553 1138 2614 faetus,
1184 2566 1283 2601 voto
1311 2558 1494 2614 potitur.
1528 2555 1630 2601 Inde
1652 2554 1735 2618 sub
1777 2557 2010 2602 Numitore
2030 2568 2164 2613 aquae
2178 2550 2376 2613 frigidae

232 2618 468 2663 redduntur
502 2617 676 2662 calidae.
743 2619 827 2663 Cui
860 2620 934 2679 qui
953 2617 1143 2679 succeffit
1162 2653 1178 2678 ,
1224 2620 1433 2665 Romulus
1454 2651 1470 2677 ,
1506 2618 1657 2679 fabius
1690 2619 1748 2677 est
1781 2618 1998 2680 Qirinus
2009 2637 2027 2673 3
2072 2615 2234 2678 ejusque
2255 2631 2376 2664 uxor.

233 2681 333 2727 Ora
359 2681 450 2726 dea.

300 2745 344 2791 L
359 2760 375 2790 1
392 2759 435 2789 B.
461 2742 576 2790 XV.
600 2745 774 2792 Secutus
797 2745 853 2806 est
876 2747 1061 2792 Numa:
1094 2750 1166 2807 qui
1189 2761 1281 2793 cum
1305 2746 1354 2791 de
1378 2745 1605 2807 originibus
1631 2747 1823 2793 Crotonis
1845 2749 2104 2808 inquireret,
2138 2748 2276 2808 nigros
2287 2747 2376 2793 cal-

234 2812 343 2858 culos
367 2809 574 2869 quondam
599 2812 643 2854 in
676 2812 789 2856 albos
801 2809 933 2871 fuiſje
968 2822 1240 2857 commutatos
1276 2814 1486 2870 comperit.
1521 2810 1576 2862 {9³
1610 2811 1904 2873 Pythagoram
1928 2812 1977 2857 cle
1992 2813 2204 2872 perpetuis
2235 2827 2378 2857 rerum

233 2872 679 2934 transformationibus
701 2874 982 2935 disputantem
1006 2876 1193 2921 audivit.
1226 2875 1454 2922 Mortuum
1475 2875 1618 2921 deinde
1643 2877 1841 2922 Numam
1874 2876 2027 2935 deflens
2059 2877 2241 2938 Aegeria
2255 2908 2271 2935 ,
2307 2891 2379 2922 nec

236 2939 485 3000 Hippolyti,
519 2940 591 2998 qui
606 2937 713 2998 suas
736 2941 812 2999 ipfi
835 2943 1111 3000 converfiones
1127 2939 1408 3000 proponebat,
1445 2938 1755 3001 consolationem
1778 2942 2005 2986 admittens
2025 2973 2040 2999 ,
2074 2939 2300 3002 insontem
2321 2941 2380 2986 li-

238 3004 405 3064 quefiit.
442 3002 499 3048 ld
519 3003 629 3062 quod
647 3018 727 3048 non
747 3006 884 3049 minus
899 3003 997 3063 fuit
1016 3005 1287 3062 mirandum,
1321 3020 1446 3064 quam
1470 3005 1578 3064 quod
1595 3006 1770 3051 Romuli
1793 3007 1939 3051 lancea
1972 3006 2125 3064 arbor,
2162 3014 2239 3049 aut
2265 3005 2378 3065 Cipr

220 3079 315 3132 'pm
328 3067 474 3126 factus
492 3066 551 3131 est
571 3077 778 3117 cornutus.
811 3069 963 3133 Julius
987 3067 1147 3132 Caesar
1166 3069 1339 3132 denique
1360 3071 1407 3117 in
1418 3068 1587 3132 stellam
1599 3070 1693 3133 post
1715 3070 1873 3117 obitum
1901 3079 2179 3118 commutatus
2191 3066 2320 3131 fuit.)

2125 3260 2181 3320 P.
2215 3259 2379 3311 0V1⁴
