2483 3616
357 176 1588 237 METAMORPHOSEON
1658 177 1797 233 LIB.

1869 177 1948 233 ΙΙΙ,
2103 193 2198 245 197

361 274 620 336 Addidit,
658 271 713 324 &
741 270 997 332 tonit1·u8‚
1036 268 1417 324 &inevitabile
1439 269 1658 324 fulmen.

362 349 484 420 Qua
508 360 687 410 tamen
712 361 878 415 usque
902 341 1105 414 potest,
1141 343 1277 397 vires
1301 341 1397 396 fibi
1419 342 1639 397 demere
1665 353 1850 406 tentat,

357 422 471 481 Nee
487 458 502 481 ,
537 436 646 490 quo
671 417 1032 471 centimanum
1058 413 1321 484 dejecerat
1345 415 1467 486 igne
1491 414 1786 486 Typhoea,

356 493 514 546 Nunc
542 503 771 543 armatur
797 505 889 542 eo:
930 487 1153 541 nimium
1177 487 1396 541 feritatis
1420 488 1474 541 in
1499 487 1606 540 illo,

215 582 313 632 305
351 563 443 618 Est
464 563 604 617 aliud
628 562 794 616 levius
821 560 1050 620 fulmen;
1078 559 1164 612 cui
1189 559 1376 613 dextra
1399 560 1703 632 Cyclopum

358 636 613 691 Saevitiae
629 675 644 698 ‚
668 634 1018 704 flammaeque
1043 630 1213 685 minus
1229 671 1243 695 ,
1265 632 1439 685 minus
1465 631 1673 685 addidit
1698 631 1832 685 irae:

355 709 496 763 Tela
519 707 746 763 secunda
769 720 963 760 vocant
988 703 1190 776 Superi.
1217 704 1355 776 capit
1382 705 1492 766 illa;
1521 704 1857 776 domumque

353 781 516 836 Intrat
545 783 901 852 Agenoream.
938 794 1129 848 corpus
1152 778 1377 830 mortale
1404 777 1660 830 tumultus

355 854 483 909 Non
510 854 629 907 tulit
669 852 958 911 aetherios;
987 850 1246 921 donisque
1265 848 1521 920 jugalibus
1546 849 1679 902 arsit.

218 945 316 993 310
353 925 697 997 Imperfectus
720 924 892 977 adhuc
922 922 1089 975 infans
1115 922 1397 991 genetricis
1421 920 1483 976 ab
1507 922 1625 976 alvo

354 998 622 1070 Eripitur‚
659 996 938 1069 patrioque
963 1007 1114 1046 tener
1146 994 1165 1060 (
1180 992 1216 1045 fi
1239 994 1461 1047 credere
1488 993 1745 1064 dignum)

356 1071 580 1125 Insuitur
606 1068 796 1124 femori
815 1091 832 1127 ;>
869 1079 1210 1137 maternaque
1235 1077 1478 1138 tempora
1506 1068 1758 1138 complet.

357 1143 565 1197 Furtim
589 1142 734 1194 illum
758 1138 937 1210 primis
962 1137 1055 1190 Ino
1081 1149 1362 1192 matertera
1387 1138 1535 1192 cunis

355 1215 582 1268 Educat.
621 1212 745 1266 inde
771 1211 956 1264 datum
980 1210 1259 1282 Nymphae
1284 1211 1525 1264 Nise'ides
1555 1211 1718 1266 antris

217 1306 311 1357 315
350 1286 651 1341 Occuluere
675 1283 773 1339 suis
792 1307 812 1347 ;.
846 1283 1095 1357 lattisque
1120 1283 1365 1337 alimenta
1391 1282 1608 1338 dedere.

71 1464 223 1516 posuiffe
251 1467 290 1504 in
311 1465 481 1509 femore,
510 1464 620 1503 docet

75 1518 112 1555 A
135 1517 251 1554 Libero
267 1526 366 1566 patre
380 1544 390 1560 ‚
412 1516 573 1565 loquitur
605 1524 727 1552 autem
751 1514 795 1552 de
815 1514 941 1551 incolis
963 1511 1108 1561 Nysae,

64 1570 103 1617 se
124 1567 179 1617 effe
213 1567 361 1604 conditos
384 1566 543 1603 dicebant
566 1595 576 1611 ‚
606 1579 648 1606 εγ
670 1579 755 1602 vera
780 1564 859 1601 haec
890 1564 975 1612 origo
998 1572 1073 1599 erat
1096 1579 1105 1598 .-

68 1617 141 1666 fita
160 1618 203 1665 est
217 1617 283 1666 sub
315 1616 485 1654 radicibus
518 1617 671 1661 montis,
698 1629 798 1666 quem
829 1621 951 1651 Meron
981 1613 1109 1649 incolae

75 1669 256 1718 appellant.
298 1668 381 1704 Inde
402 1668 524 1704 Graeci
546 1667 733 1704 mentiendi
756 1676 890 1702 traxere
918 1664 1109 1708 licentiam,

75 1719 183 1764 Jovis
196 1718 328 1764 femine
351 1717 510 1753 Liberum
526 1727 660 1766 patrem
681 1717 736 1766 effe
758 1716 915 1752 celatum.
937 1716 1107 1752 CIOFAN.

126 1781 207 1817 314.
235 1767 417 1818 Nymphae
439 1768 627 1817 Nisb'z'des.]
667 1768 728 1804 De
760 1765 944 1814 Nymphis
974 1765 1107 1801 Bacchi

72 1820 267 1856 nutricibus
290 1848 300 1862 ‚
327 1818 554 1867 rherecydes
577 1847 587 1863 ‚
624 1825 663 1855 ut
691 1818 728 1855 in
762 1817 913 1853 Comm.
946 1815 1108 1852 Homeri

72 1871 224 1914 citatur,
250 1870 287 1906 in
319 1870 417 1906 hunc
452 1868 527 1906 fere
568 1868 724 1906 modum
754 1866 874 1904 tradit.
909 1865 1105 1915 Postquam

69 1920 256 1969 Juppiter‚
283 1920 400 1968 inquit
414 1947 424 1963 ,
447 1930 493 1955 ex
514 1920 658 1956 femore
680 1916 902 1966 Dionysium
925 1916 1108 1965 procreas-

71 1970 144 2014 set,
172 1970 342 2019 nymphis
364 1969 579 2007 Dodonaeis
610 1969 711 2006 illum
735 1967 834 2005 dedit
865 1967 958 2004 clam
991 1969 1108 2013 Juno-

48 2024 50 2026 ’
73 2032 121 2057 ne
144 2020 386 2057 educandum.
418 2031 573 2069 quarum
595 2020 750 2057 nomina
770 2019 860 2055 haec
881 2017 979 2054 sunt..
1010 2018 1107 2054 Am-

73 2069 189 2107 brofia
211 2098 222 2114 ‚
249 2070 406 2107 Coronis
427 2098 437 2114 ‚
464 2070 612 2108 Eudora
636 2098 647 2114 ‚
674 2070 801 2106 Dione
825 2096 835 2112 ,
873 2067 994 2104 Fesula
1020 2095 1031 2111 ,
1069 2069 1106 2104 ὃς

71 2119 229 2168 Polyxo.
265 2121 349 2156 Hae
370 2120 592 2168 Dionysium
626 2120 825 2157 nutrientes
848 2146 858 2162 ,
885 2117 990 2154 fimul
1019 2129 1105 2154 cum

73 2180 121 2205 eo
144 2170 402 2215 circumibant,
431 2171 468 2207 δε
491 2171 673 2207 rationem
704 2169 786 2206 vitis
807 2167 1021 2216 plantandae
1035 2196 1044 2212 ,
1066 2176 1107 2205 ut

74 2218 119 2255 ab
140 2219 201 2255 illo
223 2219 369 2256 inventa
402 2229 501 2265 erat,
528 2220 699 2257 mortales
731 2218 923 2256 docebant.
969 2218 1106 2255 Donec

73 2279 137 2306 rex
160 2268 350 2305 Thracum
373 2270 562 2319 Lycurgus
591 2272 630 2308 ὃς
661 2271 727 2307 has
761 2270 799 2306 &
831 2269 932 2305 ilium
957 2268 1002 2304 ad
1025 2280 1105 2305 ma-

73 2330 114 2355 re
135 2318 246 2366 usque
266 2318 466 2366 persecutus
499 2321 558 2358 est.
594 2321 701 2359 Tum
724 2320 823 2357 enim
847 2319 947 2366 Jovis
969 2318 1104 2355 auxilio

74 2368 273 2417 implorato
298 2397 308 2412 ‚
334 2369 427 2405 inter
456 2369 580 2418 sydera
611 2379 778 2418 receptae
807 2368 910 2412 sunt,
939 2368 1107 2416 Hyades-

73 2430 148 2466 que
179 2426 333 2455 vocatae
367 2447 377 2463 ‚

643 1466 693 1513 Q.
723 1463 867 1501 Curtius
884 1462 944 1500 lib.
965 1473 1036 1499 ΠΧ.
1051 1472 1108 1498 10.

423 2427 462 2456 ut
492 2420 590 2456 addit
618 2421 801 2468 Hyginus.
848 2420 932 2456 Hae
954 2418 1105 2456 eaedem

74 2469 185 2505 etiam
208 2469 252 2505 ab
273 2467 440 2506 Hesiodo
470 2469 719 2513 recensentur,
744 2469 805 2505 sed
829 2470 992 2517 quinque
1015 2468 1108 2506 dun-
1129 2483 1136 2497 ³

73 2525 173 2557 taxat
186 2546 196 2563 ,
224 2519 263 2555 &
283 2518 404 2567 paullo
426 2519 499 2556 aliis
517 2519 726 2557 nominibus
741 2547 751 2563 ,
776 2517 831 2555 his
851 2518 1029 2555 versibus:

123 2569 301 2614 Φαισύλκ,
329 2569 387 2610 ἦὸἒ
410 2572 578 2615 Κορωνῖς,
607 2569 807 2614 ἐϋςέφκνός
830 2581 871 2604 τε
890 2570 1047 2612 Kaisesa,

121 2615 243 2656 ‘haldo'
260 2620 444 2664 ἱμερόεσσα
457 2648 466 2662 ,
495 2620 557 2655 καὶ
579 2619 714 2662 oasam
736 2618 935 2660 ἐνύπεπλσς
949 2635 973 2662 ‚J

123 2669 290 2716 Νύμφαι,
314 2664 360 2709 ὣς
376 2669 487 2712 ὑάδας
508 2670 695 2705 καλέουσιν
713 2664 805 2712 <Dux
825 2668 1013 2711 ἀνθρώπων.

72 2720 299 2758 M1cutus.
335 2720 396 2757 De
416 2720 469 2757 his
491 2720 686 2757 nutricibus
718 2719 851 2756 Bacchi
884 2718 956 2766 agit
987 2718 1109 2767 Hygi-

72 2783 151 2808 nus.
172 2771 242 2808 fab.
265 2783 430 2808 ctxxxn.
467 2770 526 2807 sed
548 2769 724 2817 corruptis
748 2768 952 2805 admodum
976 2768 1104 2804 verbis.

76 2821 115 2857 δε
144 2821 214 2858 fab.
246 2831 360 2858 cxcn.
397 2820 459 2857 ubi
487 2820 572 2857 vide
603 2820 778 2857 Munkeri
808 2827 925 2857 notas.
957 2818 1109 2856 diversas

76 2881 166 2906 vero
189 2870 397 2919 Nymphas,
422 2879 462 2907 ut
483 2870 616 2907 Bacchi
640 2870 797 2907 nutrices
812 2897 820 2910 ‚
849 2882 869 2906 a
891 2870 995 2906 variis
1018 2868 1109 2905 tradi

78 2918 188 2956 docet
211 2919 442 2957 Casaubonus
464 2919 508 2956 de
542 2920 701 2968 Satyrica
724 2919 839 2956 Po'e'si.
872 2930 952 2967 pag.
985 2930 1042 2967 35.
1070 2920 1109 2956 &

79 2967 175 3021 seqq.
187 2968 232 3006 de
243 2970 312 3007 Ino
325 2969 398 3006 five
412 2970 641 3008 Leucothee.
653 2969 794 3007 vid.lib.
806 2982 856 3006 vi.
872 2969 958 3005 Fast.
972 2970 1053 3017 485.
1071 2970 1110 3006 ὃς

81 3027 120 3053 in
152 3017 238 3055 lbid.
267 3032 349 3067 497.
382 3019 426 3057 de
458 3020 623 3057 Macride
646 3032 735 3057 mox
770 3019 984 3057 videbimus.
1015 3031 1109 3068 quae

56 3102 58 3105 ,
83 3065 123 3101 &
141 3068 258 3104 nutrix
278 3070 410 3106 Bacchi
432 3069 570 3108 dicitur.
596 3070 815 3118 aNymphis
825 3070 1000 3107 nutritum
1014 3070 1110 3106 Dio-

85 3114 191 3151 dorus
201 3116 356 3156 lib.1v.&
368 3120 525 3157 Homer.
537 3121 695 3168 Hymno
707 3121 745 3157 in
755 3120 940 3156 Bacchum
953 3120 1108 3157 tradunt.

84 3164 281 3214 Aeschylus
300 3170 524 3217 tragoediam
536 3169 713 3218 scripserat
727 3198 736 3212 ‚
763 3170 864 3218 cujus
891 3170 1015 3207 titulus
1037 3173 1112 3205 Διο-

83 3215 180 3249 νύσου
212 3217 336 3259 umbe
359 3246 369 3261 ‚
404 3231 514 3268 quam
536 3221 621 3256 citat
644 3220 763 3256 Schol.
796 3220 956 3268 Euripid.
989 3220 1111 3268 Argu-

84 3272 202 3303 ment.
234 3264 402 3304 Medeae.
455 3269 601 3309 Servius.
628 3269 674 3307 ad
703 3270 830 3318 Virgil.
860 3270 936 3308 Ecl.
969 3282 1022 3307 VI.
1054 3283 1110 3319 15,

2031 1379 2071 1426 F
2094 1396 2126 1427 A
2154 1398 2209 1427 13...

1162 1459 1332 1515 Bacclien
1362 1461 1568 1511 nympham
1597 1472 1682 1499 cum
1714 1460 1852 1500 Brome
1872 1460 1993 1500 sorore
2021 1473 2107 1499 eum
2129 1474 2201 1500 nu-

1162 1510 1296 1549 trivifle
1317 1520 1433 1549 notat.
1463 1513 1593 1549 BURM.

1218 1574 1303 1612 314.
1341 1564 1471 1600 Amris
1501 1562 1608 1612 ficia]
1649 1563 1803 1612 Propriis
1843 1564 2027 1612 speluncis.
2075 1568 2210 1600 Antra

1165 1624 1313 1663 nanque
1335 1614 1521 1651 montium
1536 1642 1546 1658 ‚
1574 1614 1839 1663 praecipueque
1861 1615 2051 1651 Heliconis
2065 1641 2074 1656 ‚
2087 1625 2199 1662 nym-

1162 1664 1241 1711 phis
1262 1664 1342 1702 sunt
1374 1664 1501 1701 dicata.
1543 1665 1704 1701 Antrum
1736 1674 1860 1701 autem
1890 1665 1975 1702 illud
1999 1693 2009 1708 ,
2055 1664 2092 1700 in
2119 1675 2198 1712 quo

1163 1713 1324 1751 Bacchus
1346 1715 1459 1751 fertur
1480 1715 1652 1752 educatus
1667 1743 1677 1759 ‚
1692 1715 1889 1763 Dithyrites
1910 1723 2074 1751 vocatur.
2112 1715 2198 1750 Un-

1163 1763 1208 1800 de
1231 1766 1269 1802 &
1300 1765 1461 1802 Bacchus
1492 1765 1758 1814 Dythyrambus
1788 1766 1857 1802 fuit
1886 1765 2079 1814 appellatus
2101 1791 2112 1808 ‚
2149 1775 2199 1800 eo

1161 1815 1263 1862 quod
1285 1815 1341 1851 δύο
1363 1815 1457 1860 θύρας
1471 1843 1482 1859 ,
1507 1816 1582 1853 hoc
1604 1816 1651 1852 est
1666 1844 1675 1859 ,
1703 1815 1790 1852 duas
1805 1816 1933 1865 januas
1965 1822 2110 1852 antrum
2133 1813 2200 1851 ha-

1162 1864 1279 1902 buerit
1298 1894 1308 1910 ,
1347 1873 1387 1903 ut
1416 1865 1566 1914 quidam
1597 1865 1618 1903 e
1647 1866 1795 1903 Graecis
1826 1872 1982 1903 narrant.
2025 1865 2201 1902 Rffixus.

1162 1916 1272 1963 Quae
1294 1916 1428 1964 Regius
1451 1916 1509 1954 hic
1531 1916 1639 1953 habet
1653 1944 1663 1959 ‚
1681 1916 1817 1953 exstant
1838 1916 1934 1964 apud
1957 1915 2127 1953 Proclum
2160 1915 2200 1951 in

1162 1966 1454 2003 Chrestomathia
1494 1966 1590 2015 apud
1631 1967 1805 2016 Photium
1840 1968 1984 2002 Canon.
2026 1977 2201 2002 ccxxxxx.

1163 2017 1241 2063 Qui
1262 2025 1388 2053 tamen
1410 2016 1508 2053 addit
1530 2029 1607 2053 non
1628 2024 1769 2053 tantum
1795 2028 1814 2052 a
1836 2016 1945 2052 bifori
1967 2026 2072 2052 antro
2099 2043 2110 2059 ,
2136 2015 2197 2052 sed

1162 2066 1272 2111 etiam
1295 2067 1381 2115 quia
1407 2067 1457 2103 bis
1480 2067 1643 2114 genitus,
1670 2066 1782 2103 semel
1802 2078 1846 2103 ex
1869 2066 2036 2111 Semele,
2062 2066 2198 2102 iterum.

1160 2127 1204 2153 ex
1237 2117 1383 2154 femore
1407 2145 1424 2161 ‚.
1444 2116 1582 2154 di‘stum
1616 2116 1896 2165 Dithyrambum
1919 2131 1930 2159 ;
1963 2116 2065 2165 quod
2096 2115 2198 2152 idem

1158 2166 1266 2204 tradit
1288 2167 1446 2205 Tzetzes
1472 2167 1508 2204 in
1530 2167 1801 2216 prolegomenis
1824 2166 1868 2203 ad
1891 2166 2199 2214 Lycophronem.

1158 2218 1244 2266 quia
1273 2217 1433 2255 Bacchus
1466 2229 1529 2266 per
1554 2217 1640 2255 duas
1677 2218 1806 2265 januas
1837 2216 1901 2253 ivit
1927 2244 1936 2259 ,
1964 2227 2076 2253 unam
2109 2226 2199 2251 ven-

1159 2268 1219 2304 tris
1242 2268 1402 2305 Semeles
1416 2296 1425 2312 ,
1453 2268 1602 2305 alteram
1635 2268 1784 2304 femoris
1804 2266 1915 2313 Jovis‚
1942 2268 1979 2303 &
2001 2266 2050 2302 ita
2073 2265 2200 2302 Suidas

1159 2318 1198 2354 in
1220 2330 1315 2355 voce
1327 2318 1538 2364 διθύραμβος.
1563 2317 1772 2355 Scholiastes
1797 2317 1971 2365 Apollon.
1994 2315 2040 2352 ad
2060 2314 2120 2351 lib.
2143 2327 2197 2353 1v.

1166 2379 1271 2416 1131.
1304 2368 1389 2406 dicit
1401 2369 1609 2417 Dithyriten
1619 2368 1744 2405 vocari
1765 2367 1808 2404 ab
1829 2374 1949 2410 antro,
1968 2366 2005 2402 in
2018 2377 2094 2414 quo
2107 2365 2200 2402 Bac-

1162 2418 1273 2455 chum
1296 2420 1432 2457 Macris
1454 2419 1648 2462 educavit,
1674 2417 1774 2466 quod
1796 2417 1948 2453 habebat
1971 2415 2058 2453 duas
2090 2417 2209 2454 fore&

1163 2470 1273 2515 Quae
1294 2469 1429 2506 Macris
1450 2470 1488 2506 in
1518 2471 1681 2517 Corcyra
1709 2467 1819 2504 insula
1841 2495 1851 2511 ,
1878 2477 1972 2516 quae
2002 2465 2089 2503 inde
2113 2472 2200 2502 Ma„

1163 2519 1229 2554 cris
1250 2518 1345 2555 di&a
1365 2520 1432 2556 fuit
1446 2547 1457 2562 ‚
1482 2518 1669 2555 habitavit.
1690 2517 1762 2554 vid.
1785 2517 1831 2554 ad
1852 2518 1899 2554 vs.
1922 2529 2006 2565 990.
2032 2516 2211 2564 Etymol-

1164 2567 1222 2603 M.
1252 2568 1396 2605 Auctor
1427 2568 1557 2605 eadem
1599 2569 1674 2604 fere
1702 2567 1809 2605 tradit
1839 2567 1884 2604 de
1915 2566 2166 2616 Dithyrambo
2190 2595 2211 2612 ,.

1164 2615 1230 2654 nifi
1251 2617 1353 2666 quod
1373 2626 1518 2655 antrum
1540 2619 1660 2668 Nysae
1682 2616 1751 2654 effe
1773 2618 1879 2655 dicat.
1911 2625 1950 2654 ut
1972 2618 2010 2654 δε
2030 2617 2202 2665 Apostol..

1166 2669 1315 2704 Centur.
1339 2680 1409 2705 vn.
1432 2669 1602 2705 Proverb.
1631 2667 1684 2705 16.
1710 2669 1770 2705 De
1787 2669 1882 2717 Nysa
1904 2668 1961 2705 illa
1975 2667 2057 2711 ‚vel
2078 2668 2203 2717 Nyssa„

1163 2718 1225 2754 ubi
1246 2726 1389 2754 antrum
1412 2719 1667 2763 fuerit‚etiam
1691 2730 1769 2755 non
1799 2719 1985 2756 convenit.
2025 2718 2063 2755 in
2096 2718 2202 2755 India

1164 2768 1276 2816 vulgo
1299 2769 1446 2816 ponitur
1471 2797 1482 2814 ‚
1519 2777 1560 2806 ut
1592 2780 1637 2806 ex
1674 2769 1808 2814 Justino
1824 2798 1833 2813 ‚
1863 2769 1992 2806 Curtio
2018 2796 2028 2812 ,
2065 2769 2103 2805 ὃς
2125 2769 2201 2805 aliis

1165 2818 1324 2855 constat:
1356 2818 1414 2855 alii
1434 2820 1472 2856 in
1494 2820 1654 2857 Thracia
1670 2848 1680 2863 ,
1707 2819 1766 2855 alii
1794 2820 1840 2856 ad
1874 2818 2067 2857 Parnasum
2091 2846 2111 2863 ,,
2141 2819 2210 2855 τιῌιίΑ

1165 2868 1248 2904 alibi
1265 2867 1434 2906 statuunt.
1464 2869 1610 2906 Nemes.
1633 2869 1709 2906 Ecl.
1732 2882 1795 2906 nt.

1215 2924 1316 2954 Hunc
1328 2919 1507 2970 Nymphae
1522 2921 1700 2970 Faunique
1712 2922 1807 2968 senes
1822 2949 1831 2963 ‚
1844 2920 2209 2970 Satyriqueprocacesffi

1218 2974 1279 3005 Vos
1299 2969 1404 3005 etiam
1438 2975 1551 3018 Nysae
1573 2971 1684 3007 viridi
1704 2971 1857 3018 nutristis
1879 2972 1916 3006 in
1939 2981 2052 3006 antro.

1165 3018 1351 3056 Pausanias
1371 3019 1430 3056 lib.
1455 3033 1521 3057 111.
1555 3032 1632 3069 cap.
1667 3034 1722 3066 24.
1745 3021 1905 3058 Antrum
1922 3049 1931 3064 ‚
1952 3022 1990 3056 in
2011 3030 2086 3067 quo
2109 3018 2211 3055 Bac»

1168 3069 1254 3105 chus
1285 3070 1438 3107 nutritus
1470 3071 1537 3107 fuit
1560 3099 1570 3115 ‚
1607 3072 1644 3108 in
1677 3083 1764 3119 agro
1796 3070 2030 3108 Brasiatarum
2062 3068 2211 3106 ostendi.

1167 3127 1286 3157 narrat
1301 3148 1311 3163 ‚
1339 3122 1377 3157 ὃς
1399 3132 1526 3169 agrum
1562 3122 1685 3159 vocari
1707 3124 1860 3157 Διονύσου
1878 3122 1996 3158 κῆπον,
2017 3118 2213 3156 Theocrin-

1137 3202 1141 3206 ,
1167 3178 1224 3206 tus
1256 3169 1362 3219 Idyll.
1397 3183 1501 3207 xxvi.
1532 3183 1587 3219 33.
1612 3172 1747 3218 Jovem
1782 3167 1925 3207 edidisse
1956 3168 2142 3205 Bacchum
2165 3167 2214 3204 Zu-

1168 3221 1338 3265 Δρακάνῳ
1352 3222 1506 3266 νιφόεντι
1529 3221 1626 3257 dicit.
1654 3233 1763 3269 quem
1788 3221 1911 3255 locum
1933 3218 2076 3266 ignoro.
2103 3224 2215 3255 Dran-

1167 3282 1292 3306 canum
1304 3270 1431 3308 urbem
1455 3270 1812 3357 &BpDromontorium
1826 3269 1960 3306 Icariae
1974 3268 2111 3306 Insulae
2124 3281 2216 3306 nie--

1576 3332 1594 3369 3
2087 3327 2220 3357 morat:
