2483 3616
216 199 281 248 60

635 187 695 244 P.
768 182 1186 243 OVIDII
1260 176 1796 236 NASONIS

212 292 281 335 ille
312 288 469 335 amlitis
498 290 690 350 precibus
729 318 745 344 ,
800 289 949 348 filiam
984 290 1152 335 deorum
1184 287 1345 332 auxilio
1380 318 1396 344 ,
1461 296 1510 331 ut
1545 288 1637 330 vim
1666 284 1865 347 effugeret
1890 317 1906 345 ,
1973 287 2019 331 in
2052 285 2221 333 laurum
2254 287 2364 344 con&-

215 355 358 399 vertit.

603 473 796 530 Rimus
822 490 971 527 amor
999 470 1208 527 Phoebi
1230 467 1458 540 Daphne
1482 468 1711 529 Pene'i‘a3
1753 483 1916 540 quem
1943 484 2066 523 non.

502 477 732 611 PFors
757 547 935 617 ignara
971 544 1151 607 dedit,
1189 541 1279 596 sed
1305 542 1452 595 saeva
1477 539 1763 610 Cupidinis
1788 540 1883 593 ira.

501 619 685 674 Delius
712 621 854 674 hunc
881 635 1080 689 nuper,
1118 613 1256 669 vicia
1279 613 1523 685 serpente
1548 611 1827 682 superbuS,
1860 634 1863 639 s

360 708 461 759 455
497 690 722 746 Viderat
749 689 983 746 addu&o
1007 689 1315 760 ilecientem
1340 703 1539 739 cornua
1563 701 1759 738 nervo:

505 763 764 836 Quidque
794 764 916 827 tibi,
954 762 1140 815 lascive
1166 776 1329 830 puer,
1371 774 1496 810 cum
1519 755 1745 811 fortibus
1770 757 1957 812 armis?

501 836 749 890 Dixerat:
791 836 882 888 ista
907 835 1104 886 decent
1129 832 1380 885 humeros
1406 828 1693 900 gestamina
1716 829 1951 891 nostros;

502 907 613 979 Qui
637 908 762 961 dare
791 917 935 960 certa
967 905 1138 967 ferae,
1177 902 1304 956 dare
1329 904 1545 957 vulnera
1569 900 1836 974 possumus
1860 902 2011 957 hosti.

504 980 616 1052 Qui
643 978 839 1041 modO,
876 976 1127 1049 pestifero
1153 988 1236 1029 tot
1256 975 1442 1046 jugera
1468 987 1654 1029 ventre
1682 987 2059 1046 prementem,

362 1053 463 1120 460
501 1052 790 1107 Stravimus
814 1050 1134 1112 innumei·i5‚
1174 1047 1442 1103 tumidum
1466 1046 2007 1120 Pythona,.sagittis,.

500 1125 596 1180 Tu
621 1124 735 1180 face
761 1123 940 1178 nescio
964 1140 1100 1196 quos
1124 1121 1234 1176 esto
1262 1133 1549 1175 contentus
1573 1138 1781 1175 amores

500 1197 709 1252 Irritare
737 1198 856 1251 tua:
897 1213 997 1250 nec
1019 1195 1198 1250 laudes
1223 1193 1405 1248 adsere
1429 1193 1642 1248 nostras,

499 1269 660 1324 Filius
685 1270 809 1324 huic
835 1268 1095 1333 Veneris,
1130 1267 1284 1339 Figat
1311 1280 1429 1320 tuus
1457 1267 1665 1328 omnia,
1698 1266 1952 1331 Phoebe,

500 1343 589 1400 Te
614 1361 764 1399 meus
788 1359 965 1406 arcuS,
1002 1341 1103 1396 ait:
1145 1339 1718 1414 quantoqueanimalia
1746 1341 1950 1396 cedunt

217 1548 253 1584 Si
274 1547 338 1585 tibi
360 1543 501 1598 regnum
517 1548 731 1598 permittant
751 1547 914 1586 homines.
955 1546 1112 1586 Terent.
1134 1544 1251 1583 Andr.

215 1598 302 1635 Λᾶ.
339 1611 368 1636 1.
400 1598 445 1636 sc.
470 1613 500 1647 5.
538 1607 634 1636 Bona
667 1599 777 1646 nostra
809 1599 891 1636 haec
917 1598 981 1635 tibi
996 1597 1187 1648 permitto,
1214 1607 1258 1635 (9¹

215 1659 295 1685 tuae
326 1650 452 1686 mando
478 1649 572 1696 fidei.
598 1649 722 1696 Justin.
753 1648 812 1686 lib.
845 1663 891 1687 ιι.
921 1660 1000 1698 cap.
1024 1660 1056 1695 7.
1086 1646 1258 1684 Admini—

205 1697 332 1744 stratio
354 1700 550 1749 reipublicae
571 1701 698 1737 annuis
710 1699 965 1747 magistratibus
979 1698 1150 1747 permissa.
1178 1698 1257 1734 Ne-

214 1759 281 1796 pos
303 1750 501 1788 Hamilcar.
524 1762 601 1798 cap.
638 1763 668 1787 1.
706 1755 796 1785 Eam
828 1763 899 1786 rem
930 1749 1076 1785 arbitrio
1096 1748 1259 1797 permise-

215 1810 300 1834 runt
321 1800 544 1836 Hamilcaris.
568 1799 701 1837 Sallust.
724 1800 805 1846 Jug.
827 1811 905 1848 cap.
931 1810 1013 1848 103.
1048 1798 1136 1835 Bclli
1167 1812 1256 1835 com·

207 1850 358 1898 ponendi
382 1850 556 1887 licentiam
578 1848 651 1899 ipsis
667 1849 854 1899 permittit.
882 1850 1008 1886 Senec.
1030 1848 1076 1886 de
1108 1848 1259 1886 Provid.

215 1909 295 1947 cap.
325 1902 358 1937 6.
387 1898 531 1949 Permifi
549 1900 644 1936 vobis
669 1928 679 1944 ,
722 1900 905 1937 metuenda
940 1910 1171 1944 contemnere,
1198 1913 1256 1936 cu-

205 1950 337 1998 pienda
358 1951 530 1999 fastidire.
566 1951 758 1987 Minium.
778 1951 981 2000 permiserat
1003 1951 1114 1988 etiam
1134 1950 1255 1989 Parin.

215 1999 337 2049 Lugd.
358 2002 467 2039 reete.
491 2001 604 2039 Ovid.
626 2001 734 2050 Epist.
757 2013 847 2038 viii.
878 2013 937 2050 39.

269 2054 385 2099 Qem
399 2051 468 2102 fibi
482 2050 658 2102 permisti,
681 2065 799 2100 genero
814 2052 1002 2102 permittat
1021 2064 1184 2091 amorem.

211 2113 263 2140 11.
284 2102 378 2139 Met.
405 2116 489 2151 ²59·

267 2153 400 2203 Cuique
413 2154 492 2200 suit
514 2167 634 2190 rerum
645 2153 805 2203 permiffa
820 2155 975 2203 potentia
998 2154 1131 2202 Tybris.

215 2202 271 2239 Ut
292 2203 441 2252 quidam
465 2204 627 2242 codices..
650 2204 734 2241 vide
759 2204 812 2241 Cl.
837 2205 970 2241 Graev.
993 2205 1038 2242 ad
1061 2205 1179 2242 Cicer.
1190 2216 1259 2254 pro

214 2251 322 2291 Rosc.
346 2254 534 2293 Coinoed.
556 2267 633 2303 cap.
656 2266 708 2292 iv.
733 2254 995 2292 Bmzmmws.

267 2311 285 2338 g
313 2306 420 2354 Cujus
450 2305 507 2341 ille
536 2306 668 2342 auditis
694 2305 846 2355 precibus
869 2334 880 2350 ,
910 2306 1028 2353 filiam
1060 2305 1160 2355 &c.]
1201 2305 1256 2342 Ita

217 2353 262 2389 C.
284 2354 321 2390 V
326 2384 333 2391 .
355 2357 394 2392 δε
416 2355 585 2393 meliores
606 2356 718 2404 vulgo
733 2384 743 2400 ,
779 2355 869 2393 solet
899 2364 1022 2394 autem
1043 2356 1258 2405 hujusmodi

216 2403 334 2441 multa
354 2405 541 2443 Luc'tatius
563 2406 608 2443 de
628 2406 692 2443 suo
715 2405 944 2455 adspergere:
983 2418 1078 2456 quae
1110 2407 1174 2456 qui
1201 2406 1258 2443 vi-

218 2453 349 2492 derunt
381 2467 466 2492 cum
501 2455 629 2493 Ovidii
658 2456 774 2493 verbis
802 2469 880 2495 non
913 2468 1115 2505 congruere
1138 2486 1148 2502 ‚
1184 2456 1260 2494 aufi

217 2502 298 2540 sunt
331 2504 387 2541 alii
418 2505 634 2544 submovere
681 2507 859 2545 Gisum.
906 2507 961 2544 Ita
997 2507 1123 2544 locum
1158 2508 1259 2545 hunc

220 2553 402 2591 constituit
425 2555 611 2594 Giseiinus.
636 2556 783 2594 Veneta
803 2559 841 2594 δε
863 2557 1077 2606 Micylliana
1098 2557 1257 2595 habent:

220 2605 343 2651 Qam
374 2605 452 2649 ille,
490 2607 622 2643 auditis
647 2607 798 2656 precibus
812 2607 909 2655 filiae
923 2636 933 2652 ‚
962 2608 1102 2645 deorum
1123 2619 1165 2644 ut
1180 2609 1258 2645 vim

219 2654 373 2702 effugeret
388 2683 398 2699 ,
425 2656 462 2691 in
484 2656 624 2693 laurum
645 2658 828 2694 convertit.
879 2658 1006 2706 Atque
1036 2659 1086 2695 ita
1107 2670 1260 2707 quoque

219 2704 440 2749 Raenerius,
468 2706 532 2742 nisi
553 2706 655 2755 quod
680 2708 720 2742 τὸ
738 2707 836 2753 filiae
856 2707 1006 2745 omittit.
1041 2709 1168 2756 Quam
1190 2720 1262 2745 vo-

219 2766 303 2790 cem
337 2755 496 2802 agnoscit
526 2764 652 2792 tamen
682 2757 774 2799 MS„
805 2757 895 2793 liber
917 2784 927 2800 ,
975 2758 1039 2805 qui
1070 2759 1261 2807 ceteroqui

220 2816 306 2842 cum
335 2805 496 2843 Giselino
530 2807 625 2843 facit.
652 2806 738 2843 Infr.
768 2806 826 2843 lib.
858 2818 912 2843 vi.
943 2808 1028 2844 Fab.
1050 2820 1084 2854 4.
1112 2810 1259 2846 Auditis

217 2856 336 2906 itaque
352 2856 503 2906 precibus
525 2857 594 2905 eius
626 2885 637 2900 ,
694 2857 836 2905 Jupiter
867 2857 1031 2905 agricolas
1061 2859 1259 2907 inspeciem

219 2920 391 2943 ranarum
424 2907 708 2953 transformavit.
742 2907 801 2943 lib.
833 2919 902 2943 xlx.
935 2908 1018 2945 Fab.
1051 2908 1084 2943 6.
1122 2913 1180 2944 At
1200 2908 1256 2945 ille

220 2957 350 2994 auditis
366 2956 517 3006 precibus
537 2958 605 3006 ejus
628 2959 698 2994 δῖε.
726 2958 918 2994 Mummii.
946 2969 1032 2994 cum
1044 2958 1191 2995 Veneta
1202 2959 1256 2995 fa-

219 3008 321 3044 ciunt
342 3006 542 3044 Parmensis
565 3009 602 3045 &
616 3006 890 3056 Lugdunensis:
917 3008 962 3045 de
985 3007 1139 3049 deorum
1154 3009 1256 3046 auxi-

220 3057 270 3093 tio
292 3057 379 3095 nihil
402 3057 558 3096 Ovidius
577 3086 587 3102 ‚
615 3060 651 3097 ὃς
676 3058 747 3106 ipse
769 3058 931 3102 Peneus,
967 3059 1031 3107 qui
1054 3067 1093 3095 ut
1116 3058 1255 3096 flumen

224 3116 361 3144 numen
383 3107 560 3153 habebat,
585 3108 623 3146 id
645 3108 737 3145 filiae
768 3108 948 3156 praestitit.
975 3110 1096 3153 forte,
1115 3108 1232 3156 filiam
1248 3137 1259 3153 ,

226 3155 292 3189 Dei
312 3168 350 3190 ut
372 3158 448 3194 vim
470 3157 632 3208 effligeret.
661 3159 916 3196 Rufinianus.

276 3216 360 3251 452.
385 3208 521 3246 Primus
553 3209 796 3247 amorVPhoebi
818 3208 966 3258 Daphne
992 3208 1155 3257 Peneia]
1186 3209 1259 3247 Sub

224 3252 378 3295 Raetico
400 3254 579 3308 figmento
599 3260 797 3309 Daphnes,
824 3271 919 3310 quae
949 3260 1092 3302 laurum
1125 3259 1258 3313 figmfit

2147 1417 2366 1475 Cunc'ta’

1313 1551 1371 1582 cat
1385 1573 1395 1589 ,
1443 1543 1539 1581 forte
1562 1542 1675 1582 allusit
1712 1545 1832 1582 Poe'ta
1855 1542 1901 1581 ad
1923 1555 2093 1582 amorem
2118 1545 2355 1585 constantiffi-

1312 1606 1418 1633 inum
1452 1596 1490 1632 δε
1524 1594 1712 1644 plusquam
1745 1594 1977 1643 conjugalem
2010 1596 2162 1645 Augusti
2195 1597 2366 1636 Caesaris*

1314 1647 1353 1683 &
1383 1645 1514 1682 Liviae
1545 1645 1733 1682 Drusillae.
1788 1647 1914 1694 Q'uain
1957 1656 2217 1695 praegnantem
2249 1647 2352 1685 idem

1312 1695 1496 1745 Augustus
1527 1695 1676 1733 abduxit
1708 1696 1950 1733 matrimonio
1993 1697 2135 1735 Tiberii
2169 1699 2355 1744 Neronis,

1312 1747 1512 1795 dilexitque
1535 1747 1575 1784 &
1606 1746 1774 1795 probavit
1795 1748 1904 1784 unice
1925 1759 1967 1784 ac
1989 1747 2280 1796 perseveranter,
2307 1761 2354 1787 ex

1310 1809 1385 1847 qua
1403 1797 1492 1834 nihil
1508 1797 1707 1835 liberorum
1740 1796 1845 1842 tulit,
1881 1809 1967 1835 cuin
2000 1799 2163 1837 maxime
2195 1808 2358 1848 cuperet.

1311 1848 1397 1885 huic
1419 1856 1543 1885 autem
1569 1859 1654 1885 cum
1678 1848 1845 1896 Augusto
1868 1849 1972 1897 padia
1996 1847 2102 1887 effet:
2143 1850 2326 1888 Gallinam
2341 1879 2354 1896 ,

1310 1898 1429 1949 inquit
1450 1899 1607 1944 Plinius,
1635 1899 1797 1948 conspicui
1830 1899 1989 1936 candoris
2012 1929 2023 1946 ‚
2061 1901 2199 1950 sedenti
2229 1901 2360 1952 aquila.

1313 1964 1354 1987 ex
1376 1950 1447 1987 alto
1469 1950 1591 1999 abjecit
1611 1950 1648 1986 in
1656 1950 1828 1998 gremium
1839 1948 1994 1999 illaesam
2008 1980 2018 1996 ,
2045 1951 2275 2002 intrepideque
2286 1953 2355 1989 mi·
2401 1962 2407 1968 “

1314 2001 1413 2037 ranti
1432 1999 1558 2048 accessit
1578 2001 1801 2037 miraculum.
1827 2001 1992 2050 quoniam
2015 2012 2142 2038 teneret
2163 2003 2264 2051 rostro
2275 2003 2356 2040 lau-

1315 2065 1412 2088 reum
1434 2065 1575 2088 ramum
1602 2051 1757 2098 onustum
1772 2050 1848 2099 suis
1869 2051 1988 2088 baccis.
2015 2053 2210 2100 conservari
2231 2053 2364 2090 alitem·

1316 2115 1360 2142 (φ
1386 2102 1534 2150 sobolem
1558 2101 1679 2152 jussere
1701 2102 1896 2151 aruspices,
1916 2116 2122 2153 ramumque
2153 2116 2231 2140 eum
2254 2104 2352 2152 stri,

1312 2166 1353 2189 ac
1385 2152 1451 2189 rite
1482 2153 1673 2199 custodiri,
1711 2153 1862 2202 mireque
1885 2153 1993 2201 sylva
2020 2154 2209 2202 provenit,
2240 2168 2281 2190 ex
2312 2168 2358 2190 ea.

1305 2203 1416 2253 postea
1448 2204 1670 2253 triumphans
1692 2204 1821 2252 Caefizr
1842 2203 1984 2240 laurum
2006 2204 2043 2240 in
2076 2217 2187 2241 manu
2210 2206 2324 2241 tenuit
2339 2233 2363 2249 ‚.

1313 2268 1537 2304 coronamque
1558 2255 1596 2291 in
1618 2254 1724 2303 capite
1741 2251 1832 2302 geffit
1846 2281 1856 2298 ,
1883 2267 1923 2290 ac
1955 2254 2103 2304 deinceps
2135 2255 2353 2303 imperatores

1314 2305 1474 2353 Caefizres
1496 2305 1617 2341 cancri.
1669 2304 1738 2340 Per
1768 2304 1969 2352 Daphnem
2002 2304 2108 2353 igitur
2131 2305 2279 2342 Liviam
2312 2307 2356 2344 &

1311 2355 1418 2404 hujus
1438 2356 1528 2392 lauri
1549 2366 1694 2392 ramum
1707 2362 1812 2403 potes
1835 2355 2022 2402 accipere;
2048 2355 2139 2391 haec
2150 2356 2249 2392 enim
2263 2368 2350 2394 cuin

1313 2405 1481 2455 Augusto
1512 2405 1634 2443 sterilis
1664 2405 1780 2449 vixit,
1817 2412 1857 2441 ut
1887 2405 2036 2442 laurus:
2075 2416 2144 2443 nec
2174 2418 2251 2443 non
2287 2418 2354 2454 per

1312 2456 1506 2494 Phoebum
1539 2456 1747 2505 Augustum
1772 2483 1783 2500 ,
1828 2456 1892 2505 qui
1922 2463 2008 2492 tum
2039 2455 2218 2503 Apollinis
2259 2455 2360 2494 filius

1314 2507 1434 2544 voluit
1464 2506 1534 2544 dici
1566 2508 1605 2544 δε
1639 2506 1854 2550 existimari,
1892 2514 1972 2543 turn
2006 2506 2122 2554 magis
2141 2505 2280 2553 Apollo
2303 2507 2353 2544 est

1313 2557 1454 2601 dietus,
1492 2557 1595 2606 quod
1626 2569 1670 2594 ex
1703 2555 1910 2605 Tranquilli
1940 2554 2084 2593 historia
2116 2555 2240 2593 clarius
2270 2557 2354 2595 luce

1313 2607 1514 2656 perspicies.
1535 2607 1704 2645 Sidonius
1722 2606 1941 2654 Apollinaris
1960 2605 2046 2643 inde
2068 2605 2138 2644 ait:

1418 2657 1571 2694 Maculis
1591 2657 1770 2704 genetricis

1367 2707 1473 2743 Alter
1495 2705 1742 2755 Phoebigenam
1755 2705 1825 2755 fise
1839 2706 2014 2756 gaudebat
2035 2705 2165 2745 haberi.

1315 2757 1363 2793 Et
1395 2757 1433 2794 in
1465 2755 1639 2794 bucolicis
1668 2756 1794 2805 Virgil.
1831 2758 1983 2806 principi
2028 2757 2116 2795 duni
2148 2759 2357 2806 blanditur,

1313 2807 1433 2856 inquit
1454 2835 1465 2852 ‚
1503 2818 1583 2844 tuus
1597 2808 1679 2856 jam
1700 2817 1820 2856 regnat
1843 2808 1965 2857 Apollo
1989 2824 1999 2843 :
2038 2820 2102 2856 per
2134 2809 2359 2858 Apollinem'

1311 2857 1516 2906 Augustum
1540 2857 1704 2906 signans,
1732 2857 1835 2908 quod
1857 2859 1967 2896 etiam
1991 2860 2182 2897 annotavit
2195 2860 2359 2899 Servius..

1308 2908 1443 2954 JACOB.
1473 2922 1495 2945 A
1524 2908 1678 2946 CRucE.

1360 2970 1445 3007 453.
1473 2966 1548 2995 Sors
1579 2960 1703 3008 ignara
1734 2958 1870 3008 dedit.]
1911 2960 2011 2997 Libri
2034 2961 2134 3005 inei,
2161 2972 2253 2998 unus
2275 2961 2359 2998 Va·

1309 3009 1418 3045 tican.
1442 3009 1518 3046 duo
1541 3010 1691 3047 Caelest.
1714 3009 1908 3048 Dominic.
1941 3012 1979 3048 ὅ(
2011 3021 2104 3048 unus
2134 3010 2240 3048 Maff.
2273 3018 2361 3048 Fors

1312 3059 1436 3107 ignara
1457 3060 1562 3096 dedit.
1586 3060 1746 3097 Rectius.
1769 3061 1985 3099 CioFANus.
2014 3068 2094 3098 Fors
2115 3072 2200 3098 cum
2223 3062 2362 3108 melio-3-

1315 3109 1420 3146 ribus.
1445 3109 1573 3148 Statius
1598 3110 1720 3148 Theb.
1744 3123 1777 3148 x.
1802 3122 1859 3158 72.

1594 3166 1736 3209 Tempus
1756 3172 1875 3200 tamen
1897 3162 1999 3201 obvia
2022 3162 2140 3212 magni

1366 3217 1447 3247 Fors
1469 3210 1564 3247 dedit
1583 3211 1722 3250 auxilii.

1312 3260 1361 3302 Et
1382 3261 1514 3302 Achiu.
1538 3272 1585 3302 11.
1615 3272 1697 3311 135.
2264 3315 2366 3368 QM
