<?xml version="1.0" encoding="UTF-8"?>
<!DOCTYPE html PUBLIC "-//W3C//DTD XHTML 1.0 Transitional//EN"
    "http://www.w3.org/TR/xhtml1/DTD/xhtml1-transitional.dtd">
<html xmlns="http://www.w3.org/1999/xhtml" xml:lang="en" lang="en">
 <head>
  <title>
</title>
<meta http-equiv="Content-Type" content="text/html;charset=utf-8" />
  <meta name='ocr-system' content='tesseract 3.04.00' />
  <meta name='ocr-capabilities' content='ocr_page ocr_carea ocr_par ocr_line ocrx_word'/>
</head>
<body>
  <div class='ocr_page' id='page_1' title='image "./publiiovidiinaso02ovid_0593.png"; bbox 0 0 2483 3616; ppageno 0'>
   <div class='ocr_carea' id='block_1_1' title="bbox 285 160 1738 234">
    <p class='ocr_par' dir='ltr' id='par_1_1' title="bbox 285 160 1738 234">
     <span class='ocr_line' id='line_1_1' title="bbox 285 160 1738 234; baseline -0.008 -7"><span class='ocrx_word' id='word_1_1' title='bbox 285 160 1525 234; x_wconf 77' lang='lat' dir='ltr'>METAMORPHOSEON</span> <span class='ocrx_word' id='word_1_2' title='bbox 1598 163 1738 217; x_wconf 73' lang='lat' dir='ltr'><strong>Lm.</strong></span> 
     </span>
    </p>
   </div>
   <div class='ocr_carea' id='block_1_2' title="bbox 1814 165 2192 237">
    <p class='ocr_par' dir='ltr' id='par_1_2' title="bbox 1814 165 2192 237">
     <span class='ocr_line' id='line_1_2' title="bbox 1814 165 2192 237; baseline -0.003 -13"><span class='ocrx_word' id='word_1_3' title='bbox 1814 165 1948 224; x_wconf 87' lang='lat' dir='ltr'>VIII.</span> <span class='ocrx_word' id='word_1_4' title='bbox 2097 169 2192 237; x_wconf 84' lang='lat'><strong>583</strong></span> 
     </span>
    </p>
   </div>
   <div class='ocr_carea' id='block_1_3' title="bbox 209 276 1918 1151">
    <p class='ocr_par' dir='ltr' id='par_1_3' title="bbox 209 276 1591 358">
     <span class='ocr_line' id='line_1_3' title="bbox 209 276 1591 358; baseline -0.007 -18"><span class='ocrx_word' id='word_1_5' title='bbox 209 303 302 358; x_wconf 82' lang='lat'><strong>355</strong></span> <span class='ocrx_word' id='word_1_6' title='bbox 346 285 424 340; x_wconf 89' lang='lat' dir='ltr'><strong>Ira</strong></span> <span class='ocrx_word' id='word_1_7' title='bbox 447 282 545 336; x_wconf 89' lang='lat' dir='ltr'><strong>feri</strong></span> <span class='ocrx_word' id='word_1_8' title='bbox 569 289 715 332; x_wconf 90' lang='lat' dir='ltr'><strong>mota</strong></span> <span class='ocrx_word' id='word_1_9' title='bbox 742 276 841 331; x_wconf 86' lang='lat' dir='ltr'><strong>est:</strong></span> <span class='ocrx_word' id='word_1_10' title='bbox 884 295 984 331; x_wconf 88' lang='lat' dir='ltr'><strong>nec</strong></span> <span class='ocrx_word' id='word_1_11' title='bbox 1011 277 1231 332; x_wconf 85' lang='lat' dir='ltr'><strong>fulmine</strong></span> <span class='ocrx_word' id='word_1_12' title='bbox 1256 277 1423 332; x_wconf 88' lang='lat' dir='ltr'><strong>lenius</strong></span> <span class='ocrx_word' id='word_1_13' title='bbox 1450 276 1591 331; x_wconf 80' lang='lat' dir='ltr'><strong>arsit:</strong></span> 
     </span>
    </p>

    <p class='ocr_par' dir='ltr' id='par_1_4' title="bbox 273 347 1833 497">
     <span class='ocr_line' id='line_1_4' title="bbox 347 347 1833 423; baseline -0.005 -12"><span class='ocrx_word' id='word_1_14' title='bbox 347 357 476 410; x_wconf 82' lang='lat' dir='ltr'><strong>Lux</strong></span> <span class='ocrx_word' id='word_1_15' title='bbox 498 351 657 405; x_wconf 84' lang='lat' dir='ltr'>micat</span> <span class='ocrx_word' id='word_1_16' title='bbox 682 368 752 404; x_wconf 84' lang='lat' dir='ltr'><strong>ex</strong></span> <span class='ocrx_word' id='word_1_17' title='bbox 775 350 970 414; x_wconf 78' lang='lat' dir='ltr'><strong>oculiS,</strong></span> <span class='ocrx_word' id='word_1_18' title='bbox 1008 350 1274 422; x_wconf 84' lang='lat' dir='ltr'>spiratque</span> <span class='ocrx_word' id='word_1_19' title='bbox 1302 350 1332 404; x_wconf 80' lang='lat' dir='ltr'><strong>e</strong></span> <span class='ocrx_word' id='word_1_20' title='bbox 1359 349 1579 423; x_wconf 69' lang='lat' dir='ltr'><strong>pe&amp;ore</strong></span> <span class='ocrx_word' id='word_1_21' title='bbox 1606 347 1833 404; x_wconf 88' lang='lat' dir='ltr'><strong>flamma.</strong></span> 
     </span>
     <span class='ocr_line' id='line_1_5' title="bbox 273 421 1648 497; baseline 0.003 -24"><span class='ocrx_word' id='word_1_22' title='bbox 273 471 275 473; x_wconf 75' lang='grc'>,</span> <span class='ocrx_word' id='word_1_23' title='bbox 345 426 528 497; x_wconf 90' lang='lat' dir='ltr'><strong>thue</strong></span> <span class='ocrx_word' id='word_1_24' title='bbox 555 424 696 476; x_wconf 89' lang='lat' dir='ltr'><strong>volat</strong></span> <span class='ocrx_word' id='word_1_25' title='bbox 722 424 914 487; x_wconf 84' lang='lat' dir='ltr'><strong>moles,</strong></span> <span class='ocrx_word' id='word_1_26' title='bbox 956 421 1189 477; x_wconf 62' lang='lat' dir='ltr'><strong>addutto</strong></span> <span class='ocrx_word' id='word_1_27' title='bbox 1213 424 1425 477; x_wconf 86' lang='lat' dir='ltr'><strong>concita</strong></span> <span class='ocrx_word' id='word_1_28' title='bbox 1449 441 1648 486; x_wconf 84' lang='lat' dir='ltr'><strong>nerVO,</strong></span> 
     </span>
    </p>

    <p class='ocr_par' dir='ltr' id='par_1_5' title="bbox 348 496 1748 640">
     <span class='ocr_line' id='line_1_6' title="bbox 348 496 1748 568; baseline -0.002 -16"><span class='ocrx_word' id='word_1_29' title='bbox 348 498 493 552; x_wconf 88' lang='lat' dir='ltr'><strong>Cum</strong></span> <span class='ocrx_word' id='word_1_30' title='bbox 517 496 652 568; x_wconf 90' lang='lat' dir='ltr'><strong>petit</strong></span> <span class='ocrx_word' id='word_1_31' title='bbox 677 509 766 550; x_wconf 88' lang='lat' dir='ltr'><strong>aut</strong></span> <span class='ocrx_word' id='word_1_32' title='bbox 792 513 999 559; x_wconf 76' lang='lat' dir='ltr'><strong>mur-08,</strong></span> <span class='ocrx_word' id='word_1_33' title='bbox 1036 509 1125 550; x_wconf 90' lang='lat' dir='ltr'><strong>aut</strong></span> <span class='ocrx_word' id='word_1_34' title='bbox 1150 496 1327 568; x_wconf 86' lang='lat' dir='ltr'><strong>plenas</strong></span> <span class='ocrx_word' id='word_1_35' title='bbox 1351 496 1520 550; x_wconf 90' lang='lat' dir='ltr'><strong>milite</strong></span> <span class='ocrx_word' id='word_1_36' title='bbox 1545 513 1748 559; x_wconf 86' lang='lat' dir='ltr'><strong>turres;</strong></span> 
     </span>
     <span class='ocr_line' id='line_1_7' title="bbox 348 568 1542 640; baseline -0.001 -17"><span class='ocrx_word' id='word_1_37' title='bbox 348 569 406 623; x_wconf 90' lang='lat' dir='ltr'><strong>In</strong></span> <span class='ocrx_word' id='word_1_38' title='bbox 425 570 645 640; x_wconf 84' lang='lat' dir='ltr'><strong>juvenes</strong></span> <span class='ocrx_word' id='word_1_39' title='bbox 668 568 810 622; x_wconf 85' lang='lat' dir='ltr'><strong>vasto</strong></span> <span class='ocrx_word' id='word_1_40' title='bbox 836 568 904 623; x_wconf 86' lang='lat' dir='ltr'><strong>fic</strong></span> <span class='ocrx_word' id='word_1_41' title='bbox 930 569 1130 640; x_wconf 91' lang='lat' dir='ltr'><strong>impete</strong></span> <span class='ocrx_word' id='word_1_42' title='bbox 1154 568 1430 623; x_wconf 83' lang='lat' dir='ltr'><strong>vulnificus</strong></span> <span class='ocrx_word' id='word_1_43' title='bbox 1457 569 1542 622; x_wconf 84' lang='lat' dir='ltr'><strong>sus</strong></span> 
     </span>
    </p>

    <p class='ocr_par' dir='ltr' id='par_1_6' title="bbox 209 640 1918 1003">
     <span class='ocr_line' id='line_1_8' title="bbox 209 640 1902 714; baseline -0.002 -17"><span class='ocrx_word' id='word_1_44' title='bbox 209 647 309 708; x_wconf 84' lang='lat'><strong>360</strong></span> <span class='ocrx_word' id='word_1_45' title='bbox 347 641 568 697; x_wconf 81' lang='lat' dir='ltr'>Fertur:</span> <span class='ocrx_word' id='word_1_46' title='bbox 609 642 662 695; x_wconf 72' lang='grc' dir='ltr'><strong>δε</strong></span> <span class='ocrx_word' id='word_1_47' title='bbox 688 641 1018 713; x_wconf 78' lang='lat' dir='ltr'><strong>Eupalamon</strong></span> <span class='ocrx_word' id='word_1_48' title='bbox 1043 641 1444 714; x_wconf 84' lang='lat' dir='ltr'><strong>Pelagonaque,</strong></span> <span class='ocrx_word' id='word_1_49' title='bbox 1480 640 1668 695; x_wconf 83' lang='lat' dir='ltr'><strong>dextra</strong></span> <span class='ocrx_word' id='word_1_50' title='bbox 1695 652 1902 694; x_wconf 85' lang='lat' dir='ltr'><strong>tuentes</strong></span> 
     </span>
     <span class='ocr_line' id='line_1_9' title="bbox 347 713 1614 786; baseline -0.002 -16"><span class='ocrx_word' id='word_1_51' title='bbox 347 715 596 779; x_wconf 86' lang='lat' dir='ltr'>Cornua,</span> <span class='ocrx_word' id='word_1_52' title='bbox 635 714 932 786; x_wconf 85' lang='lat' dir='ltr'><strong>prosternit.</strong></span> <span class='ocrx_word' id='word_1_53' title='bbox 969 714 1097 768; x_wconf 83' lang='lat' dir='ltr'><strong>socii</strong></span> <span class='ocrx_word' id='word_1_54' title='bbox 1123 731 1343 785; x_wconf 90' lang='lat' dir='ltr'><strong>rapuere</strong></span> <span class='ocrx_word' id='word_1_55' title='bbox 1362 713 1614 784; x_wconf 80' lang='lat' dir='ltr'><strong>jacentes,</strong></span> 
     </span>
     <span class='ocr_line' id='line_1_10' title="bbox 350 785 1555 857; baseline -0.002 -15"><span class='ocrx_word' id='word_1_56' title='bbox 350 791 428 843; x_wconf 89' lang='lat' dir='ltr'><strong>At</strong></span> <span class='ocrx_word' id='word_1_57' title='bbox 453 805 564 841; x_wconf 90' lang='lat' dir='ltr'><strong>non</strong></span> <span class='ocrx_word' id='word_1_58' title='bbox 592 785 826 842; x_wconf 85' lang='lat' dir='ltr'><strong>letiferos</strong></span> <span class='ocrx_word' id='word_1_59' title='bbox 853 785 1040 857; x_wconf 85' lang='lat' dir='ltr'><strong>effugit</strong></span> <span class='ocrx_word' id='word_1_60' title='bbox 1066 786 1372 841; x_wconf 79' lang='lat' dir='ltr'><strong>Enaesimus</strong></span> <span class='ocrx_word' id='word_1_61' title='bbox 1394 785 1555 850; x_wconf 58' lang='lat' dir='ltr'><strong>iesus,</strong></span> 
     </span>
     <span class='ocr_line' id='line_1_11' title="bbox 352 859 1918 931; baseline -0.002 -16"><span class='ocrx_word' id='word_1_62' title='bbox 352 860 747 931; x_wconf 85' lang='lat' dir='ltr'>Hippocoonte</span> <span class='ocrx_word' id='word_1_63' title='bbox 771 859 920 913; x_wconf 79' lang='lat' dir='ltr'><strong>satus,</strong></span> <span class='ocrx_word' id='word_1_64' title='bbox 964 859 1351 929; x_wconf 81' lang='lat' dir='ltr'><strong>trepidantem,</strong></span> <span class='ocrx_word' id='word_1_65' title='bbox 1390 859 1445 912; x_wconf 85' lang='lat'>&amp;</span> <span class='ocrx_word' id='word_1_66' title='bbox 1470 873 1619 931; x_wconf 86' lang='lat' dir='ltr'><strong>terga</strong></span> <span class='ocrx_word' id='word_1_67' title='bbox 1646 869 1918 931; x_wconf 87' lang='lat' dir='ltr'><strong>parantem</strong></span> 
     </span>
     <span class='ocr_line' id='line_1_12' title="bbox 349 931 1561 1003; baseline -0.001 -16"><span class='ocrx_word' id='word_1_68' title='bbox 349 933 612 996; x_wconf 86' lang='lat' dir='ltr'><strong>Vertere,</strong></span> <span class='ocrx_word' id='word_1_69' title='bbox 648 931 846 986; x_wconf 83' lang='lat' dir='ltr'><strong>succiso</strong></span> <span class='ocrx_word' id='word_1_70' title='bbox 871 931 1140 1003; x_wconf 88' lang='lat' dir='ltr'><strong>liquerunt</strong></span> <span class='ocrx_word' id='word_1_71' title='bbox 1170 932 1370 1002; x_wconf 82' lang='lat' dir='ltr'><strong>poplite</strong></span> <span class='ocrx_word' id='word_1_72' title='bbox 1396 932 1561 987; x_wconf 88' lang='lat' dir='ltr'><strong>nervi.</strong></span> 
     </span>
    </p>

    <p class='ocr_par' dir='ltr' id='par_1_7' title="bbox 212 1002 1777 1151">
     <span class='ocr_line' id='line_1_13' title="bbox 212 1002 1523 1076; baseline -0.001 -17"><span class='ocrx_word' id='word_1_73' title='bbox 212 1011 311 1076; x_wconf 83' lang='lat'><strong>365</strong></span> <span class='ocrx_word' id='word_1_74' title='bbox 351 1005 590 1059; x_wconf 74' lang='lat' dir='ltr'><strong>Forsitan</strong></span> <span class='ocrx_word' id='word_1_75' title='bbox 617 1006 670 1059; x_wconf 82' lang='lat'>&amp;</span> <span class='ocrx_word' id='word_1_76' title='bbox 698 1003 875 1076; x_wconf 82' lang='lat' dir='ltr'><strong>Pylius</strong></span> <span class='ocrx_word' id='word_1_77' title='bbox 899 1002 1288 1073; x_wconf 18' lang='lat' dir='ltr'><strong>citraNTrojana</strong></span> <span class='ocrx_word' id='word_1_78' title='bbox 1314 1003 1523 1074; x_wconf 77' lang='lat' dir='ltr'><strong>perisset</strong></span> 
     </span>
     <span class='ocr_line' id='line_1_14' title="bbox 355 1075 1777 1151; baseline -0.003 -18"><span class='ocrx_word' id='word_1_79' title='bbox 355 1077 659 1151; x_wconf 85' lang='lat' dir='ltr'><strong>Tempora:</strong></span> <span class='ocrx_word' id='word_1_80' title='bbox 698 1075 790 1130; x_wconf 86' lang='lat' dir='ltr'><strong>sed</strong></span> <span class='ocrx_word' id='word_1_81' title='bbox 813 1075 988 1130; x_wconf 89' lang='lat' dir='ltr'><strong>sumto</strong></span> <span class='ocrx_word' id='word_1_82' title='bbox 1017 1075 1184 1148; x_wconf 72' lang='lat' dir='ltr'><strong>posita</strong></span> <span class='ocrx_word' id='word_1_83' title='bbox 1214 1076 1494 1131; x_wconf 87' lang='lat' dir='ltr'><strong>conamine</strong></span> <span class='ocrx_word' id='word_1_84' title='bbox 1518 1076 1581 1130; x_wconf 92' lang='lat' dir='ltr'><strong>ab</strong></span> <span class='ocrx_word' id='word_1_85' title='bbox 1608 1076 1777 1145; x_wconf 74' lang='lat' dir='ltr'><strong>hasta,</strong></span> 
     </span>
    </p>
   </div>
   <div class='ocr_carea' id='block_1_4' title="bbox 12 1277 1108 1322">
    <p class='ocr_par' dir='ltr' id='par_1_8' title="bbox 12 1277 1108 1322">
     <span class='ocr_line' id='line_1_15' title="bbox 12 1277 1108 1322; baseline -0.005 -1"><span class='ocrx_word' id='word_1_86' title='bbox 12 1315 13 1322; x_wconf 70' lang='grc'>,</span> <span class='ocrx_word' id='word_1_87' title='bbox 63 1283 154 1322; x_wconf 66' lang='lat' dir='ltr'><strong>alios</strong></span> <span class='ocrx_word' id='word_1_88' title='bbox 175 1282 308 1320; x_wconf 72' lang='lat' dir='ltr'><strong>Poetas</strong></span> <span class='ocrx_word' id='word_1_89' title='bbox 324 1292 401 1319; x_wconf 88' lang='lat' dir='ltr'><strong>non</strong></span> <span class='ocrx_word' id='word_1_90' title='bbox 421 1279 546 1318; x_wconf 89' lang='lat' dir='ltr'><strong>semel.</strong></span> <span class='ocrx_word' id='word_1_91' title='bbox 574 1278 719 1316; x_wconf 87' lang='lat' dir='ltr'><strong>Servius</strong></span> <span class='ocrx_word' id='word_1_92' title='bbox 739 1278 925 1317; x_wconf 88' lang='lat' dir='ltr'><strong>Fuldenfis</strong></span> <span class='ocrx_word' id='word_1_93' title='bbox 945 1277 1057 1316; x_wconf 88' lang='lat' dir='ltr'><strong>adlib.</strong></span> <span class='ocrx_word' id='word_1_94' title='bbox 1079 1290 1108 1316; x_wconf 90' lang='lat'><strong>1.</strong></span> 
     </span>
    </p>
   </div>
   <div class='ocr_carea' id='block_1_5' title="bbox 67 1329 1114 1434">
    <p class='ocr_par' dir='ltr' id='par_1_9' title="bbox 67 1329 1114 1434">
     <span class='ocr_line' id='line_1_16' title="bbox 67 1329 1111 1381; baseline -0.006 -10"><span class='ocrx_word' id='word_1_95' title='bbox 67 1332 218 1372; x_wconf 82' lang='lat' dir='ltr'><strong>AEneid.</strong></span> <span class='ocrx_word' id='word_1_96' title='bbox 241 1345 325 1381; x_wconf 80' lang='lat'><strong>512.</strong></span> <span class='ocrx_word' id='word_1_97' title='bbox 364 1338 452 1368; x_wconf 87' lang='lat' dir='ltr'><strong>Sane</strong></span> <span class='ocrx_word' id='word_1_98' title='bbox 473 1330 631 1368; x_wconf 85' lang='lat' dir='ltr'><strong>Dianam</strong></span> <span class='ocrx_word' id='word_1_99' title='bbox 652 1330 723 1366; x_wconf 79' lang='lat' dir='ltr'><strong>ideo</strong></span> <span class='ocrx_word' id='word_1_100' title='bbox 744 1340 874 1367; x_wconf 83' lang='lat' dir='ltr'><strong>veteres</strong></span> <span class='ocrx_word' id='word_1_101' title='bbox 894 1329 1015 1367; x_wconf 88' lang='lat' dir='ltr'><strong>melius</strong></span> <span class='ocrx_word' id='word_1_102' title='bbox 1033 1339 1111 1378; x_wconf 84' lang='lat' dir='ltr'><strong>pro-</strong></span> 
     </span>
     <span class='ocr_line' id='line_1_17' title="bbox 67 1378 1114 1434; baseline -0.002 -14"><span class='ocrx_word' id='word_1_103' title='bbox 67 1382 238 1420; x_wconf 82' lang='lat' dir='ltr'><strong>ducebant</strong></span> <span class='ocrx_word' id='word_1_104' title='bbox 257 1412 268 1428; x_wconf 94' lang='lat'><strong>,</strong></span> <span class='ocrx_word' id='word_1_105' title='bbox 295 1382 378 1434; x_wconf 81' lang='lat' dir='ltr'><strong>quia</strong></span> <span class='ocrx_word' id='word_1_106' title='bbox 412 1382 480 1431; x_wconf 88' lang='lat' dir='ltr'><strong>sub</strong></span> <span class='ocrx_word' id='word_1_107' title='bbox 509 1382 591 1418; x_wconf 85' lang='lat' dir='ltr'><strong>divo</strong></span> <span class='ocrx_word' id='word_1_108' title='bbox 630 1381 692 1417; x_wconf 84' lang='lat' dir='ltr'><strong>dea</strong></span> <span class='ocrx_word' id='word_1_109' title='bbox 713 1378 762 1430; x_wconf 84' lang='lat' dir='ltr'><strong>fit</strong></span> <span class='ocrx_word' id='word_1_110' title='bbox 803 1381 960 1418; x_wconf 85' lang='lat' dir='ltr'><strong>venandi</strong></span> <span class='ocrx_word' id='word_1_111' title='bbox 982 1379 1114 1430; x_wconf 82' lang='lat' dir='ltr'><strong>gratia.</strong></span> 
     </span>
    </p>
   </div>
   <div class='ocr_carea' id='block_1_6' title="bbox 12 1434 284 1482">
    <p class='ocr_par' dir='ltr' id='par_1_10' title="bbox 12 1434 284 1482">
     <span class='ocr_line' id='line_1_18' title="bbox 12 1434 284 1482; baseline 0 -10"><span class='ocrx_word' id='word_1_112' title='bbox 12 1452 13 1458; x_wconf 51' lang='lat'>¹</span> <span class='ocrx_word' id='word_1_113' title='bbox 67 1434 284 1482; x_wconf 72' lang='lat' dir='ltr'><strong>Hmnsws.</strong></span> 
     </span>
    </p>
   </div>
   <div class='ocr_carea' id='block_1_7' title="bbox 62 1483 1115 1879">
    <p class='ocr_par' dir='ltr' id='par_1_11' title="bbox 119 1483 911 1535">
     <span class='ocr_line' id='line_1_19' title="bbox 119 1483 911 1535; baseline -0.003 -12"><span class='ocrx_word' id='word_1_114' title='bbox 119 1497 203 1535; x_wconf 77' lang='lat'><strong>354.</strong></span> <span class='ocrx_word' id='word_1_115' title='bbox 231 1485 309 1523; x_wconf 85' lang='lat' dir='ltr'><strong>Sine</strong></span> <span class='ocrx_word' id='word_1_116' title='bbox 328 1483 525 1533; x_wconf 63' lang='lat' dir='ltr'><strong>acumina]</strong></span> <span class='ocrx_word' id='word_1_117' title='bbox 555 1483 633 1521; x_wconf 84' lang='lat' dir='ltr'><strong>Sine</strong></span> <span class='ocrx_word' id='word_1_118' title='bbox 655 1483 784 1530; x_wconf 67' lang='lat' dir='ltr'><strong>cuspide</strong></span> <span class='ocrx_word' id='word_1_119' title='bbox 806 1495 911 1521; x_wconf 81' lang='lat' dir='ltr'><strong>unus.</strong></span> 
     </span>
    </p>

    <p class='ocr_par' dir='ltr' id='par_1_12' title="bbox 65 1534 1112 1731">
     <span class='ocr_line' id='line_1_20' title="bbox 123 1534 1111 1586; baseline -0.003 -13"><span class='ocrx_word' id='word_1_120' title='bbox 123 1548 206 1586; x_wconf 80' lang='lat'><strong>355.</strong></span> <span class='ocrx_word' id='word_1_121' title='bbox 234 1543 291 1573; x_wconf 85' lang='lat' dir='ltr'><strong>Ira</strong></span> <span class='ocrx_word' id='word_1_122' title='bbox 312 1536 384 1581; x_wconf 85' lang='lat' dir='ltr'><strong>feri</strong></span> <span class='ocrx_word' id='word_1_123' title='bbox 411 1545 505 1572; x_wconf 88' lang='lat' dir='ltr'><strong>mota</strong></span> <span class='ocrx_word' id='word_1_124' title='bbox 525 1534 578 1582; x_wconf 84' lang='lat' dir='ltr'><strong>est.</strong></span> <span class='ocrx_word' id='word_1_125' title='bbox 602 1535 616 1584; x_wconf 92' lang='lat'>]</span> <span class='ocrx_word' id='word_1_126' title='bbox 670 1534 711 1571; x_wconf 90' lang='lat' dir='ltr'><strong>In</strong></span> <span class='ocrx_word' id='word_1_127' title='bbox 745 1534 896 1572; x_wconf 86' lang='lat' dir='ltr'><strong>Caelest.</strong></span> <span class='ocrx_word' id='word_1_128' title='bbox 928 1539 984 1570; x_wconf 84' lang='lat' dir='ltr'><strong>Ira</strong></span> <span class='ocrx_word' id='word_1_129' title='bbox 1002 1534 1111 1580; x_wconf 86' lang='lat' dir='ltr'><strong>ferae.</strong></span> 
     </span>
     <span class='ocr_line' id='line_1_21' title="bbox 65 1583 1111 1635; baseline -0.005 -10"><span class='ocrx_word' id='word_1_130' title='bbox 65 1586 166 1626; x_wconf 78' lang='lat' dir='ltr'><strong>Illud</strong></span> <span class='ocrx_word' id='word_1_131' title='bbox 192 1587 335 1624; x_wconf 69' lang='lat' dir='ltr'><strong>restiuS.</strong></span> <span class='ocrx_word' id='word_1_132' title='bbox 388 1586 605 1635; x_wconf 83' lang='lat' dir='ltr'><strong>Intelligitur</strong></span> <span class='ocrx_word' id='word_1_133' title='bbox 642 1585 741 1622; x_wconf 89' lang='lat' dir='ltr'><strong>enim</strong></span> <span class='ocrx_word' id='word_1_134' title='bbox 775 1586 862 1633; x_wconf 87' lang='lat' dir='ltr'><strong>apri.</strong></span> <span class='ocrx_word' id='word_1_135' title='bbox 916 1584 994 1621; x_wconf 78' lang='lat' dir='ltr'><strong>Nisi</strong></span> <span class='ocrx_word' id='word_1_136' title='bbox 1023 1583 1111 1621; x_wconf 85' lang='lat' dir='ltr'><strong>illud</strong></span> 
     </span>
     <span class='ocr_line' id='line_1_22' title="bbox 68 1634 1112 1685; baseline -0.005 -10"><span class='ocrx_word' id='word_1_137' title='bbox 68 1637 184 1676; x_wconf 87' lang='lat' dir='ltr'><strong>obstat</strong></span> <span class='ocrx_word' id='word_1_138' title='bbox 206 1649 250 1675; x_wconf 85' lang='lat' dir='ltr'><strong>ex</strong></span> <span class='ocrx_word' id='word_1_139' title='bbox 271 1636 378 1685; x_wconf 86' lang='lat' dir='ltr'><strong>Epist.</strong></span> <span class='ocrx_word' id='word_1_140' title='bbox 408 1648 464 1674; x_wconf 78' lang='grc' dir='ltr'><strong>ιν.</strong></span> <span class='ocrx_word' id='word_1_141' title='bbox 488 1648 569 1673; x_wconf 88' lang='lat'><strong>100.</strong></span> <span class='ocrx_word' id='word_1_142' title='bbox 614 1634 680 1671; x_wconf 84' lang='lat' dir='ltr'><strong>Illa</strong></span> <span class='ocrx_word' id='word_1_143' title='bbox 703 1636 801 1682; x_wconf 83' lang='lat' dir='ltr'><strong>ferae</strong></span> <span class='ocrx_word' id='word_1_144' title='bbox 822 1634 970 1683; x_wconf 81' lang='lat' dir='ltr'><strong>spolium</strong></span> <span class='ocrx_word' id='word_1_145' title='bbox 991 1635 1112 1683; x_wconf 83' lang='lat' dir='ltr'><strong>pignus</strong></span> 
     </span>
     <span class='ocr_line' id='line_1_23' title="bbox 67 1685 983 1731; baseline -0.004 -6"><span class='ocrx_word' id='word_1_146' title='bbox 67 1689 197 1725; x_wconf 81' lang='lat' dir='ltr'><strong>amoris</strong></span> <span class='ocrx_word' id='word_1_147' title='bbox 217 1687 331 1725; x_wconf 87' lang='lat' dir='ltr'><strong>habet.</strong></span> <span class='ocrx_word' id='word_1_148' title='bbox 360 1687 578 1724; x_wconf 62' lang='lat' dir='ltr'><strong>Cxormus.</strong></span> <span class='ocrx_word' id='word_1_149' title='bbox 632 1685 720 1723; x_wconf 89' lang='lat' dir='ltr'><strong>Vid.</strong></span> <span class='ocrx_word' id='word_1_150' title='bbox 740 1686 805 1723; x_wconf 89' lang='lat' dir='ltr'><strong>inf.</strong></span> <span class='ocrx_word' id='word_1_151' title='bbox 825 1686 881 1728; x_wconf 58' lang='lat' dir='ltr'><strong>xrs.</strong></span> <span class='ocrx_word' id='word_1_152' title='bbox 901 1698 983 1731; x_wconf 79' lang='lat'><strong>422.</strong></span> 
     </span>
    </p>

    <p class='ocr_par' dir='ltr' id='par_1_13' title="bbox 62 1735 1115 1879">
     <span class='ocr_line' id='line_1_24' title="bbox 124 1735 1115 1788; baseline -0.003 -13"><span class='ocrx_word' id='word_1_153' title='bbox 124 1750 206 1788; x_wconf 76' lang='lat'><strong>355.</strong></span> <span class='ocrx_word' id='word_1_154' title='bbox 235 1738 394 1775; x_wconf 87' lang='lat' dir='ltr'><strong>Fulmine</strong></span> <span class='ocrx_word' id='word_1_155' title='bbox 423 1737 532 1774; x_wconf 84' lang='lat' dir='ltr'><strong>lenius</strong></span> <span class='ocrx_word' id='word_1_156' title='bbox 555 1735 678 1786; x_wconf 83' lang='lat' dir='ltr'><strong>arfit.]</strong></span> <span class='ocrx_word' id='word_1_157' title='bbox 722 1736 832 1773; x_wconf 77' lang='lat' dir='ltr'><strong>Setius</strong></span> <span class='ocrx_word' id='word_1_158' title='bbox 853 1737 889 1774; x_wconf 77' lang='grc' dir='ltr'><strong>ὃ(</strong></span> <span class='ocrx_word' id='word_1_159' title='bbox 912 1737 972 1773; x_wconf 83' lang='lat' dir='ltr'><strong>hic</strong></span> <span class='ocrx_word' id='word_1_160' title='bbox 992 1735 1115 1773; x_wconf 88' lang='lat' dir='ltr'><strong>rescri-</strong></span> 
     </span>
     <span class='ocr_line' id='line_1_25' title="bbox 68 1785 1114 1878; baseline -0.004 -51"><span class='ocrx_word' id='word_1_161' title='bbox 68 1790 231 1878; x_wconf 53' lang='lat' dir='ltr'><strong>llaiendum</strong></span> <span class='ocrx_word' id='word_1_162' title='bbox 270 1798 373 1838; x_wconf 85' lang='lat' dir='ltr'><strong>puto.</strong></span> <span class='ocrx_word' id='word_1_163' title='bbox 411 1787 602 1826; x_wconf 86' lang='lat' dir='ltr'><strong>Adeantur</strong></span> <span class='ocrx_word' id='word_1_164' title='bbox 624 1795 735 1825; x_wconf 91' lang='lat' dir='ltr'><strong>notae</strong></span> <span class='ocrx_word' id='word_1_165' title='bbox 756 1787 817 1824; x_wconf 86' lang='lat' dir='ltr'><strong>lib.</strong></span> <span class='ocrx_word' id='word_1_166' title='bbox 842 1798 896 1825; x_wconf 83' lang='lat'><strong>11.</strong></span> <span class='ocrx_word' id='word_1_167' title='bbox 920 1785 1008 1824; x_wconf 89' lang='lat' dir='ltr'><strong>vers.</strong></span> <span class='ocrx_word' id='word_1_168' title='bbox 1030 1786 1114 1835; x_wconf 80' lang='lat'><strong>809.</strong></span> 
     </span>
     <span class='ocr_line' id='line_1_26' title="bbox 62 1852 276 1879; baseline 0 -1"><span class='ocrx_word' id='word_1_169' title='bbox 62 1854 66 1860; x_wconf 67' lang='lat'>¹</span> <span class='ocrx_word' id='word_1_170' title='bbox 115 1852 276 1879; x_wconf 60' lang='lat' dir='ltr'><strong>ansius.</strong></span> 
     </span>
    </p>
   </div>
   <div class='ocr_carea' id='block_1_8' title="bbox 70 1899 1122 2053">
    <p class='ocr_par' dir='ltr' id='par_1_14' title="bbox 70 1899 1122 2053">
     <span class='ocr_line' id='line_1_27' title="bbox 125 1899 1117 1954; baseline -0.003 -14"><span class='ocrx_word' id='word_1_171' title='bbox 125 1904 207 1952; x_wconf 80' lang='lat'><strong>356.</strong></span> <span class='ocrx_word' id='word_1_172' title='bbox 235 1904 373 1940; x_wconf 86' lang='lat' dir='ltr'><strong>Emicat</strong></span> <span class='ocrx_word' id='word_1_173' title='bbox 391 1916 432 1940; x_wconf 89' lang='lat' dir='ltr'><strong>ex</strong></span> <span class='ocrx_word' id='word_1_174' title='bbox 454 1902 557 1941; x_wconf 86' lang='lat' dir='ltr'><strong>oculis</strong></span> <span class='ocrx_word' id='word_1_175' title='bbox 570 1932 580 1948; x_wconf 96' lang='lat'><strong>,</strong></span> <span class='ocrx_word' id='word_1_176' title='bbox 604 1902 715 1952; x_wconf 82' lang='lat' dir='ltr'><strong>spirat</strong></span> <span class='ocrx_word' id='word_1_177' title='bbox 734 1915 864 1954; x_wconf 77' lang='lat' dir='ltr'><strong>quoque</strong></span> <span class='ocrx_word' id='word_1_178' title='bbox 879 1899 1117 1951; x_wconf 63' lang='lat' dir='ltr'><strong>peffioreflam-</strong></span> 
     </span>
     <span class='ocr_line' id='line_1_28' title="bbox 72 1953 1115 2003; baseline -0.003 -12"><span class='ocrx_word' id='word_1_179' title='bbox 72 1953 189 2003; x_wconf 85' lang='lat' dir='ltr'><strong>mas.]</strong></span> <span class='ocrx_word' id='word_1_180' title='bbox 245 1953 287 1991; x_wconf 91' lang='lat' dir='ltr'><strong>In</strong></span> <span class='ocrx_word' id='word_1_181' title='bbox 315 1954 529 2003; x_wconf 86' lang='lat' dir='ltr'><strong>quibusdam</strong></span> <span class='ocrx_word' id='word_1_182' title='bbox 553 1984 562 1998; x_wconf 94' lang='lat'><strong>,</strong></span> <span class='ocrx_word' id='word_1_183' title='bbox 581 1953 747 2003; x_wconf 87' lang='lat' dir='ltr'><strong>flamma.</strong></span> <span class='ocrx_word' id='word_1_184' title='bbox 786 1954 974 1990; x_wconf 81' lang='lat' dir='ltr'><strong>NAUGER.</strong></span> <span class='ocrx_word' id='word_1_185' title='bbox 1021 1959 1085 1988; x_wconf 58' lang='lat' dir='ltr'><strong>*Ira</strong></span> <span class='ocrx_word' id='word_1_186' title='bbox 1105 1980 1115 1996; x_wconf 94' lang='lat'><strong>,</strong></span> 
     </span>
     <span class='ocr_line' id='line_1_29' title="bbox 70 2003 1122 2053; baseline -0.004 -11"><span class='ocrx_word' id='word_1_187' title='bbox 70 2003 225 2052; x_wconf 79' lang='lat' dir='ltr'><strong>ignisve,</strong></span> <span class='ocrx_word' id='word_1_188' title='bbox 239 2012 300 2041; x_wconf 88' lang='lat' dir='ltr'><strong>aut</strong></span> <span class='ocrx_word' id='word_1_189' title='bbox 314 2003 466 2053; x_wconf 89' lang='lat' dir='ltr'><strong>flamma</strong></span> <span class='ocrx_word' id='word_1_190' title='bbox 485 2004 777 2053; x_wconf 72' lang='lat' dir='ltr'><strong>subintelligatur.</strong></span> <span class='ocrx_word' id='word_1_191' title='bbox 790 2005 960 2041; x_wconf 69' lang='lat' dir='ltr'><strong>Rroxus.</strong></span> <span class='ocrx_word' id='word_1_192' title='bbox 982 2004 1122 2039; x_wconf 86' lang='lat' dir='ltr'><strong>Emicat</strong></span> 
     </span>
    </p>
   </div>
   <div class='ocr_carea' id='block_1_9' title="bbox 14 2052 1119 2254">
    <p class='ocr_par' dir='ltr' id='par_1_15' title="bbox 14 2052 1119 2254">
     <span class='ocr_line' id='line_1_30' title="bbox 14 2052 1119 2106; baseline 0.002 -18"><span class='ocrx_word' id='word_1_193' title='bbox 14 2065 15 2088; x_wconf 70' lang='lat'>1</span> <span class='ocrx_word' id='word_1_194' title='bbox 72 2067 116 2091; x_wconf 85' lang='lat' dir='ltr'><strong>ex</strong></span> <span class='ocrx_word' id='word_1_195' title='bbox 132 2054 259 2097; x_wconf 83' lang='lat' dir='ltr'><strong>oculis,</strong></span> <span class='ocrx_word' id='word_1_196' title='bbox 286 2055 399 2103; x_wconf 82' lang='lat' dir='ltr'><strong>Spirat</strong></span> <span class='ocrx_word' id='word_1_197' title='bbox 427 2069 557 2105; x_wconf 77' lang='lat' dir='ltr'><strong>quoque</strong></span> <span class='ocrx_word' id='word_1_198' title='bbox 580 2054 883 2106; x_wconf 71' lang='lat' dir='ltr'><strong>pccloreflamma.</strong></span> <span class='ocrx_word' id='word_1_199' title='bbox 913 2052 1119 2091; x_wconf 74' lang='lat' dir='ltr'><strong>Emendate</strong></span> 
     </span>
     <span class='ocr_line' id='line_1_31' title="bbox 14 2104 1116 2153; baseline 0.001 -13"><span class='ocrx_word' id='word_1_200' title='bbox 14 2115 15 2139; x_wconf 81' lang='lat'>1</span> <span class='ocrx_word' id='word_1_201' title='bbox 74 2105 114 2141; x_wconf 91' lang='lat' dir='ltr'><strong>in</strong></span> <span class='ocrx_word' id='word_1_202' title='bbox 134 2104 275 2141; x_wconf 89' lang='lat' dir='ltr'><strong>vetusto</strong></span> <span class='ocrx_word' id='word_1_203' title='bbox 297 2104 444 2148; x_wconf 77' lang='lat' dir='ltr'><strong>codiee,</strong></span> <span class='ocrx_word' id='word_1_204' title='bbox 469 2119 536 2142; x_wconf 90' lang='lat' dir='ltr'><strong>non</strong></span> <span class='ocrx_word' id='word_1_205' title='bbox 556 2106 618 2143; x_wconf 87' lang='lat' dir='ltr'><strong>lux</strong></span> <span class='ocrx_word' id='word_1_206' title='bbox 629 2107 735 2143; x_wconf 86' lang='lat' dir='ltr'><strong>micat</strong></span> <span class='ocrx_word' id='word_1_207' title='bbox 753 2135 763 2150; x_wconf 94' lang='lat'><strong>,</strong></span> <span class='ocrx_word' id='word_1_208' title='bbox 787 2115 825 2143; x_wconf 93' lang='lat' dir='ltr'><strong>ut</strong></span> <span class='ocrx_word' id='word_1_209' title='bbox 835 2104 983 2153; x_wconf 81' lang='lat' dir='ltr'><strong>quidam</strong></span> <span class='ocrx_word' id='word_1_210' title='bbox 998 2105 1116 2153; x_wconf 83' lang='lat' dir='ltr'><strong>ajunt,</strong></span> 
     </span>
     <span class='ocr_line' id='line_1_32' title="bbox 14 2152 1115 2205; baseline 0.001 -13"><span class='ocrx_word' id='word_1_211' title='bbox 14 2167 15 2192; x_wconf 74' lang='lat'>1</span> <span class='ocrx_word' id='word_1_212' title='bbox 77 2152 150 2191; x_wconf 82' lang='lat' dir='ltr'><strong>effe</strong></span> <span class='ocrx_word' id='word_1_213' title='bbox 159 2153 329 2202; x_wconf 88' lang='lat' dir='ltr'><strong>scriptum</strong></span> <span class='ocrx_word' id='word_1_214' title='bbox 347 2155 426 2199; x_wconf 89' lang='lat' dir='ltr'><strong>,sed</strong></span> <span class='ocrx_word' id='word_1_215' title='bbox 437 2156 561 2193; x_wconf 86' lang='lat' dir='ltr'><strong>emicat</strong></span> <span class='ocrx_word' id='word_1_216' title='bbox 582 2158 776 2205; x_wconf 80' lang='lat' dir='ltr'><strong>legitur‚&amp;</strong></span> <span class='ocrx_word' id='word_1_217' title='bbox 791 2154 944 2204; x_wconf 77' lang='lat' dir='ltr'><strong>flamma</strong></span> <span class='ocrx_word' id='word_1_218' title='bbox 958 2164 1018 2199; x_wconf 92' lang='lat' dir='ltr'><strong>,ut</strong></span> <span class='ocrx_word' id='word_1_219' title='bbox 1038 2164 1115 2193; x_wconf 87' lang='lat' dir='ltr'><strong>tam</strong></span> 
     </span>
     <span class='ocr_line' id='line_1_33' title="bbox 14 2204 1116 2254; baseline 0.003 -14"><span class='ocrx_word' id='word_1_220' title='bbox 14 2221 15 2238; x_wconf 74' lang='lat'>1</span> <span class='ocrx_word' id='word_1_221' title='bbox 76 2215 123 2241; x_wconf 85' lang='lat' dir='ltr'><strong>ex</strong></span> <span class='ocrx_word' id='word_1_222' title='bbox 145 2204 284 2248; x_wconf 90' lang='lat' dir='ltr'><strong>oculis,</strong></span> <span class='ocrx_word' id='word_1_223' title='bbox 312 2216 422 2252; x_wconf 87' lang='lat' dir='ltr'><strong>quam</strong></span> <span class='ocrx_word' id='word_1_224' title='bbox 445 2217 489 2242; x_wconf 86' lang='lat' dir='ltr'><strong>ex</strong></span> <span class='ocrx_word' id='word_1_225' title='bbox 512 2218 575 2244; x_wconf 91' lang='lat' dir='ltr'><strong>ore</strong></span> <span class='ocrx_word' id='word_1_226' title='bbox 595 2207 782 2244; x_wconf 84' lang='lat' dir='ltr'><strong>flammam</strong></span> <span class='ocrx_word' id='word_1_227' title='bbox 805 2204 958 2243; x_wconf 80' lang='lat' dir='ltr'><strong>emisilse</strong></span> <span class='ocrx_word' id='word_1_228' title='bbox 990 2215 1116 2254; x_wconf 86' lang='lat' dir='ltr'><strong>aperte</strong></span> 
     </span>
    </p>
   </div>
   <div class='ocr_carea' id='block_1_10' title="bbox 11 2264 21 2798">
    <p class='ocr_par' dir='ltr' id='par_1_16' title="bbox 11 2264 21 2798">
     <span class='ocr_line' id='line_1_34' title="bbox 11 2264 21 2798; baseline 0 0"><span class='ocrx_word' id='word_1_229' title='bbox 11 2264 21 2798; x_wconf 95' lang='lat' dir='ltr'><strong> </strong></span> 
     </span>
    </p>
   </div>
   <div class='ocr_carea' id='block_1_11' title="bbox 17 3079 20 3119">
    <p class='ocr_par' dir='ltr' id='par_1_17' title="bbox 17 3079 20 3119">
     <span class='ocr_line' id='line_1_35' title="bbox 17 3079 20 3119; baseline 0 0"><span class='ocrx_word' id='word_1_230' title='bbox 17 3079 20 3119; x_wconf 71' lang='grc' dir='ltr'><strong>ί</strong></span> 
     </span>
    </p>
   </div>
   <div class='ocr_carea' id='block_1_12' title="bbox 73 2254 1118 2406">
    <p class='ocr_par' dir='ltr' id='par_1_18' title="bbox 73 2254 1118 2406">
     <span class='ocr_line' id='line_1_36' title="bbox 73 2254 1118 2298; baseline 0.001 -6"><span class='ocrx_word' id='word_1_231' title='bbox 73 2254 253 2292; x_wconf 89' lang='lat' dir='ltr'><strong>videatur.</strong></span> <span class='ocrx_word' id='word_1_232' title='bbox 283 2255 396 2291; x_wconf 76' lang='lat' dir='ltr'><strong>IDEM.</strong></span> <span class='ocrx_word' id='word_1_233' title='bbox 448 2255 546 2293; x_wconf 87' lang='lat' dir='ltr'><strong>Vide</strong></span> <span class='ocrx_word' id='word_1_234' title='bbox 563 2267 685 2295; x_wconf 87' lang='lat' dir='ltr'><strong>utrum</strong></span> <span class='ocrx_word' id='word_1_235' title='bbox 707 2270 754 2295; x_wconf 89' lang='lat' dir='ltr'><strong>eo</strong></span> <span class='ocrx_word' id='word_1_236' title='bbox 777 2256 894 2294; x_wconf 90' lang='lat' dir='ltr'><strong>modo</strong></span> <span class='ocrx_word' id='word_1_237' title='bbox 926 2256 1040 2298; x_wconf 85' lang='lat' dir='ltr'><strong>dicat.</strong></span> <span class='ocrx_word' id='word_1_238' title='bbox 1070 2261 1118 2292; x_wconf 89' lang='lat' dir='ltr'><strong>E-</strong></span> 
     </span>
     <span class='ocr_line' id='line_1_37' title="bbox 77 2304 1117 2356; baseline 0.001 -13"><span class='ocrx_word' id='word_1_239' title='bbox 77 2304 186 2343; x_wconf 86' lang='lat' dir='ltr'><strong>micat</strong></span> <span class='ocrx_word' id='word_1_240' title='bbox 201 2304 365 2354; x_wconf 80' lang='lat' dir='ltr'><strong>flammas</strong></span> <span class='ocrx_word' id='word_1_241' title='bbox 379 2333 389 2348; x_wconf 91' lang='lat'><em>‚</em></span> <span class='ocrx_word' id='word_1_242' title='bbox 417 2312 456 2343; x_wconf 81' lang='lat' dir='ltr'><strong>ut</strong></span> <span class='ocrx_word' id='word_1_243' title='bbox 465 2305 577 2353; x_wconf 83' lang='lat' dir='ltr'><strong>spirat</strong></span> <span class='ocrx_word' id='word_1_244' title='bbox 595 2307 762 2356; x_wconf 82' lang='lat' dir='ltr'><strong>flammas</strong></span> <span class='ocrx_word' id='word_1_245' title='bbox 776 2336 786 2352; x_wconf 93' lang='lat'><strong>,</strong></span> <span class='ocrx_word' id='word_1_246' title='bbox 804 2320 848 2345; x_wconf 89' lang='lat' dir='ltr'><strong>an</strong></span> <span class='ocrx_word' id='word_1_247' title='bbox 870 2308 991 2356; x_wconf 84' lang='lat' dir='ltr'><strong>potius</strong></span> <span class='ocrx_word' id='word_1_248' title='bbox 1001 2306 1117 2356; x_wconf 87' lang='lat' dir='ltr'><strong>flam-</strong></span> 
     </span>
     <span class='ocr_line' id='line_1_38' title="bbox 77 2355 1115 2406; baseline 0.002 -12"><span class='ocrx_word' id='word_1_249' title='bbox 77 2369 138 2395; x_wconf 89' lang='lat' dir='ltr'><strong>ma</strong></span> <span class='ocrx_word' id='word_1_250' title='bbox 162 2355 402 2404; x_wconf 83' lang='lat' dir='ltr'><strong>supplendum</strong></span> <span class='ocrx_word' id='word_1_251' title='bbox 445 2357 597 2394; x_wconf 81' lang='lat' dir='ltr'><strong>censeas.</strong></span> <span class='ocrx_word' id='word_1_252' title='bbox 633 2358 693 2396; x_wconf 88' lang='lat' dir='ltr'><strong>sed</strong></span> <span class='ocrx_word' id='word_1_253' title='bbox 723 2358 867 2396; x_wconf 89' lang='lat' dir='ltr'><strong>videtur</strong></span> <span class='ocrx_word' id='word_1_254' title='bbox 901 2358 1115 2406; x_wconf 84' lang='lat' dir='ltr'><strong>exemplum</strong></span> 
     </span>
    </p>
   </div>
   <div class='ocr_carea' id='block_1_13' title="bbox 0 2405 1117 2456">
    <p class='ocr_par' dir='ltr' id='par_1_19' title="bbox 0 2405 1117 2456">
     <span class='ocr_line' id='line_1_39' title="bbox 0 2405 1117 2456; baseline 0.001 -11"><span class='ocrx_word' id='word_1_255' title='bbox 0 2426 2 2429; x_wconf 92' lang='lat'>·</span> <span class='ocrx_word' id='word_1_256' title='bbox 78 2405 170 2451; x_wconf 85' lang='lat' dir='ltr'><strong>effe,</strong></span> <span class='ocrx_word' id='word_1_257' title='bbox 197 2406 346 2456; x_wconf 87' lang='lat' dir='ltr'><strong>quando</strong></span> <span class='ocrx_word' id='word_1_258' title='bbox 370 2405 477 2443; x_wconf 89' lang='lat' dir='ltr'><strong>verba</strong></span> <span class='ocrx_word' id='word_1_259' title='bbox 501 2406 659 2445; x_wconf 83' lang='lat' dir='ltr'><strong>diversos</strong></span> <span class='ocrx_word' id='word_1_260' title='bbox 685 2409 781 2446; x_wconf 84' lang='lat' dir='ltr'><strong>casus</strong></span> <span class='ocrx_word' id='word_1_261' title='bbox 809 2407 994 2456; x_wconf 86' lang='lat' dir='ltr'><strong>poscentia</strong></span> <span class='ocrx_word' id='word_1_262' title='bbox 1017 2435 1027 2451; x_wconf 94' lang='lat'><strong>,</strong></span> <span class='ocrx_word' id='word_1_263' title='bbox 1054 2417 1117 2446; x_wconf 88' lang='lat' dir='ltr'><strong>aut</strong></span> 
     </span>
    </p>
   </div>
   <div class='ocr_carea' id='block_1_14' title="bbox 77 2457 1118 2558">
    <p class='ocr_par' dir='ltr' id='par_1_20' title="bbox 77 2457 1118 2558">
     <span class='ocr_line' id='line_1_40' title="bbox 79 2457 1118 2506; baseline -0.001 -10"><span class='ocrx_word' id='word_1_264' title='bbox 79 2458 153 2506; x_wconf 76' lang='lat' dir='ltr'><strong>ipsa</strong></span> <span class='ocrx_word' id='word_1_265' title='bbox 169 2457 263 2495; x_wconf 87' lang='lat' dir='ltr'><strong>inter</strong></span> <span class='ocrx_word' id='word_1_266' title='bbox 273 2459 307 2494; x_wconf 73' lang='lat' dir='ltr'><strong>ie</strong></span> <span class='ocrx_word' id='word_1_267' title='bbox 327 2457 477 2501; x_wconf 81' lang='lat' dir='ltr'><strong>diversa,</strong></span> <span class='ocrx_word' id='word_1_268' title='bbox 491 2457 695 2506; x_wconf 87' lang='lat' dir='ltr'><strong>junguntur</strong></span> <span class='ocrx_word' id='word_1_269' title='bbox 709 2486 720 2501; x_wconf 90' lang='lat'><em>‚</em></span> <span class='ocrx_word' id='word_1_270' title='bbox 734 2468 773 2495; x_wconf 85' lang='lat' dir='ltr'><strong>ut</strong></span> <span class='ocrx_word' id='word_1_271' title='bbox 793 2465 963 2494; x_wconf 89' lang='lat' dir='ltr'><strong>neutrum</strong></span> <span class='ocrx_word' id='word_1_272' title='bbox 977 2457 1118 2495; x_wconf 54' lang='lat' dir='ltr'><strong>acatii-</strong></span> 
     </span>
     <span class='ocr_line' id='line_1_41' title="bbox 77 2507 1118 2558; baseline -0.003 -11"><span class='ocrx_word' id='word_1_273' title='bbox 77 2520 192 2558; x_wconf 70' lang='lat' dir='ltr'><strong>yum.</strong></span> <span class='ocrx_word' id='word_1_274' title='bbox 221 2507 259 2545; x_wconf 89' lang='lat' dir='ltr'><strong>id</strong></span> <span class='ocrx_word' id='word_1_275' title='bbox 281 2519 365 2545; x_wconf 88' lang='lat' dir='ltr'><strong>cum</strong></span> <span class='ocrx_word' id='word_1_276' title='bbox 386 2519 465 2545; x_wconf 86' lang='lat' dir='ltr'><strong>raro</strong></span> <span class='ocrx_word' id='word_1_277' title='bbox 482 2507 565 2552; x_wconf 78' lang='lat' dir='ltr'><strong>fiat,</strong></span> <span class='ocrx_word' id='word_1_278' title='bbox 592 2507 872 2557; x_wconf 72' lang='lat' dir='ltr'><strong>reprehensione</strong></span> <span class='ocrx_word' id='word_1_279' title='bbox 893 2515 988 2544; x_wconf 88' lang='lat' dir='ltr'><strong>caret</strong></span> <span class='ocrx_word' id='word_1_280' title='bbox 1002 2508 1118 2551; x_wconf 83' lang='lat' dir='ltr'><strong>,alio-</strong></span> 
     </span>
    </p>
   </div>
   <div class='ocr_carea' id='block_1_15' title="bbox 52 2558 1118 2610">
    <p class='ocr_par' dir='ltr' id='par_1_21' title="bbox 52 2558 1118 2610">
     <span class='ocr_line' id='line_1_42' title="bbox 52 2558 1118 2610; baseline -0.002 -13"><span class='ocrx_word' id='word_1_281' title='bbox 52 2560 144 2610; x_wconf 18' lang='lat' dir='ltr'><strong>n-qui</strong></span> <span class='ocrx_word' id='word_1_282' title='bbox 170 2571 248 2597; x_wconf 90' lang='lat' dir='ltr'><strong>non</strong></span> <span class='ocrx_word' id='word_1_283' title='bbox 274 2558 477 2596; x_wconf 86' lang='lat' dir='ltr'><strong>admittitur</strong></span> <span class='ocrx_word' id='word_1_284' title='bbox 497 2586 508 2603; x_wconf 94' lang='lat'>‚</span> <span class='ocrx_word' id='word_1_285' title='bbox 552 2567 593 2596; x_wconf 87' lang='lat' dir='ltr'><strong>ut</strong></span> <span class='ocrx_word' id='word_1_286' title='bbox 620 2559 717 2596; x_wconf 74' lang='lat' dir='ltr'><strong>rerste</strong></span> <span class='ocrx_word' id='word_1_287' title='bbox 748 2558 875 2595; x_wconf 84' lang='lat' dir='ltr'><strong>docuit</strong></span> <span class='ocrx_word' id='word_1_288' title='bbox 899 2558 1118 2595; x_wconf 82' lang='lat' dir='ltr'><strong>Laurentius</strong></span> 
     </span>
    </p>
   </div>
   <div class='ocr_carea' id='block_1_16' title="bbox 60 2606 1119 2810">
    <p class='ocr_par' dir='ltr' id='par_1_22' title="bbox 60 2606 1119 2810">
     <span class='ocr_line' id='line_1_43' title="bbox 60 2606 1118 2657; baseline -0.001 -10"><span class='ocrx_word' id='word_1_289' title='bbox 60 2609 186 2647; x_wconf 62' lang='lat' dir='ltr'><strong>”Valla</strong></span> <span class='ocrx_word' id='word_1_290' title='bbox 203 2609 264 2646; x_wconf 88' lang='lat' dir='ltr'><strong>lib.</strong></span> <span class='ocrx_word' id='word_1_291' title='bbox 285 2622 351 2647; x_wconf 82' lang='lat'><strong>111.</strong></span> <span class='ocrx_word' id='word_1_292' title='bbox 369 2617 479 2657; x_wconf 87' lang='lat' dir='ltr'><strong>atque</strong></span> <span class='ocrx_word' id='word_1_293' title='bbox 500 2621 542 2646; x_wconf 86' lang='lat' dir='ltr'><strong>ea</strong></span> <span class='ocrx_word' id='word_1_294' title='bbox 563 2609 631 2646; x_wconf 88' lang='lat' dir='ltr'><strong>fuit</strong></span> <span class='ocrx_word' id='word_1_295' title='bbox 650 2606 764 2646; x_wconf 77' lang='lat' dir='ltr'><strong>cauffa</strong></span> <span class='ocrx_word' id='word_1_296' title='bbox 778 2636 788 2652; x_wconf 95' lang='lat'><em>‚</em></span> <span class='ocrx_word' id='word_1_297' title='bbox 817 2619 879 2645; x_wconf 89' lang='lat' dir='ltr'><strong>cur</strong></span> <span class='ocrx_word' id='word_1_298' title='bbox 891 2607 1039 2656; x_wconf 77' lang='lat' dir='ltr'><strong>quidam</strong></span> <span class='ocrx_word' id='word_1_299' title='bbox 1052 2620 1118 2656; x_wconf 87' lang='lat' dir='ltr'><strong>pro</strong></span> 
     </span>
     <span class='ocr_line' id='line_1_44' title="bbox 80 2659 1119 2708; baseline -0.002 -10"><span class='ocrx_word' id='word_1_300' title='bbox 80 2660 204 2698; x_wconf 76' lang='lat' dir='ltr'><strong>emicat</strong></span> <span class='ocrx_word' id='word_1_301' title='bbox 225 2660 382 2708; x_wconf 83' lang='lat' dir='ltr'><strong>legerat,</strong></span> <span class='ocrx_word' id='word_1_302' title='bbox 412 2665 490 2697; x_wconf 86' lang='lat' dir='ltr'><strong>Lux</strong></span> <span class='ocrx_word' id='word_1_303' title='bbox 509 2659 637 2704; x_wconf 87' lang='lat' dir='ltr'><strong>micat,</strong></span> <span class='ocrx_word' id='word_1_304' title='bbox 668 2668 708 2696; x_wconf 93' lang='lat' dir='ltr'><strong>ut</strong></span> <span class='ocrx_word' id='word_1_305' title='bbox 727 2660 918 2696; x_wconf 87' lang='lat' dir='ltr'><strong>annotavit</strong></span> <span class='ocrx_word' id='word_1_306' title='bbox 942 2659 1119 2706; x_wconf 76' lang='lat' dir='ltr'><strong>Raphael.</strong></span> 
     </span>
     <span class='ocr_line' id='line_1_45' title="bbox 85 2708 1118 2759; baseline -0.003 -11"><span class='ocrx_word' id='word_1_307' title='bbox 85 2711 290 2748; x_wconf 76' lang='lat' dir='ltr'><strong>GLAREAN.</strong></span> <span class='ocrx_word' id='word_1_308' title='bbox 319 2709 482 2759; x_wconf 86' lang='lat' dir='ltr'><strong>Quidam</strong></span> <span class='ocrx_word' id='word_1_309' title='bbox 502 2719 628 2748; x_wconf 79' lang='lat' dir='ltr'><strong>tamen</strong></span> <span class='ocrx_word' id='word_1_310' title='bbox 646 2708 794 2758; x_wconf 81' lang='lat' dir='ltr'><strong>flamma</strong></span> <span class='ocrx_word' id='word_1_311' title='bbox 814 2710 935 2758; x_wconf 81' lang='lat' dir='ltr'><strong>legere</strong></span> <span class='ocrx_word' id='word_1_312' title='bbox 963 2709 1118 2754; x_wconf 77' lang='lat' dir='ltr'><strong>malunt,</strong></span> 
     </span>
     <span class='ocr_line' id='line_1_46' title="bbox 83 2758 1118 2810; baseline -0.003 -11"><span class='ocrx_word' id='word_1_313' title='bbox 83 2763 316 2799; x_wconf 88' lang='lat' dir='ltr'><strong>nominativo</strong></span> <span class='ocrx_word' id='word_1_314' title='bbox 330 2761 408 2799; x_wconf 84' lang='lat' dir='ltr'><strong>casu</strong></span> <span class='ocrx_word' id='word_1_315' title='bbox 423 2774 430 2798; x_wconf 90' lang='lat'>:</span> <span class='ocrx_word' id='word_1_316' title='bbox 448 2761 496 2799; x_wconf 82' lang='lat' dir='ltr'><strong>sic</strong></span> <span class='ocrx_word' id='word_1_317' title='bbox 514 2762 612 2798; x_wconf 89' lang='lat' dir='ltr'><strong>enim</strong></span> <span class='ocrx_word' id='word_1_318' title='bbox 633 2770 792 2810; x_wconf 88' lang='lat' dir='ltr'><strong>utroque</strong></span> <span class='ocrx_word' id='word_1_319' title='bbox 811 2760 927 2797; x_wconf 90' lang='lat' dir='ltr'><strong>verbo</strong></span> <span class='ocrx_word' id='word_1_320' title='bbox 943 2758 1041 2796; x_wconf 63' lang='lat' dir='ltr'><strong>reae</strong></span> <span class='ocrx_word' id='word_1_321' title='bbox 1054 2771 1118 2796; x_wconf 87' lang='lat' dir='ltr'><strong>co-</strong></span> 
     </span>
    </p>
   </div>
   <div class='ocr_carea' id='block_1_17' title="bbox 16 2810 1122 2951">
    <p class='ocr_par' dir='ltr' id='par_1_23' title="bbox 16 2810 1122 2951">
     <span class='ocr_line' id='line_1_47' title="bbox 83 2810 1120 2860; baseline -0.005 -9.364"><span class='ocrx_word' id='word_1_322' title='bbox 83 2812 216 2851; x_wconf 86' lang='lat' dir='ltr'><strong>haeret.</strong></span> <span class='ocrx_word' id='word_1_323' title='bbox 246 2814 418 2850; x_wconf 70' lang='lat' dir='ltr'><strong>MicrLr..</strong></span> <span class='ocrx_word' id='word_1_324' title='bbox 475 2811 613 2848; x_wconf 84' lang='lat' dir='ltr'><strong>Emicat</strong></span> <span class='ocrx_word' id='word_1_325' title='bbox 644 2825 684 2848; x_wconf 85' lang='lat' dir='ltr'><strong>ex</strong></span> <span class='ocrx_word' id='word_1_326' title='bbox 706 2811 830 2854; x_wconf 85' lang='lat' dir='ltr'><strong>oculis,</strong></span> <span class='ocrx_word' id='word_1_327' title='bbox 850 2810 964 2860; x_wconf 84' lang='lat' dir='ltr'><strong>spirat</strong></span> <span class='ocrx_word' id='word_1_328' title='bbox 991 2823 1120 2859; x_wconf 78' lang='lat' dir='ltr'><strong>quoque</strong></span> 
     </span>
     <span class='ocr_line' id='line_1_48' title="bbox 16 2860 1122 2951; baseline -0.001 -52"><span class='ocrx_word' id='word_1_329' title='bbox 16 2915 18 2917; x_wconf 21' lang='grc' dir='ltr'>Ι</span> <span class='ocrx_word' id='word_1_330' title='bbox 82 2864 208 2951; x_wconf 57' lang='lat' dir='ltr'><strong>sectore</strong></span> <span class='ocrx_word' id='word_1_331' title='bbox 225 2861 557 2910; x_wconf 81' lang='lat' dir='ltr'><strong>flammas.Siclibri</strong></span> <span class='ocrx_word' id='word_1_332' title='bbox 578 2862 695 2910; x_wconf 85' lang='lat' dir='ltr'><strong>scripti</strong></span> <span class='ocrx_word' id='word_1_333' title='bbox 721 2874 864 2899; x_wconf 88' lang='lat' dir='ltr'><strong>omnes.</strong></span> <span class='ocrx_word' id='word_1_334' title='bbox 919 2860 992 2897; x_wconf 86' lang='lat' dir='ltr'><strong>Alii</strong></span> <span class='ocrx_word' id='word_1_335' title='bbox 1020 2861 1122 2898; x_wconf 83' lang='lat' dir='ltr'><strong>aliter</strong></span> 
     </span>
    </p>
   </div>
   <div class='ocr_carea' id='block_1_18' title="bbox 100 2910 1120 3024">
    <p class='ocr_par' dir='ltr' id='par_1_24' title="bbox 100 2910 1120 3024">
     <span class='ocr_line' id='line_1_49' title="bbox 100 2910 1120 2963; baseline -0.003 -12"><span class='ocrx_word' id='word_1_336' title='bbox 100 2922 220 2963; x_wconf 88' lang='lat' dir='ltr'><strong>egunt.</strong></span> <span class='ocrx_word' id='word_1_337' title='bbox 258 2913 383 2962; x_wconf 82' lang='lat' dir='ltr'><strong>Atque</strong></span> <span class='ocrx_word' id='word_1_338' title='bbox 402 2915 476 2952; x_wconf 89' lang='lat' dir='ltr'><strong>hoc</strong></span> <span class='ocrx_word' id='word_1_339' title='bbox 495 2912 591 2951; x_wconf 80' lang='lat' dir='ltr'><strong>forte</strong></span> <span class='ocrx_word' id='word_1_340' title='bbox 613 2913 684 2957; x_wconf 88' lang='lat' dir='ltr'><strong>est,</strong></span> <span class='ocrx_word' id='word_1_341' title='bbox 712 2912 814 2962; x_wconf 88' lang='lat' dir='ltr'><strong>quod</strong></span> <span class='ocrx_word' id='word_1_342' title='bbox 831 2912 990 2961; x_wconf 83' lang='lat' dir='ltr'><strong>superius</strong></span> <span class='ocrx_word' id='word_1_343' title='bbox 1010 2910 1120 2949; x_wconf 83' lang='lat' dir='ltr'><strong>dixit:</strong></span> 
     </span>
     <span class='ocr_line' id='line_1_50' title="bbox 138 2974 894 3024; baseline 0 -13"><span class='ocrx_word' id='word_1_344' title='bbox 138 2976 306 3024; x_wconf 81' lang='lat' dir='ltr'><strong>Sanguine</strong></span> <span class='ocrx_word' id='word_1_345' title='bbox 319 3003 329 3020; x_wconf 94' lang='lat'>‚</span> <span class='ocrx_word' id='word_1_346' title='bbox 356 2986 400 3015; x_wconf 65' lang='grc' dir='ltr'><strong>ω’</strong></span> <span class='ocrx_word' id='word_1_347' title='bbox 419 2976 491 3024; x_wconf 86' lang='lat' dir='ltr'><strong>igne</strong></span> <span class='ocrx_word' id='word_1_348' title='bbox 509 2976 641 3012; x_wconf 80' lang='lat' dir='ltr'><strong>micant</strong></span> <span class='ocrx_word' id='word_1_349' title='bbox 659 2974 756 3012; x_wconf 86' lang='lat' dir='ltr'><strong>oculi.</strong></span> <span class='ocrx_word' id='word_1_350' title='bbox 784 2975 894 3012; x_wconf 77' lang='lat' dir='ltr'><strong>CxOF.</strong></span> 
     </span>
    </p>
   </div>
   <div class='ocr_carea' id='block_1_19' title="bbox 14 3035 1124 3085">
    <p class='ocr_par' dir='ltr' id='par_1_25' title="bbox 14 3035 1124 3085">
     <span class='ocr_line' id='line_1_51' title="bbox 14 3035 1124 3085; baseline -0.001 -12"><span class='ocrx_word' id='word_1_351' title='bbox 14 3036 19 3068; x_wconf 76' lang='grc' dir='ltr'>ἰ</span> <span class='ocrx_word' id='word_1_352' title='bbox 88 3035 170 3073; x_wconf 74' lang='lat' dir='ltr'><strong>&#39;zux</strong></span> <span class='ocrx_word' id='word_1_353' title='bbox 190 3037 296 3073; x_wconf 87' lang='lat' dir='ltr'><strong>micat</strong></span> <span class='ocrx_word' id='word_1_354' title='bbox 315 3036 404 3074; x_wconf 66' lang='lat' dir='ltr'><strong>osto</strong></span> <span class='ocrx_word' id='word_1_355' title='bbox 423 3046 563 3075; x_wconf 90' lang='lat' dir='ltr'><strong>veteres</strong></span> <span class='ocrx_word' id='word_1_356' title='bbox 579 3052 587 3075; x_wconf 89' lang='lat'><strong>:</strong></span> <span class='ocrx_word' id='word_1_357' title='bbox 605 3037 748 3075; x_wconf 65' lang='lat' dir='ltr'><strong>rectius.</strong></span> <span class='ocrx_word' id='word_1_358' title='bbox 775 3035 908 3074; x_wconf 91' lang='lat' dir='ltr'><strong>deinde</strong></span> <span class='ocrx_word' id='word_1_359' title='bbox 917 3047 983 3084; x_wconf 90' lang='lat' dir='ltr'><strong>pro</strong></span> <span class='ocrx_word' id='word_1_360' title='bbox 997 3064 1007 3080; x_wconf 89' lang='lat'>‚</span> <span class='ocrx_word' id='word_1_361' title='bbox 1012 3036 1124 3085; x_wconf 87' lang='lat' dir='ltr'><strong>spirat</strong></span> 
     </span>
    </p>
   </div>
   <div class='ocr_carea' id='block_1_20' title="bbox 92 3085 1125 3143">
    <p class='ocr_par' dir='ltr' id='par_1_26' title="bbox 92 3085 1125 3143">
     <span class='ocr_line' id='line_1_52' title="bbox 92 3085 1125 3143; baseline 0.001 -20"><span class='ocrx_word' id='word_1_362' title='bbox 92 3099 221 3143; x_wconf 76' lang='lat' dir='ltr'><strong>quoque</strong></span> <span class='ocrx_word' id='word_1_363' title='bbox 241 3087 467 3124; x_wconf 80' lang='lat' dir='ltr'><strong>scribendum</strong></span> <span class='ocrx_word' id='word_1_364' title='bbox 482 3116 490 3130; x_wconf 91' lang='lat'>‚</span> <span class='ocrx_word' id='word_1_365' title='bbox 498 3088 669 3139; x_wconf 84' lang='lat' dir='ltr'><strong>spiratque</strong></span> <span class='ocrx_word' id='word_1_366' title='bbox 690 3089 706 3124; x_wconf 60' lang='lat' dir='ltr'><strong>*e</strong></span> <span class='ocrx_word' id='word_1_367' title='bbox 721 3089 848 3136; x_wconf 59' lang='lat' dir='ltr'><strong>pectore</strong></span> <span class='ocrx_word' id='word_1_368' title='bbox 857 3085 1027 3136; x_wconf 78' lang='lat' dir='ltr'><strong>flammas</strong></span> <span class='ocrx_word' id='word_1_369' title='bbox 1038 3099 1125 3124; x_wconf 85' lang='lat' dir='ltr'><strong>cum</strong></span> 
     </span>
    </p>
   </div>
   <div class='ocr_carea' id='block_1_21' title="bbox 18 3137 1127 3236">
    <p class='ocr_par' dir='ltr' id='par_1_27' title="bbox 18 3137 1127 3236">
     <span class='ocr_line' id='line_1_53' title="bbox 18 3137 1125 3187; baseline 0.001 -13"><span class='ocrx_word' id='word_1_370' title='bbox 18 3143 20 3184; x_wconf 62' lang='lat' dir='ltr'><strong>l</strong></span> <span class='ocrx_word' id='word_1_371' title='bbox 93 3147 258 3186; x_wconf 81' lang='lat' dir='ltr'><strong>quinque</strong></span> <span class='ocrx_word' id='word_1_372' title='bbox 276 3137 423 3186; x_wconf 85' lang='lat' dir='ltr'><strong>scriptis.</strong></span> <span class='ocrx_word' id='word_1_373' title='bbox 447 3138 506 3174; x_wconf 94' lang='lat' dir='ltr'><strong>vel</strong></span> <span class='ocrx_word' id='word_1_374' title='bbox 524 3137 698 3187; x_wconf 84' lang='lat' dir='ltr'><strong>flamma.</strong></span> <span class='ocrx_word' id='word_1_375' title='bbox 727 3137 923 3186; x_wconf 89' lang='lat' dir='ltr'><strong>quomodo</strong></span> <span class='ocrx_word' id='word_1_376' title='bbox 946 3137 1125 3175; x_wconf 84' lang='lat' dir='ltr'><strong>Florenti-</strong></span> 
     </span>
     <span class='ocr_line' id='line_1_54' title="bbox 19 3186 1127 3236; baseline 0 -13"><span class='ocrx_word' id='word_1_377' title='bbox 19 3230 20 3233; x_wconf 12' lang='lat'><em>*</em></span> <span class='ocrx_word' id='word_1_378' title='bbox 98 3197 166 3223; x_wconf 84' lang='lat' dir='ltr'><strong>nus</strong></span> <span class='ocrx_word' id='word_1_379' title='bbox 186 3186 207 3221; x_wconf 90' lang='lat' dir='ltr'>S</span> <span class='ocrx_word' id='word_1_380' title='bbox 236 3187 361 3226; x_wconf 88' lang='lat' dir='ltr'><strong>Marci.</strong></span> <span class='ocrx_word' id='word_1_381' title='bbox 390 3188 532 3225; x_wconf 58' lang='lat' dir='ltr'><strong>Hiems.</strong></span> <span class='ocrx_word' id='word_1_382' title='bbox 584 3189 681 3225; x_wconf 83' lang='lat' dir='ltr'><strong>Mihi</strong></span> <span class='ocrx_word' id='word_1_383' title='bbox 706 3189 818 3236; x_wconf 80' lang='lat' dir='ltr'><strong>magis</strong></span> <span class='ocrx_word' id='word_1_384' title='bbox 842 3188 1021 3236; x_wconf 82' lang='lat' dir='ltr'><strong>placeret,</strong></span> <span class='ocrx_word' id='word_1_385' title='bbox 1051 3194 1127 3224; x_wconf 79' lang='lat' dir='ltr'><strong>Fax</strong></span> 
     </span>
    </p>
   </div>
   <div class='ocr_carea' id='block_1_22' title="bbox 103 3236 1132 3288">
    <p class='ocr_par' dir='ltr' id='par_1_28' title="bbox 103 3236 1132 3288">
     <span class='ocr_line' id='line_1_55' title="bbox 103 3236 1132 3288; baseline 0.003 -17"><span class='ocrx_word' id='word_1_386' title='bbox 103 3236 208 3271; x_wconf 84' lang='lat' dir='ltr'><strong>micat</strong></span> <span class='ocrx_word' id='word_1_387' title='bbox 225 3249 265 3271; x_wconf 87' lang='lat' dir='ltr'><strong>ex</strong></span> <span class='ocrx_word' id='word_1_388' title='bbox 285 3238 386 3274; x_wconf 84' lang='lat' dir='ltr'><strong>oculis</strong></span> <span class='ocrx_word' id='word_1_389' title='bbox 400 3267 411 3282; x_wconf 91' lang='lat'><strong>,</strong></span> <span class='ocrx_word' id='word_1_390' title='bbox 439 3238 540 3288; x_wconf 84' lang='lat' dir='ltr'><strong>quod</strong></span> <span class='ocrx_word' id='word_1_391' title='bbox 560 3239 688 3275; x_wconf 88' lang='lat' dir='ltr'><strong>fortius</strong></span> <span class='ocrx_word' id='word_1_392' title='bbox 704 3266 712 3279; x_wconf 83' lang='lat'><strong>‚</strong></span> <span class='ocrx_word' id='word_1_393' title='bbox 742 3239 933 3286; x_wconf 86' lang='lat' dir='ltr'><strong>expreffius</strong></span> <span class='ocrx_word' id='word_1_394' title='bbox 959 3239 997 3274; x_wconf 62' lang='grc' dir='ltr'><strong>ὃς</strong></span> <span class='ocrx_word' id='word_1_395' title='bbox 1019 3239 1132 3286; x_wconf 87' lang='lat' dir='ltr'><strong>magis</strong></span> 
     </span>
    </p>
   </div>
   <div class='ocr_carea' id='block_1_23' title="bbox 101 3286 1135 3378">
    <p class='ocr_par' dir='ltr' id='par_1_29' title="bbox 101 3286 1135 3378">
     <span class='ocr_line' id='line_1_56' title="bbox 101 3286 1135 3371; baseline 0.006 -51"><span class='ocrx_word' id='word_1_396' title='bbox 101 3286 323 3371; x_wconf 49' lang='grc' dir='ltr'><strong>ςοῐᾶγεηίεῃε</strong></span> <span class='ocrx_word' id='word_1_397' title='bbox 344 3291 391 3339; x_wconf 72' lang='grc' dir='ltr'><strong>τῷ</strong></span> <span class='ocrx_word' id='word_1_398' title='bbox 404 3287 559 3337; x_wconf 85' lang='lat' dir='ltr'><strong>fulmine</strong></span> <span class='ocrx_word' id='word_1_399' title='bbox 572 3317 583 3337; x_wconf 87' lang='lat'><strong>,</strong></span> <span class='ocrx_word' id='word_1_400' title='bbox 605 3289 643 3328; x_wconf 69' lang='grc' dir='ltr'><strong>δε</strong></span> <span class='ocrx_word' id='word_1_401' title='bbox 666 3287 844 3337; x_wconf 82' lang='lat' dir='ltr'><strong>flammas.</strong></span> <span class='ocrx_word' id='word_1_402' title='bbox 871 3287 919 3325; x_wconf 86' lang='lat' dir='ltr'><strong>fic</strong></span> <span class='ocrx_word' id='word_1_403' title='bbox 939 3288 1049 3336; x_wconf 86' lang='lat' dir='ltr'><strong>paulo</strong></span> <span class='ocrx_word' id='word_1_404' title='bbox 1070 3299 1135 3334; x_wconf 65' lang='lat' dir='ltr'><strong>an-⁴</strong></span> 
     </span>
     <span class='ocr_line' id='line_1_57' title="bbox 183 3342 319 3378; baseline 0.022 -7"><span class='ocrx_word' id='word_1_405' title='bbox 183 3347 246 3375; x_wconf 88' lang='lat' dir='ltr'><strong>om.</strong></span> <span class='ocrx_word' id='word_1_406' title='bbox 272 3342 319 3378; x_wconf 87' lang='lat' dir='ltr'><strong>II.</strong></span> 
     </span>
    </p>
   </div>
   <div class='ocr_carea' id='block_1_24' title="bbox 2029 1150 2203 1206">
    <p class='ocr_par' dir='ltr' id='par_1_30' title="bbox 2029 1150 2203 1206">
     <span class='ocr_line' id='line_1_58' title="bbox 2029 1150 2203 1206; baseline 0.006 -1"><span class='ocrx_word' id='word_1_407' title='bbox 2029 1150 2203 1206; x_wconf 83' lang='lat' dir='ltr'><strong>Arbo-</strong></span> 
     </span>
    </p>
   </div>
   <div class='ocr_carea' id='block_1_25' title="bbox 1161 1277 2220 2898">
    <p class='ocr_par' dir='ltr' id='par_1_31' title="bbox 1161 1277 2205 1378">
     <span class='ocr_line' id='line_1_59' title="bbox 1161 1277 2205 1330; baseline 0 -14"><span class='ocrx_word' id='word_1_408' title='bbox 1161 1277 1307 1327; x_wconf 82' lang='lat' dir='ltr'><strong>te,igne</strong></span> <span class='ocrx_word' id='word_1_409' title='bbox 1325 1278 1458 1316; x_wconf 86' lang='lat' dir='ltr'><strong>micant</strong></span> <span class='ocrx_word' id='word_1_410' title='bbox 1476 1278 1585 1321; x_wconf 86' lang='lat' dir='ltr'><strong>oculi,</strong></span> <span class='ocrx_word' id='word_1_411' title='bbox 1612 1281 1650 1317; x_wconf 70' lang='grc' dir='ltr'><strong>δε</strong></span> <span class='ocrx_word' id='word_1_412' title='bbox 1667 1279 1860 1330; x_wconf 78' lang='lat' dir='ltr'><strong>sitffufizque</strong></span> <span class='ocrx_word' id='word_1_413' title='bbox 1882 1278 2018 1316; x_wconf 86' lang='lat' dir='ltr'><strong>lumina</strong></span> <span class='ocrx_word' id='word_1_414' title='bbox 2035 1277 2205 1327; x_wconf 61' lang='lat' dir='ltr'><strong>flammai.</strong></span> 
     </span>
     <span class='ocr_line' id='line_1_60' title="bbox 1164 1329 2054 1378; baseline 0 -11"><span class='ocrx_word' id='word_1_415' title='bbox 1164 1329 1327 1367; x_wconf 82' lang='lat' dir='ltr'><strong>SCHEPP.</strong></span> <span class='ocrx_word' id='word_1_416' title='bbox 1349 1329 1444 1378; x_wconf 86' lang='lat' dir='ltr'><strong>apud</strong></span> <span class='ocrx_word' id='word_1_417' title='bbox 1469 1330 1574 1367; x_wconf 62' lang='lat' dir='ltr'><strong>Tm.</strong></span> <span class='ocrx_word' id='word_1_418' title='bbox 1598 1330 1717 1367; x_wconf 58' lang='lat' dir='ltr'><strong>Fam.</strong></span> <span class='ocrx_word' id='word_1_419' title='bbox 1746 1331 1806 1368; x_wconf 86' lang='lat' dir='ltr'><strong>lib.</strong></span> <span class='ocrx_word' id='word_1_420' title='bbox 1828 1344 1882 1368; x_wconf 89' lang='lat'><strong>11.</strong></span> <span class='ocrx_word' id='word_1_421' title='bbox 1909 1331 1975 1378; x_wconf 85' lang='lat' dir='ltr'><strong>Ep.</strong></span> <span class='ocrx_word' id='word_1_422' title='bbox 1996 1342 2054 1376; x_wconf 77' lang='lat'><strong>71.</strong></span> 
     </span>
    </p>

    <p class='ocr_par' dir='ltr' id='par_1_32' title="bbox 1167 1379 2206 1469">
     <span class='ocr_line' id='line_1_61' title="bbox 1220 1379 2206 1431; baseline -0.002 -13"><span class='ocrx_word' id='word_1_423' title='bbox 1220 1381 1303 1429; x_wconf 82' lang='lat'><strong>358.</strong></span> <span class='ocrx_word' id='word_1_424' title='bbox 1331 1384 1411 1416; x_wconf 88' lang='lat' dir='ltr'><strong>Aut</strong></span> <span class='ocrx_word' id='word_1_425' title='bbox 1426 1379 1544 1429; x_wconf 86' lang='lat' dir='ltr'><strong>plenas</strong></span> <span class='ocrx_word' id='word_1_426' title='bbox 1566 1380 1678 1417; x_wconf 85' lang='lat' dir='ltr'><strong>milite</strong></span> <span class='ocrx_word' id='word_1_427' title='bbox 1697 1381 1844 1431; x_wconf 84' lang='lat' dir='ltr'><strong>turres.]</strong></span> <span class='ocrx_word' id='word_1_428' title='bbox 1876 1381 1994 1417; x_wconf 84' lang='lat' dir='ltr'><strong>Milite</strong></span> <span class='ocrx_word' id='word_1_429' title='bbox 2008 1409 2019 1426; x_wconf 92' lang='lat'><strong>,</strong></span> <span class='ocrx_word' id='word_1_430' title='bbox 2046 1392 2112 1428; x_wconf 90' lang='lat' dir='ltr'><strong>pro</strong></span> <span class='ocrx_word' id='word_1_431' title='bbox 2130 1379 2206 1416; x_wconf 80' lang='lat' dir='ltr'><strong>Mi-</strong></span> 
     </span>
     <span class='ocr_line' id='line_1_62' title="bbox 1167 1430 1496 1469; baseline 0.003 -2"><span class='ocrx_word' id='word_1_432' title='bbox 1167 1430 1299 1468; x_wconf 84' lang='lat' dir='ltr'><strong>litibus.</strong></span> <span class='ocrx_word' id='word_1_433' title='bbox 1327 1433 1496 1469; x_wconf 62' lang='lat' dir='ltr'><strong>emma.</strong></span> 
     </span>
    </p>

    <p class='ocr_par' dir='ltr' id='par_1_33' title="bbox 1166 1480 2212 1784">
     <span class='ocr_line' id='line_1_63' title="bbox 1222 1480 2208 1532; baseline -0.003 -13"><span class='ocrx_word' id='word_1_434' title='bbox 1222 1494 1303 1530; x_wconf 82' lang='lat'><strong>359.</strong></span> <span class='ocrx_word' id='word_1_435' title='bbox 1332 1488 1433 1519; x_wconf 87' lang='lat' dir='ltr'><strong>Certo</strong></span> <span class='ocrx_word' id='word_1_436' title='bbox 1445 1480 1495 1530; x_wconf 81' lang='lat' dir='ltr'><strong>fic</strong></span> <span class='ocrx_word' id='word_1_437' title='bbox 1515 1481 1676 1532; x_wconf 84' lang='lat' dir='ltr'><strong>impete.]</strong></span> <span class='ocrx_word' id='word_1_438' title='bbox 1731 1483 1922 1520; x_wconf 79' lang='lat' dir='ltr'><strong>Praecessit</strong></span> <span class='ocrx_word' id='word_1_439' title='bbox 1952 1481 2093 1524; x_wconf 89' lang='lat' dir='ltr'><strong>modo,</strong></span> <span class='ocrx_word' id='word_1_440' title='bbox 2122 1490 2208 1517; x_wconf 82' lang='lat' dir='ltr'><strong>certo</strong></span> 
     </span>
     <span class='ocr_line' id='line_1_64' title="bbox 1170 1531 2209 1582; baseline -0.001 -14"><span class='ocrx_word' id='word_1_441' title='bbox 1170 1534 1358 1581; x_wconf 82' lang='lat' dir='ltr'><strong>contingere</strong></span> <span class='ocrx_word' id='word_1_442' title='bbox 1387 1533 1461 1569; x_wconf 88' lang='lat' dir='ltr'><strong>telo.</strong></span> <span class='ocrx_word' id='word_1_443' title='bbox 1489 1545 1611 1582; x_wconf 90' lang='lat' dir='ltr'><strong>neque</strong></span> <span class='ocrx_word' id='word_1_444' title='bbox 1641 1535 1820 1571; x_wconf 86' lang='lat' dir='ltr'><strong>convenit</strong></span> <span class='ocrx_word' id='word_1_445' title='bbox 1852 1533 2053 1581; x_wconf 86' lang='lat' dir='ltr'><strong>elegantiae</strong></span> <span class='ocrx_word' id='word_1_446' title='bbox 2078 1531 2209 1568; x_wconf 88' lang='lat' dir='ltr'><strong>Ovidii</strong></span> 
     </span>
     <span class='ocr_line' id='line_1_65' title="bbox 1167 1580 2211 1632; baseline -0.002 -12"><span class='ocrx_word' id='word_1_447' title='bbox 1167 1592 1241 1621; x_wconf 86' lang='lat' dir='ltr'><strong>tam</strong></span> <span class='ocrx_word' id='word_1_448' title='bbox 1261 1596 1373 1632; x_wconf 83' lang='lat' dir='ltr'><strong>parvo</strong></span> <span class='ocrx_word' id='word_1_449' title='bbox 1391 1584 1584 1621; x_wconf 89' lang='lat' dir='ltr'><strong>intervallo</strong></span> <span class='ocrx_word' id='word_1_450' title='bbox 1604 1583 1704 1622; x_wconf 90' lang='lat' dir='ltr'><strong>idem</strong></span> <span class='ocrx_word' id='word_1_451' title='bbox 1727 1585 1919 1632; x_wconf 87' lang='lat' dir='ltr'><strong>epitheton</strong></span> <span class='ocrx_word' id='word_1_452' title='bbox 1949 1592 2124 1631; x_wconf 89' lang='lat' dir='ltr'><strong>repetere.</strong></span> <span class='ocrx_word' id='word_1_453' title='bbox 2149 1580 2211 1618; x_wconf 82' lang='lat' dir='ltr'><strong>sed</strong></span> 
     </span>
     <span class='ocr_line' id='line_1_66' title="bbox 1166 1630 2212 1682; baseline -0.001 -11"><span class='ocrx_word' id='word_1_454' title='bbox 1166 1635 1257 1671; x_wconf 86' lang='lat' dir='ltr'><strong>haec</strong></span> <span class='ocrx_word' id='word_1_455' title='bbox 1278 1635 1527 1672; x_wconf 90' lang='lat' dir='ltr'><strong>Librariorum</strong></span> <span class='ocrx_word' id='word_1_456' title='bbox 1541 1662 1551 1678; x_wconf 94' lang='lat'>‚</span> <span class='ocrx_word' id='word_1_457' title='bbox 1579 1646 1657 1671; x_wconf 80' lang='lat' dir='ltr'><strong>non</strong></span> <span class='ocrx_word' id='word_1_458' title='bbox 1676 1635 1815 1672; x_wconf 80' lang='lat' dir='ltr'><strong>Poetae</strong></span> <span class='ocrx_word' id='word_1_459' title='bbox 1835 1635 1938 1682; x_wconf 87' lang='lat' dir='ltr'><strong>culpa</strong></span> <span class='ocrx_word' id='word_1_460' title='bbox 1952 1649 1962 1678; x_wconf 88' lang='lat'>;</span> <span class='ocrx_word' id='word_1_461' title='bbox 1976 1634 2013 1670; x_wconf 90' lang='lat' dir='ltr'><strong>in</strong></span> <span class='ocrx_word' id='word_1_462' title='bbox 2036 1630 2212 1670; x_wconf 84' lang='lat' dir='ltr'><strong>Leidenst</strong></span> 
     </span>
     <span class='ocr_line' id='line_1_67' title="bbox 1167 1683 2212 1734; baseline -0.003 -13"><span class='ocrx_word' id='word_1_463' title='bbox 1167 1697 1244 1722; x_wconf 90' lang='lat' dir='ltr'><strong>uno</strong></span> <span class='ocrx_word' id='word_1_464' title='bbox 1266 1686 1303 1722; x_wconf 65' lang='grc' dir='ltr'><strong>ὃς</strong></span> <span class='ocrx_word' id='word_1_465' title='bbox 1324 1685 1472 1723; x_wconf 86' lang='lat' dir='ltr'><strong>Sixiano</strong></span> <span class='ocrx_word' id='word_1_466' title='bbox 1495 1695 1570 1722; x_wconf 85' lang='lat' dir='ltr'><strong>erat</strong></span> <span class='ocrx_word' id='word_1_467' title='bbox 1593 1713 1602 1728; x_wconf 93' lang='lat'>‚</span> <span class='ocrx_word' id='word_1_468' title='bbox 1634 1685 1726 1731; x_wconf 85' lang='lat' dir='ltr'><strong>Vasto</strong></span> <span class='ocrx_word' id='word_1_469' title='bbox 1740 1683 1788 1733; x_wconf 80' lang='lat' dir='ltr'><strong>stc</strong></span> <span class='ocrx_word' id='word_1_470' title='bbox 1805 1685 1949 1734; x_wconf 79' lang='lat' dir='ltr'><strong>impete,</strong></span> <span class='ocrx_word' id='word_1_471' title='bbox 1977 1695 2063 1721; x_wconf 83' lang='lat' dir='ltr'><strong>vere</strong></span> <span class='ocrx_word' id='word_1_472' title='bbox 2086 1684 2123 1719; x_wconf 64' lang='grc' dir='ltr'><strong>ὃς</strong></span> <span class='ocrx_word' id='word_1_473' title='bbox 2146 1693 2212 1726; x_wconf 53' lang='lat' dir='ltr'><strong>ve-,</strong></span> 
     </span>
     <span class='ocr_line' id='line_1_68' title="bbox 1171 1735 1963 1784; baseline -0.001 -12"><span class='ocrx_word' id='word_1_474' title='bbox 1171 1736 1293 1780; x_wconf 79' lang='lat' dir='ltr'><strong>nuste,</strong></span> <span class='ocrx_word' id='word_1_475' title='bbox 1320 1735 1344 1772; x_wconf 88' lang='lat' dir='ltr'><strong>fi</strong></span> <span class='ocrx_word' id='word_1_476' title='bbox 1364 1735 1453 1784; x_wconf 91' lang='lat' dir='ltr'><strong>quid</strong></span> <span class='ocrx_word' id='word_1_477' title='bbox 1468 1736 1644 1784; x_wconf 87' lang='lat' dir='ltr'><strong>intelligo.</strong></span> <span class='ocrx_word' id='word_1_478' title='bbox 1671 1735 1719 1773; x_wconf 88' lang='lat' dir='ltr'><strong>fic</strong></span> <span class='ocrx_word' id='word_1_479' title='bbox 1735 1736 1796 1773; x_wconf 90' lang='lat' dir='ltr'><strong>lib.</strong></span> <span class='ocrx_word' id='word_1_480' title='bbox 1819 1748 1880 1773; x_wconf 84' lang='lat'><strong>111.</strong></span> <span class='ocrx_word' id='word_1_481' title='bbox 1905 1735 1963 1779; x_wconf 85' lang='lat'><strong>89.</strong></span> 
     </span>
    </p>

    <p class='ocr_par' dir='ltr' id='par_1_34' title="bbox 1172 1783 2186 1885">
     <span class='ocr_line' id='line_1_69' title="bbox 1223 1783 2186 1835; baseline 0 -13"><span class='ocrx_word' id='word_1_482' title='bbox 1223 1793 1345 1835; x_wconf 85' lang='lat' dir='ltr'><strong>Jmpete</strong></span> <span class='ocrx_word' id='word_1_483' title='bbox 1362 1799 1454 1822; x_wconf 87' lang='lat' dir='ltr'><strong>nunc</strong></span> <span class='ocrx_word' id='word_1_484' title='bbox 1473 1785 1587 1833; x_wconf 84' lang='lat' dir='ltr'><strong>vasto,</strong></span> <span class='ocrx_word' id='word_1_485' title='bbox 1619 1799 1676 1822; x_wconf 89' lang='lat' dir='ltr'><strong>ceu</strong></span> <span class='ocrx_word' id='word_1_486' title='bbox 1700 1786 1848 1823; x_wconf 85' lang='lat' dir='ltr'><strong>concitus</strong></span> <span class='ocrx_word' id='word_1_487' title='bbox 1869 1784 2039 1823; x_wconf 81' lang='lat' dir='ltr'><strong>imbribus</strong></span> <span class='ocrx_word' id='word_1_488' title='bbox 2057 1783 2186 1822; x_wconf 82' lang='lat' dir='ltr'><strong>amnis.</strong></span> 
     </span>
     <span class='ocr_line' id='line_1_70' title="bbox 1172 1837 1434 1885; baseline 0.004 -11"><span class='ocrx_word' id='word_1_489' title='bbox 1172 1837 1253 1874; x_wconf 85' lang='lat' dir='ltr'><strong>Lib.</strong></span> <span class='ocrx_word' id='word_1_490' title='bbox 1277 1850 1328 1874; x_wconf 82' lang='lat' dir='ltr'><strong>XI.</strong></span> <span class='ocrx_word' id='word_1_491' title='bbox 1352 1849 1434 1885; x_wconf 82' lang='lat'><strong>530.</strong></span> 
     </span>
    </p>

    <p class='ocr_par' dir='ltr' id='par_1_35' title="bbox 1171 1885 2127 1984">
     <span class='ocr_line' id='line_1_71' title="bbox 1223 1885 2127 1937; baseline -0.001 -13"><span class='ocrx_word' id='word_1_492' title='bbox 1223 1888 1353 1935; x_wconf 83' lang='lat' dir='ltr'><strong>Vastius</strong></span> <span class='ocrx_word' id='word_1_493' title='bbox 1371 1888 1546 1937; x_wconf 83' lang='lat' dir='ltr'><strong>insurgens</strong></span> <span class='ocrx_word' id='word_1_494' title='bbox 1565 1887 1715 1924; x_wconf 84' lang='lat' dir='ltr'><strong>decimae</strong></span> <span class='ocrx_word' id='word_1_495' title='bbox 1737 1886 1810 1924; x_wconf 85' lang='lat' dir='ltr'><strong>ruit</strong></span> <span class='ocrx_word' id='word_1_496' title='bbox 1829 1886 1976 1937; x_wconf 85' lang='lat' dir='ltr'><strong>impetus</strong></span> <span class='ocrx_word' id='word_1_497' title='bbox 2000 1885 2127 1925; x_wconf 81' lang='lat' dir='ltr'><strong>undae.</strong></span> 
     </span>
     <span class='ocr_line' id='line_1_72' title="bbox 1171 1938 1786 1984; baseline 0 -9"><span class='ocrx_word' id='word_1_498' title='bbox 1171 1938 1351 1976; x_wconf 86' lang='lat' dir='ltr'><strong>Horatius</strong></span> <span class='ocrx_word' id='word_1_499' title='bbox 1367 1938 1427 1975; x_wconf 92' lang='lat' dir='ltr'><strong>lib.</strong></span> <span class='ocrx_word' id='word_1_500' title='bbox 1444 1951 1496 1976; x_wconf 77' lang='grc' dir='ltr'><strong>ιν.</strong></span> <span class='ocrx_word' id='word_1_501' title='bbox 1523 1939 1598 1976; x_wconf 90' lang='lat' dir='ltr'><strong>Od.</strong></span> <span class='ocrx_word' id='word_1_502' title='bbox 1618 1952 1652 1984; x_wconf 81' lang='grc'><strong>4.</strong></span> <span class='ocrx_word' id='word_1_503' title='bbox 1782 1980 1786 1983; x_wconf 57' lang='grc'><em>,</em></span> 
     </span>
    </p>

    <p class='ocr_par' dir='ltr' id='par_1_36' title="bbox 1228 1987 1873 2036">
     <span class='ocr_line' id='line_1_73' title="bbox 1228 1987 1873 2036; baseline 0 -11"><span class='ocrx_word' id='word_1_504' title='bbox 1228 1995 1272 2025; x_wconf 82' lang='lat' dir='ltr'><strong>Ut</strong></span> <span class='ocrx_word' id='word_1_505' title='bbox 1289 1987 1516 2026; x_wconf 86' lang='lat' dir='ltr'><strong>barbarorum</strong></span> <span class='ocrx_word' id='word_1_506' title='bbox 1538 1988 1711 2025; x_wconf 80' lang='lat' dir='ltr'><strong>Claudius</strong></span> <span class='ocrx_word' id='word_1_507' title='bbox 1731 1988 1873 2036; x_wconf 78' lang='lat' dir='ltr'><strong>agmina</strong></span> 
     </span>
    </p>

    <p class='ocr_par' dir='ltr' id='par_1_37' title="bbox 1226 2039 1770 2088">
     <span class='ocr_line' id='line_1_74' title="bbox 1226 2039 1770 2088; baseline 0 -13"><span class='ocrx_word' id='word_1_508' title='bbox 1226 2046 1369 2082; x_wconf 80' lang='lat' dir='ltr'><strong>Ferrata</strong></span> <span class='ocrx_word' id='word_1_509' title='bbox 1389 2039 1482 2088; x_wconf 76' lang='lat' dir='ltr'><strong>vasto</strong></span> <span class='ocrx_word' id='word_1_510' title='bbox 1502 2039 1612 2076; x_wconf 85' lang='lat' dir='ltr'><strong>diruit</strong></span> <span class='ocrx_word' id='word_1_511' title='bbox 1630 2040 1770 2088; x_wconf 82' lang='lat' dir='ltr'><strong>impetu.</strong></span> 
     </span>
    </p>

    <p class='ocr_par' dir='ltr' id='par_1_38' title="bbox 1174 2090 2067 2189">
     <span class='ocr_line' id='line_1_75' title="bbox 1174 2090 1539 2139; baseline 0 -11"><span class='ocrx_word' id='word_1_512' title='bbox 1174 2090 1279 2129; x_wconf 89' lang='lat' dir='ltr'><strong>Silius</strong></span> <span class='ocrx_word' id='word_1_513' title='bbox 1297 2092 1357 2128; x_wconf 87' lang='lat' dir='ltr'><strong>lib.</strong></span> <span class='ocrx_word' id='word_1_514' title='bbox 1380 2103 1434 2128; x_wconf 87' lang='lat'><strong>11.</strong></span> <span class='ocrx_word' id='word_1_515' title='bbox 1457 2103 1539 2139; x_wconf 80' lang='lat'><strong>243.</strong></span> 
     </span>
     <span class='ocr_line' id='line_1_76' title="bbox 1426 2139 2067 2189; baseline -0.003 -12"><span class='ocrx_word' id='word_1_516' title='bbox 1426 2142 1489 2177; x_wconf 81' lang='lat' dir='ltr'><strong>Sed</strong></span> <span class='ocrx_word' id='word_1_517' title='bbox 1507 2150 1700 2178; x_wconf 86' lang='lat' dir='ltr'><strong>contortum</strong></span> <span class='ocrx_word' id='word_1_518' title='bbox 1717 2140 1812 2188; x_wconf 88' lang='lat' dir='ltr'><strong>prior</strong></span> <span class='ocrx_word' id='word_1_519' title='bbox 1832 2139 2067 2189; x_wconf 18' lang='lat' dir='ltr'><strong>impetevastoff</strong></span> 
     </span>
    </p>

    <p class='ocr_par' dir='ltr' id='par_1_39' title="bbox 1221 2189 1870 2240">
     <span class='ocr_line' id='line_1_77' title="bbox 1221 2189 1870 2240; baseline -0.002 -12"><span class='ocrx_word' id='word_1_520' title='bbox 1221 2193 1387 2229; x_wconf 83' lang='lat' dir='ltr'><strong>Daunius</strong></span> <span class='ocrx_word' id='word_1_521' title='bbox 1407 2191 1487 2230; x_wconf 86' lang='lat' dir='ltr'><strong>huic</strong></span> <span class='ocrx_word' id='word_1_522' title='bbox 1505 2191 1607 2229; x_wconf 84' lang='lat' dir='ltr'><strong>robur</strong></span> <span class='ocrx_word' id='word_1_523' title='bbox 1616 2190 1759 2239; x_wconf 79' lang='lat' dir='ltr'><strong>juvenis</strong></span> <span class='ocrx_word' id='word_1_524' title='bbox 1768 2189 1870 2240; x_wconf 85' lang='lat' dir='ltr'><strong>jacit.</strong></span> 
     </span>
    </p>

    <p class='ocr_par' dir='ltr' id='par_1_40' title="bbox 1174 2243 1922 2344">
     <span class='ocr_line' id='line_1_78' title="bbox 1174 2243 1581 2291; baseline -0.007 -9"><span class='ocrx_word' id='word_1_525' title='bbox 1174 2243 1306 2283; x_wconf 80' lang='lat' dir='ltr'><strong>Statius</strong></span> <span class='ocrx_word' id='word_1_526' title='bbox 1326 2244 1386 2282; x_wconf 84' lang='lat' dir='ltr'><strong>lib.</strong></span> <span class='ocrx_word' id='word_1_527' title='bbox 1406 2255 1477 2281; x_wconf 82' lang='lat' dir='ltr'><strong>vn.</strong></span> <span class='ocrx_word' id='word_1_528' title='bbox 1499 2243 1581 2291; x_wconf 79' lang='lat'><strong>585.</strong></span> 
     </span>
     <span class='ocr_line' id='line_1_79' title="bbox 1428 2290 1922 2344; baseline -0.008 -13"><span class='ocrx_word' id='word_1_529' title='bbox 1428 2294 1674 2344; x_wconf 79' lang='lat' dir='ltr'><strong>Aurigamque</strong></span> <span class='ocrx_word' id='word_1_530' title='bbox 1688 2292 1808 2342; x_wconf 86' lang='lat' dir='ltr'><strong>impete</strong></span> <span class='ocrx_word' id='word_1_531' title='bbox 1828 2290 1922 2338; x_wconf 85' lang='lat' dir='ltr'><strong>vasto</strong></span> 
     </span>
    </p>

    <p class='ocr_par' dir='ltr' id='par_1_41' title="bbox 1224 2345 1436 2395">
     <span class='ocr_line' id='line_1_80' title="bbox 1224 2345 1436 2395; baseline 0.005 -13"><span class='ocrx_word' id='word_1_532' title='bbox 1224 2345 1436 2395; x_wconf 79' lang='lat' dir='ltr'><strong>corripiunt.</strong></span> 
     </span>
    </p>

    <p class='ocr_par' dir='ltr' id='par_1_42' title="bbox 1173 2390 2220 2683">
     <span class='ocr_line' id='line_1_81' title="bbox 1173 2390 2216 2440; baseline -0.006 -6"><span class='ocrx_word' id='word_1_533' title='bbox 1173 2397 1221 2434; x_wconf 89' lang='lat' dir='ltr'><strong>Et</strong></span> <span class='ocrx_word' id='word_1_534' title='bbox 1249 2396 1383 2434; x_wconf 89' lang='lat' dir='ltr'><strong>eodem</strong></span> <span class='ocrx_word' id='word_1_535' title='bbox 1422 2395 1540 2433; x_wconf 90' lang='lat' dir='ltr'><strong>modo</strong></span> <span class='ocrx_word' id='word_1_536' title='bbox 1570 2394 1669 2440; x_wconf 86' lang='lat' dir='ltr'><strong>vasta</strong></span> <span class='ocrx_word' id='word_1_537' title='bbox 1702 2392 1865 2431; x_wconf 78' lang='lat' dir='ltr'><strong>Leonibus</strong></span> <span class='ocrx_word' id='word_1_538' title='bbox 1893 2391 1950 2429; x_wconf 84' lang='lat' dir='ltr'><strong>ira</strong></span> <span class='ocrx_word' id='word_1_539' title='bbox 1987 2392 2070 2430; x_wconf 90' lang='lat' dir='ltr'><strong>infr.</strong></span> <span class='ocrx_word' id='word_1_540' title='bbox 2102 2390 2161 2429; x_wconf 89' lang='lat' dir='ltr'><strong>lib.</strong></span> <span class='ocrx_word' id='word_1_541' title='bbox 2181 2404 2216 2429; x_wconf 82' lang='lat' dir='ltr'><strong>x.</strong></span> 
     </span>
     <span class='ocr_line' id='line_1_82' title="bbox 1174 2442 2218 2494; baseline -0.003 -12"><span class='ocrx_word' id='word_1_542' title='bbox 1174 2459 1256 2494; x_wconf 78' lang='lat'><strong>551·</strong></span> <span class='ocrx_word' id='word_1_543' title='bbox 1286 2446 1375 2492; x_wconf 81' lang='lat' dir='ltr'><strong>Vasti</strong></span> <span class='ocrx_word' id='word_1_544' title='bbox 1396 2446 1483 2481; x_wconf 67' lang='lat' dir='ltr'><strong>ictus</strong></span> <span class='ocrx_word' id='word_1_545' title='bbox 1505 2445 1627 2481; x_wconf 78' lang='lat' dir='ltr'><strong>Valet.</strong></span> <span class='ocrx_word' id='word_1_546' title='bbox 1650 2444 1744 2480; x_wconf 72' lang='lat' dir='ltr'><strong>Flac.</strong></span> <span class='ocrx_word' id='word_1_547' title='bbox 1764 2456 1807 2490; x_wconf 67' lang='lat' dir='ltr'><strong>li.</strong></span> <span class='ocrx_word' id='word_1_548' title='bbox 1834 2454 1915 2492; x_wconf 77' lang='lat'><strong>534.</strong></span> <span class='ocrx_word' id='word_1_549' title='bbox 1943 2444 1981 2480; x_wconf 87' lang='lat'>&amp;</span> <span class='ocrx_word' id='word_1_550' title='bbox 2001 2442 2140 2480; x_wconf 86' lang='lat' dir='ltr'><strong>Gellius</strong></span> <span class='ocrx_word' id='word_1_551' title='bbox 2157 2442 2218 2480; x_wconf 88' lang='lat' dir='ltr'><strong>lib.</strong></span> 
     </span>
     <span class='ocr_line' id='line_1_83' title="bbox 1174 2492 2219 2542; baseline -0.004 -11"><span class='ocrx_word' id='word_1_552' title='bbox 1174 2507 1219 2532; x_wconf 91' lang='lat'><strong>11.</strong></span> <span class='ocrx_word' id='word_1_553' title='bbox 1238 2507 1315 2542; x_wconf 85' lang='lat' dir='ltr'><strong>cap.</strong></span> <span class='ocrx_word' id='word_1_554' title='bbox 1345 2496 1381 2531; x_wconf 88' lang='lat'><strong>6.</strong></span> <span class='ocrx_word' id='word_1_555' title='bbox 1407 2497 1444 2531; x_wconf 89' lang='lat'>&amp;</span> <span class='ocrx_word' id='word_1_556' title='bbox 1457 2506 1500 2530; x_wconf 78' lang='lat' dir='ltr'><strong>ex</strong></span> <span class='ocrx_word' id='word_1_557' title='bbox 1522 2506 1568 2530; x_wconf 95' lang='lat' dir='ltr'><strong>eo</strong></span> <span class='ocrx_word' id='word_1_558' title='bbox 1590 2495 1800 2530; x_wconf 87' lang='lat' dir='ltr'><strong>Macrobius</strong></span> <span class='ocrx_word' id='word_1_559' title='bbox 1813 2505 1864 2530; x_wconf 79' lang='lat' dir='ltr'><strong>vi.</strong></span> <span class='ocrx_word' id='word_1_560' title='bbox 1887 2505 1919 2539; x_wconf 86' lang='lat'><strong>7.</strong></span> <span class='ocrx_word' id='word_1_561' title='bbox 1934 2499 2062 2530; x_wconf 85' lang='lat' dir='ltr'><strong>Vexare</strong></span> <span class='ocrx_word' id='word_1_562' title='bbox 2075 2520 2085 2537; x_wconf 96' lang='lat'><strong>,</strong></span> <span class='ocrx_word' id='word_1_563' title='bbox 2107 2492 2148 2529; x_wconf 83' lang='lat' dir='ltr'><strong>vi</strong></span> <span class='ocrx_word' id='word_1_564' title='bbox 2162 2502 2219 2528; x_wconf 82' lang='lat' dir='ltr'><strong>at-</strong></span> 
     </span>
     <span class='ocr_line' id='line_1_84' title="bbox 1173 2542 2219 2595; baseline -0.002 -15"><span class='ocrx_word' id='word_1_565' title='bbox 1173 2559 1238 2595; x_wconf 79' lang='lat' dir='ltr'><strong>que</strong></span> <span class='ocrx_word' id='word_1_566' title='bbox 1259 2555 1355 2580; x_wconf 85' lang='lat' dir='ltr'><strong>motu</strong></span> <span class='ocrx_word' id='word_1_567' title='bbox 1366 2543 1586 2594; x_wconf 80' lang='lat' dir='ltr'><strong>proculdubio</strong></span> <span class='ocrx_word' id='word_1_568' title='bbox 1604 2544 1748 2592; x_wconf 86' lang='lat' dir='ltr'><strong>vastiore</strong></span> <span class='ocrx_word' id='word_1_569' title='bbox 1769 2543 1833 2588; x_wconf 79' lang='lat' dir='ltr'><strong>est,</strong></span> <span class='ocrx_word' id='word_1_570' title='bbox 1846 2552 1886 2581; x_wconf 72' lang='lat' dir='ltr'><strong>ut</strong></span> <span class='ocrx_word' id='word_1_571' title='bbox 1906 2544 2004 2581; x_wconf 70' lang='lat' dir='ltr'><strong>re&lt;f³oe</strong></span> <span class='ocrx_word' id='word_1_572' title='bbox 2024 2542 2219 2585; x_wconf 72' lang='lat' dir='ltr'><strong>viridocsti,</strong></span> 
     </span>
     <span class='ocr_line' id='line_1_85' title="bbox 1175 2593 2220 2644; baseline -0.002 -12"><span class='ocrx_word' id='word_1_573' title='bbox 1175 2607 1253 2632; x_wconf 86' lang='lat' dir='ltr'><strong>non</strong></span> <span class='ocrx_word' id='word_1_574' title='bbox 1292 2594 1553 2632; x_wconf 75' lang='lat' dir='ltr'><strong>vehementiore.</strong></span> <span class='ocrx_word' id='word_1_575' title='bbox 1598 2596 1636 2632; x_wconf 74' lang='grc' dir='ltr'><strong>δε</strong></span> <span class='ocrx_word' id='word_1_576' title='bbox 1670 2596 1720 2633; x_wconf 82' lang='lat' dir='ltr'><strong>ita</strong></span> <span class='ocrx_word' id='word_1_577' title='bbox 1745 2594 1873 2644; x_wconf 87' lang='lat' dir='ltr'><strong>paffim</strong></span> <span class='ocrx_word' id='word_1_578' title='bbox 1906 2594 2037 2633; x_wconf 87' lang='lat' dir='ltr'><strong>Noster</strong></span> <span class='ocrx_word' id='word_1_579' title='bbox 2065 2594 2105 2630; x_wconf 67' lang='grc' dir='ltr'><strong>ὃς</strong></span> <span class='ocrx_word' id='word_1_580' title='bbox 2148 2593 2220 2630; x_wconf 88' lang='lat' dir='ltr'><strong>alii.</strong></span> 
     </span>
     <span class='ocr_line' id='line_1_86' title="bbox 1175 2645 1389 2683; baseline 0 -1"><span class='ocrx_word' id='word_1_581' title='bbox 1175 2645 1389 2683; x_wconf 64' lang='lat' dir='ltr'><strong>BuRMANN.</strong></span> 
     </span>
    </p>

    <p class='ocr_par' dir='ltr' id='par_1_43' title="bbox 1226 2696 2006 2746">
     <span class='ocr_line' id='line_1_87' title="bbox 1226 2696 2006 2746; baseline 0.001 -13"><span class='ocrx_word' id='word_1_582' title='bbox 1226 2697 1308 2746; x_wconf 80' lang='lat'><strong>362.</strong></span> <span class='ocrx_word' id='word_1_583' title='bbox 1334 2701 1390 2733; x_wconf 92' lang='lat' dir='ltr'><strong>At</strong></span> <span class='ocrx_word' id='word_1_584' title='bbox 1409 2696 1516 2746; x_wconf 64' lang='lat' dir='ltr'><strong>nom]</strong></span> <span class='ocrx_word' id='word_1_585' title='bbox 1544 2697 1663 2738; x_wconf 89' lang='lat' dir='ltr'><strong>Puto,</strong></span> <span class='ocrx_word' id='word_1_586' title='bbox 1689 2700 1746 2732; x_wconf 90' lang='lat' dir='ltr'><strong>At</strong></span> <span class='ocrx_word' id='word_1_587' title='bbox 1763 2708 1832 2733; x_wconf 84' lang='lat' dir='ltr'><strong>nec.</strong></span> <span class='ocrx_word' id='word_1_588' title='bbox 1860 2696 2006 2734; x_wconf 68' lang='lat' dir='ltr'><strong>HEms.</strong></span> 
     </span>
    </p>

    <p class='ocr_par' dir='ltr' id='par_1_44' title="bbox 1177 2743 2219 2898">
     <span class='ocr_line' id='line_1_88' title="bbox 1227 2743 2219 2797; baseline -0.002 -13"><span class='ocrx_word' id='word_1_589' title='bbox 1227 2749 1309 2796; x_wconf 83' lang='lat'><strong>364</strong></span> <span class='ocrx_word' id='word_1_590' title='bbox 1337 2747 1500 2796; x_wconf 71' lang='lat' dir='ltr'><strong>Succifh.]</strong></span> <span class='ocrx_word' id='word_1_591' title='bbox 1533 2747 1622 2785; x_wconf 88' lang='lat' dir='ltr'><strong>Sixii</strong></span> <span class='ocrx_word' id='word_1_592' title='bbox 1643 2747 1958 2785; x_wconf 82' lang='lat' dir='ltr'><strong>&amp;Gronovianus</strong></span> <span class='ocrx_word' id='word_1_593' title='bbox 1976 2746 2102 2784; x_wconf 87' lang='lat' dir='ltr'><strong>tertius</strong></span> <span class='ocrx_word' id='word_1_594' title='bbox 2117 2773 2127 2788; x_wconf 91' lang='lat'>‚</span> <span class='ocrx_word' id='word_1_595' title='bbox 2143 2743 2219 2797; x_wconf 73' lang='lat' dir='ltr'><strong>suc-</strong></span> 
     </span>
     <span class='ocr_line' id='line_1_89' title="bbox 1177 2793 2218 2845; baseline -0.007 -11"><span class='ocrx_word' id='word_1_596' title='bbox 1177 2799 1294 2835; x_wconf 84' lang='lat' dir='ltr'><strong>ciduo:</strong></span> <span class='ocrx_word' id='word_1_597' title='bbox 1311 2799 1348 2835; x_wconf 84' lang='lat'>&amp;</span> <span class='ocrx_word' id='word_1_598' title='bbox 1367 2798 1440 2835; x_wconf 89' lang='lat' dir='ltr'><strong>hoc</strong></span> <span class='ocrx_word' id='word_1_599' title='bbox 1461 2798 1552 2836; x_wconf 91' lang='lat' dir='ltr'><strong>olim</strong></span> <span class='ocrx_word' id='word_1_600' title='bbox 1574 2797 1789 2845; x_wconf 85' lang='lat' dir='ltr'><strong>probaverat</strong></span> <span class='ocrx_word' id='word_1_601' title='bbox 1819 2798 1991 2837; x_wconf 82' lang='lat' dir='ltr'><strong>Heinfius</strong></span> <span class='ocrx_word' id='word_1_602' title='bbox 2010 2826 2022 2844; x_wconf 93' lang='lat'>‚</span> <span class='ocrx_word' id='word_1_603' title='bbox 2060 2793 2218 2834; x_wconf 64' lang='lat' dir='ltr'><strong>adductis</strong></span> 
     </span>
     <span class='ocr_line' id='line_1_90' title="bbox 1177 2847 1942 2898; baseline 0.001 -12"><span class='ocrx_word' id='word_1_604' title='bbox 1177 2848 1268 2887; x_wconf 83' lang='lat' dir='ltr'><strong>locis</strong></span> <span class='ocrx_word' id='word_1_605' title='bbox 1287 2848 1498 2898; x_wconf 87' lang='lat' dir='ltr'><strong>quibusdam</strong></span> <span class='ocrx_word' id='word_1_606' title='bbox 1528 2847 1627 2894; x_wconf 89' lang='lat' dir='ltr'><strong>aliis,</strong></span> <span class='ocrx_word' id='word_1_607' title='bbox 1656 2857 1696 2885; x_wconf 92' lang='lat' dir='ltr'><strong>ut</strong></span> <span class='ocrx_word' id='word_1_608' title='bbox 1714 2848 1779 2885; x_wconf 87' lang='lat' dir='ltr'><strong>inf.</strong></span> <span class='ocrx_word' id='word_1_609' title='bbox 1802 2861 1834 2886; x_wconf 86' lang='lat' dir='ltr'><strong>x.</strong></span> <span class='ocrx_word' id='word_1_610' title='bbox 1856 2849 1942 2896; x_wconf 81' lang='lat'><strong>458.</strong></span> 
     </span>
    </p>
   </div>
   <div class='ocr_carea' id='block_1_26' title="bbox 1181 2913 2169 3317">
    <p class='ocr_par' dir='ltr' id='par_1_45' title="bbox 1181 2913 2169 3317">
     <span class='ocr_line' id='line_1_91' title="bbox 1781 2913 1914 2950; baseline 0 0"><span class='ocrx_word' id='word_1_611' title='bbox 1781 2918 1838 2950; x_wconf 85' lang='lat' dir='ltr'><strong>At</strong></span> <span class='ocrx_word' id='word_1_612' title='bbox 1857 2913 1914 2950; x_wconf 80' lang='lat' dir='ltr'><strong>illi</strong></span> 
     </span>
     <span class='ocr_line' id='line_1_92' title="bbox 1199 2965 1890 3017; baseline -0.007 -12"><span class='ocrx_word' id='word_1_613' title='bbox 1199 2988 1201 2990; x_wconf 92' lang='lat'>·</span> <span class='ocrx_word' id='word_1_614' title='bbox 1230 2968 1357 3017; x_wconf 83' lang='lat' dir='ltr'><strong>Poplite</strong></span> <span class='ocrx_word' id='word_1_615' title='bbox 1367 2967 1530 3016; x_wconf 57' lang='lat' dir='ltr'><strong>flacciduo</strong></span> <span class='ocrx_word' id='word_1_616' title='bbox 1545 2979 1656 3015; x_wconf 83' lang='lat' dir='ltr'><strong>genua</strong></span> <span class='ocrx_word' id='word_1_617' title='bbox 1672 2965 1890 3002; x_wconf 75' lang='lat' dir='ltr'><strong>intremuere.</strong></span> 
     </span>
     <span class='ocr_line' id='line_1_93' title="bbox 1181 3018 1842 3067; baseline -0.014 -9"><span class='ocrx_word' id='word_1_618' title='bbox 1181 3019 1228 3058; x_wconf 84' lang='lat' dir='ltr'><strong>Et</strong></span> <span class='ocrx_word' id='word_1_619' title='bbox 1257 3020 1405 3067; x_wconf 87' lang='lat' dir='ltr'><strong>Epistol.</strong></span> <span class='ocrx_word' id='word_1_620' title='bbox 1428 3018 1655 3056; x_wconf 83' lang='lat' dir='ltr'><strong>Laodamiae</strong></span> <span class='ocrx_word' id='word_1_621' title='bbox 1677 3027 1764 3053; x_wconf 80' lang='lat' dir='ltr'><strong>xm.</strong></span> <span class='ocrx_word' id='word_1_622' title='bbox 1785 3026 1842 3060; x_wconf 83' lang='lat'><strong>24.</strong></span> 
     </span>
     <span class='ocr_line' id='line_1_94' title="bbox 1232 3067 1847 3118; baseline -0.007 -12"><span class='ocrx_word' id='word_1_623' title='bbox 1232 3070 1394 3107; x_wconf 83' lang='lat' dir='ltr'><strong>Succiduo</strong></span> <span class='ocrx_word' id='word_1_624' title='bbox 1415 3069 1508 3105; x_wconf 86' lang='lat' dir='ltr'><strong>dicor</strong></span> <span class='ocrx_word' id='word_1_625' title='bbox 1527 3067 1730 3118; x_wconf 76' lang='lat' dir='ltr'><strong>procubuzffe</strong></span> <span class='ocrx_word' id='word_1_626' title='bbox 1745 3076 1847 3113; x_wconf 79' lang='lat' dir='ltr'><strong>genu.</strong></span> 
     </span>
     <span class='ocr_line' id='line_1_95' title="bbox 1182 3121 2169 3167; baseline -0.012 -7"><span class='ocrx_word' id='word_1_627' title='bbox 1182 3122 1229 3160; x_wconf 78' lang='lat' dir='ltr'><strong>Et</strong></span> <span class='ocrx_word' id='word_1_628' title='bbox 1251 3121 1338 3158; x_wconf 85' lang='lat' dir='ltr'><strong>Stat.</strong></span> <span class='ocrx_word' id='word_1_629' title='bbox 1358 3121 1543 3157; x_wconf 87' lang='lat' dir='ltr'><strong>Theb.1v.</strong></span> <span class='ocrx_word' id='word_1_630' title='bbox 1560 3131 1639 3167; x_wconf 72' lang='lat'><strong>324.</strong></span> <span class='ocrx_word' id='word_1_631' title='bbox 2164 3161 2169 3166; x_wconf 21' lang='grc' dir='ltr'><strong>ι</strong></span> 
     </span>
     <span class='ocr_line' id='line_1_96' title="bbox 1236 3160 2167 3220; baseline -0.011 -12"><span class='ocrx_word' id='word_1_632' title='bbox 1236 3170 1362 3220; x_wconf 83' lang='lat' dir='ltr'><strong>Poplite</strong></span> <span class='ocrx_word' id='word_1_633' title='bbox 1372 3170 1533 3218; x_wconf 81' lang='lat' dir='ltr'><strong>succiduo</strong></span> <span class='ocrx_word' id='word_1_634' title='bbox 1553 3166 1747 3215; x_wconf 78' lang='lat' dir='ltr'><strong>resupinum</strong></span> <span class='ocrx_word' id='word_1_635' title='bbox 1764 3193 1774 3208; x_wconf 93' lang='lat'><strong>,</strong></span> <span class='ocrx_word' id='word_1_636' title='bbox 1801 3175 1841 3201; x_wconf 88' lang='lat' dir='ltr'><strong>ac</strong></span> <span class='ocrx_word' id='word_1_637' title='bbox 1853 3172 1961 3213; x_wconf 82' lang='lat' dir='ltr'><strong>paene</strong></span> <span class='ocrx_word' id='word_1_638' title='bbox 1980 3160 2167 3200; x_wconf 67' lang='lat' dir='ltr'><strong>cadentem.</strong></span> 
     </span>
     <span class='ocr_line' id='line_1_97' title="bbox 1188 3218 1716 3261; baseline -0.015 -1"><span class='ocrx_word' id='word_1_639' title='bbox 1188 3224 1312 3261; x_wconf 88' lang='lat' dir='ltr'><strong>Sever.</strong></span> <span class='ocrx_word' id='word_1_640' title='bbox 1333 3222 1494 3256; x_wconf 84' lang='lat' dir='ltr'><strong>carmine</strong></span> <span class='ocrx_word' id='word_1_641' title='bbox 1518 3218 1716 3254; x_wconf 78' lang='lat' dir='ltr'><strong>Bucolico:</strong></span> 
     </span>
     <span class='ocr_line' id='line_1_98' title="bbox 1240 3266 1810 3317; baseline -0.007 -11"><span class='ocrx_word' id='word_1_642' title='bbox 1240 3275 1348 3308; x_wconf 84' lang='lat' dir='ltr'><strong>Errat</strong></span> <span class='ocrx_word' id='word_1_643' title='bbox 1356 3268 1517 3317; x_wconf 73' lang='lat' dir='ltr'><strong>succiduo</strong></span> <span class='ocrx_word' id='word_1_644' title='bbox 1537 3266 1661 3305; x_wconf 87' lang='lat' dir='ltr'><strong>bucula</strong></span> <span class='ocrx_word' id='word_1_645' title='bbox 1679 3266 1810 3314; x_wconf 82' lang='lat' dir='ltr'><strong>poplite.</strong></span> 
     </span>
    </p>
   </div>
   <div class='ocr_carea' id='block_1_27' title="bbox 1678 3328 2236 3370">
    <p class='ocr_par' dir='ltr' id='par_1_46' title="bbox 1678 3328 2236 3370">
     <span class='ocr_line' id='line_1_99' title="bbox 1678 3328 2236 3370; baseline 0.002 -2"><span class='ocrx_word' id='word_1_646' title='bbox 1678 3330 1805 3368; x_wconf 87' lang='lat' dir='ltr'><strong>Eeee</strong></span> <span class='ocrx_word' id='word_1_647' title='bbox 2165 3328 2236 3370; x_wconf 85' lang='lat' dir='ltr'><strong>Sed</strong></span> 
     </span>
    </p>
   </div>
  </div>
 </body>
</html>
