2483 3616
274 181 1515 247 METAMORPHOSEON
1589 185 1731 240 L113.

1807 189 1941 248 vm.
2095 210 2186 268 571.

346 303 524 373 Hujus
549 315 711 371 opem
736 300 938 371 magnis
966 300 1318 372 imploravere
1349 298 1586 370 periclis:

201 394 304 444 270
339 374 517 442 Hujus
546 389 705 444 opem
732 372 1008 444 Calydon,
1046 372 1287 445 quamvis
1313 371 1634 443 Meleagron
1657 371 1904 438 haberet,

347 446 583 500 Sollicita
610 445 825 516 supplex
847 446 1001 517 petiit
1028 462 1204 515 prece.
1245 442 1412 498 cauffa
1436 444 1658 516 petendi

343 518 440 572 Sus
464 530 604 582 erat,
641 517 857 572 infestae
881 517 1108 573 famulus
1139 517 1445 588 vindexque
1473 516 1693 572 Dianae.

338 589 525 644 Oenea
550 608 780 662 namque
807 591 1017 653 ferunt,
1056 590 1201 662 pleni
1225 586 1540 643 successibus
1567 590 1722 654 anni,

337 661 629 727 primitias,
669 662 878 735 frugem
904 663 1126 723 Cereri,
1167 664 1250 716 sua
1275 661 1394 715 vina
1420 660 1635 733 Lyae0‚

192 754 293 805 275
329 735 591 790 Palladios
617 735 786 790 flavae
816 735 994 789 latices
1021 734 1196 789 libaffe
1225 733 1518 788 Minervae.

334 807 577 880 Coeptus
601 809 664 863 ab
689 808 932 880 agricolis
955 808 1184 878 Superos
1208 807 1451 878 pervenit
1479 806 1547 861 ad
1575 825 1760 864 omnes

340 881 633 935 Invidiosus
661 881 859 935 honos:
900 880 1030 934 solas
1056 879 1161 933 sine
1191 894 1309 933 ture
1349 878 1553 934 relictas

332 954 659 1008 Praeteritae
684 951 890 1007 cefl'asse
930 951 1107 1006 ferunt
1134 951 1404 1006 Letoidos
1429 971 1552 1006 aras,

335 1025 542 1098 Tangit
569 1027 623 1080 ὃς
648 1027 724 1080 ira
750 1026 912 1078 Deos,
956 1027 1031 1077 At
1058 1041 1167 1077 non
1191 1023 1408 1095 impune
1433 1023 1695 1087 feremus;

191 1096 297 1152 280
334 1099 598 1171 Quaeque
622 1098 996 1158 inhonoratae‚
1036 1113 1143 1148 non
1172 1095 1223 1148 ἃ
1267 1096 1509 1149 dicemur
1533 1097 1760 1161 inultae3

331 1172 531 1243 Inquit:
559 1171 612 1223 &
628 1173 844 1224 Oeneos
869 1169 1099 1223 ultorem
1125 1169 1295 1239 spreta
1318 1185 1414 1240 per
1437 1185 1589 1239 agros

334 1243 482 1300 Misit
510 1260 722 1316 aprum:
765 1256 967 1316 quanto
994 1242 1217 1313 majores
1241 1240 1461 1296 herbida
1487 1257 1663 1300 tauros

1 1450 3 1482 l
45 1449 183 1488 Dianae
203 1447 416 1500 contempsit:
446 1456 583 1501 Propter
606 1450 696 1501 quod
716 1449 829 1487 nimia
848 1448 1086 1498 indignatione

2 1514 3 1533 ι
44 1501 198 1551 oppressus
221 1531 231 1547 ,
271 1513 311 1538 ut
342 1501 521 1539 videretur
552 1515 665 1538 omnes
681 1501 908 1551 placaturus,
925 1499 961 1548 fi
984 1499 1085 1536 illam

1 1569 3 1588 l
45 1551 208 1601 adorasset
221 1581 231 1597 ,
258 1564 301 1592 ω’
320 1560 443 1599 aprum
464 1553 717 1602 magnitudinis
730 1552 891 1598 summae
919 1552 957 1587 in
984 1551 1086 1599 regio-

1 1620 3 1638 l
46 1615 126 1639 nem
148 1603 218 1650 ejus
245 1600 410 1650 immisit.-
440 1606 525 1652 qui,
551 1603 698 1649 vastatis
725 1602 882 1650 gentibus
898 1630 907 1644 ,
937 1601 1087 1649 Calydo-

2 1653 3 1675 ἲ
47 1652 126 1689 nius
152 1651 195 1688 ab
222 1652 303 1689 urbe
334 1652 522 1701 appellatus
552 1653 594 1700 est
618 1669 629 1690 .·
659 1653 768 1702 Cujus
786 1652 929 1696 feritate
958 1658 1087 1688 Oeneus

2 1712 3 1741 l
38 1703 200 1749 fractus,
228 1703 376 1740 edibiam
408 1704 478 1739 tale
506 1703 695 1753 preposuit,
723 1713 762 1740 ut
788 1703 972 1740 dimidiam
995 1703 1087 1750 regni

2 1745 4 1786 l
41 1760 177 1801 partem
197 1762 324 1802 caperet
344 1781 353 1797 ,
383 1753 443 1804 qui
462 1755 651 1801 monstrum
674 1754 899 1802 interemisset.
955 1754 1086 1789 Melea-

2 1797 4 1859 }
41 1803 96 1852 gri
118 1803 235 1839 virtus
249 1804 440 1853 periculum
460 1817 527 1841 non
548 1805 703 1853 expavit.
757 1804 932 1853 ⁴Siquidem
952 1804 1022 1852 ejus
1037 1802 1085 1850 fi-

2 1863 4 1899 i
58 1852 112 1890 ius
133 1854 285 1903 undique
305 1856 531 1903 juventutem
555 1855 727 1892 collectam
750 1855 798 1891 ad
818 1855 920 1891 illam
934 1855 1018 1891 novi
1030 1868 1086 1902 ge·

2 1902 4 1962 l
48 1903 136 1941 neris
156 1905 400 1954 expeditionem
417 1906 581 1943 vocavit:
605 1913 697 1942 Inter
717 1918 797 1954 quos
812 1906 991 1942 Atalanta
1010 1919 1086 1941 con-

2 1967 4 2004 ζ
48 1954 148 1991 venit
170 1953 359 2003 Iafiifilia,
379 1957 526 2004 fismma
553 1957 721 1993 venatrix
736 1985 746 2000 ,
774 1970 861 2006 quae
879 1956 916 1992 in
936 1956 1089 2004 saltibus

2 2019 4 2030 ι
43 2004 261 2054 praediolum
288 2015 410 2053 aprum
430 2007 562 2055 sagitta
587 2017 646 2056 per
673 2007 749 2044 vim
775 2008 891 2056 prima
922 2006 1089 2056 percuffit.

2 2063 3 2069 ¹
50 2055 166 2102 Postea
202 2056 366 2103 Meleager
389 2057 428 2093 in
447 2062 485 2104 se
503 2058 698 2094 venientem
720 2059 837 2104 feram
858 2059 1004 2106 excepit,
1033 2058 1090 2093 in-

48 2105 250 2154 teremitque
262 2134 270 2148 ‚
284 2117 327 2144 <9⁰
343 2117 464 2154 gratus
480 2108 647 2156 adversus
662 2108 816 2158 puellam
827 2109 990 2154 futurus,
1003 2121 1090 2157 quae

2 2174 4 2205 ς
51 2154 143 2190 inter
161 2155 253 2190 viros
261 2157 405 2203 successu
426 2158 571 2194 virtutis
595 2160 767 2195 enituerat
783 2188 791 2202 ‚
815 2159 935 2207 pellem
951 2159 1090 2205 monstri

3 2227 4 2253 3
49 2203 146 2240 illius
167 2217 244 2240 cum
264 2207 369 2253 capite
395 2207 488 2243 dedit
521 2209 567 2244 ad
586 2209 816 2257 testimenium
844 2208 961 2246 laudis
984 2226 994 2246 .·
1026 2210 1091 2257 sed

3 2267 5 2310 }
53 2267 183 2310 munus
196 2258 375 2304 peracium
386 2258 597 2303 fortitudine
627 2260 768 2296 invidia
792 2260 958 2309 prodidit.
1011 2260 1090 2297 Ple-

3 2311 4 2330 *
53 2314 172 2353 xtppus
196 2318 346 2354 namque
368 2319 410 2345 ω’
429 2311 566 2355 Agenor
587 2310 753 2358 Meleagri
778 2311 970 2356 avunculi,
995 2311 1089 2348 indi-

49 2355 149 2404 gnati
163 2356 250 2404 sunt
266 2355 326 2400 (ibi
339 2357 535 2406 praelatam
547 2361 648 2408 fuiſje
671 2361 839 2409 Virginem
853 2390 861 2405 ‚
889 2374 1018 2402 &eam
1032 2363 1090 2399 do-

50 2406 321 2455 nospoliarunt;
351 2421 419 2457 qua
447 2409 634 2446 conditione
652 2412 738 2456 fata
756 2410 822 2458 sibi
853 2423 1089 2450 matura-cere.

55 2455 97 2492 Id
115 2457 206 2493 enim
228 2458 430 2505 indignatus
441 2458 633 2507 Meleager,
661 2461 957 2509 consanguinitate
980 2463 1090 2499 caela-

4 2541 5 2553 ,
53 2515 92 2543 ta
122 2507 247 2544 matris
267 2512 353 2556 suae
371 2512 527 2555 fratrem
547 2510 747 2559 Plexippum
780 2512 924 2555 occidit,
959 2511 1089 2562 filiique

4 2564 5 2611 l
55 2558 177 2594 matris
188 2557 348 2607 affefflum
371 2559 521 2606 abstulit.
576 2561 711 2597 Althea
724 2558 895 2611 siquidem
913 2562 998 2598 dum
1003 2564 1088 2614 sae-

53 2608 109 2644 vit
131 2608 257 2646 ultione
282 2624 526 2659 germanorum
547 2639 556 2652 ,
594 2613 777 2655 titionem,
813 2626 914 2660 quem
940 2612 1089 2649 habebat

4 2683 5 2692 i
52 2659 241 2704 occultum,
269 2662 329 2711 qui
349 2690 358 2705 ‚
395 2675 471 2698 cum
499 2661 666 2710 Meleager
696 2667 888 2709 nasceretur
912 2663 949 2699 in
977 2664 1088 2711 regia,

4 2712 5 2720 ¹
47 2708 158 2757 subito
176 2712 327 2748 traditus
346 2713 417 2757 suit
439 2712 463 2748 a
484 2714 623 2758 Parcis,
652 2723 691 2749 ut
703 2714 846 2760 juvenis
868 2725 942 2749 tam
961 2714 1022 2750 diu
1033 2715 1088 2750 vi-

4 2767 5 2770 ’
53 2770 145 2797 voret
162 2789 171 2805 ,
200 2764 312 2807 quoad
331 2763 360 2798 is
380 2764 451 2811 esset
463 2766 649 2811 servatus,
678 2774 790 2799 mater
809 2763 943 2812 ignibus
961 2763 1089 2812 merstt,

53 2821 191 2862 eumque
209 2825 286 2849 cum
299 2813 367 2860 filii
375 2815 464 2859 fatis
485 2814 662 2861 exstinxit.
706 2816 807 2860 {Quae
820 2814 996 2864 postquam
1024 2816 1090 2852 ad-

4 2896 6 2914 ,
54 2860 186 2910 miffum
205 2865 299 2909 nefas
326 2866 495 2913 agnoscit,
521 2866 639 2913 laqueo
658 2865 776 2901 vitam
800 2864 936 2911 finivit.
991 2867 1088 2905 Vide

53 2911 159 2949 etiam
183 2914 455 2961 Apollodorum
474 2916 533 2952 lib.
556 2927 583 2952 1.
602 2916 862 2953 Bibliothecae.
893 2918 1062 2955 (domn.

57 3008 89 3048 It
105 2974 186 3050 2173.
215 2963 479 3013 Plenis.]Pleni
496 2967 779 3015 praestantiores.
806 2966 1088 3016 probeh'sms.

3 3032 6 3059 ζ
91 3022 109 3049 a
136 3025 146 3050 1
174 3042 181 3049 .
201 3025 252 3051 XI.
279 3026 359 3062 191·

102 3067 145 3099 Ut
156 3066 309 3113 primum
321 3065 419 3113 pleno
442 3068 615 3105 maturuit
631 3082 734 3106 anno.

100 3123 183 3159 274.
211 3116 392 3152 primitias
408 3119 553 3163 frugum
576 3120 730 3169 Cereri.]
789 3126 931 3169 Frugem
954 3122 1084 3160 rectius

2060 1320 2189 1381 Non

1143 1447 1325 1485 Primitias
1346 1449 1493 1497 frugum
1521 1455 1647 1486 tamen
1668 1446 1760 1485 dixit
1788 1445 1850 1487 lib.
1873 1459 1908 1485 x.
1927 1459 2013 1500 433.
2042 1449 2104 1488 ubi
2125 1462 2189 1499 per

1141 1500 1412 1549 appositionem
1436 1498 1556 1543 addit,
1576 1498 1688 1549 spicea
1704 1498 1813 1548 serta.

1198 1564 1215 1587 2
1223 1562 1238 1597 7
1246 1551 1279 1586 6.
1290 1556 1433 1599 Coeptus
1443 1549 1488 1585 ab
1498 1550 1653 1599 agricolis
1657 1551 1792 1598 superos
1803 1550 1962 1599 pervenit
1972 1550 2021 1587 ad
2030 1551 2186 1602 omneis}

1143 1601 1343 1645 Cererem,
1372 1601 1555 1638 Bacchum
1577 1628 1587 1644 ,
1617 1602 1655 1638 ὅ(
1684 1600 1896 1638 Minervam
1923 1601 2089 1649 agricolas
2118 1614 2190 1640 vo·

1143 1662 1199 1689 cat
1222 1655 1345 1701 poe'ta.
1375 1651 1479 1688 Idem
1500 1651 1619 1700 inquit
1640 1650 1826 1699 Raphaffl,
1855 1652 1957 1700 quod
1976 1664 2019 1689 ea
2034 1653 2190 1690 invene-

1143 1704 1228 1747 rint,
1249 1703 1379 1752 quibus
1400 1702 1638 1751 agriculturae
1652 1713 1762 1750 opera
1783 1701 1897 1740 datur.
1925 1711 1960 1739 at
1982 1714 2052 1751 ego
2073 1714 2191 1751 expo-

1143 1765 1269 1791 nerem
1283 1781 1293 1797 ,
1321 1753 1365 1790 ab
1386 1753 1551 1801 agricolis
1572 1780 1583 1797 ,
1611 1752 1650 1790 id
1679 1752 1728 1789 est
1749 1750 1768 1789 ὲ
1791 1752 1926 1790 rusticis
1945 1753 2162 1791 hominibus
2178 1783 2187 1797 ‚

1143 1804 1255 1853 usque
1275 1803 1320 1841 ad
1339 1803 1503 1841 summos
1533 1803 1621 1840 deos
1636 1830 1647 1846 ‚
1673 1801 1774 1850 quasi
1801 1803 1898 1841 dicat
1918 1804 2008 1841 nulli
2029 1803 2190 1853 neglecti

1141 1855 1233 1892 sunt.
1260 1855 1469 1892 GLAREAN.
1522 1853 1671 1891 Rectius
1693 1854 1839 1901 Regius.
1860 1853 1905 1891 de
1929 1854 2064 1892 Libero
2088 1855 2189 1893 enim

1144 1906 1181 1943 ὅ(
1206 1907 1338 1943 Cerere
1351 1917 1466 1943 nemo
1487 1904 1650 1946 dubitat,
1685 1903 1744 1941 sed
1775 1904 1814 1942 δε
1840 1904 2014 1942 Minerva
2040 1905 2134 1943 inter
2154 1917 2194 1943 a-

1143 1956 1297 2005 gricolas
1320 1955 1408 1993 deos
1429 1956 1538 1993 etiam
1563 1954 1583 1992 a
1606 1955 1891 1993 Maronessinitio
1914 1955 2189 2004 Georgicorum

1145 2009 1350 2045 invocatur.
1393 2008 1430 2044 ὃ(
1453 2005 1682 2043 Artemidor.
1713 2006 1774 2042 lib.
1796 2018 1852 2043 11.
1881 2006 2059 2043 Onei'roc.
2082 2018 2110 2044 c.
2134 2019 2192 2056 35.

1145 2058 1232 2096 dicit
1257 2058 1359 2095 illam
1391 2057 1634 2094 commodam
1671 2056 1859 2103 agricolis,
1887 2057 1972 2104 quia
2000 2057 2153 2094 eandem
2178 2085 2190 2101 ,

1146 2121 1257 2158 quam
1279 2117 1371 2146 terra
1392 2136 1402 2153 ‚
1436 2108 1617 2145 rationem
1649 2106 1768 2142 habet.
1807 2106 1844 2142 ὃ(
1866 2107 1946 2154 quis
1976 2106 2088 2144 nescit
2120 2108 2190 2144 oli-

1146 2172 1229 2197 vam
1254 2160 1292 2196 in
1311 2159 1388 2209 ejus
1411 2158 1524 2197 tutela
1536 2156 1635 2195 effe?
1663 2155 1845 2205 Agricolae
1870 2164 1991 2193 autem
2006 2157 2069 2193 Dii
2090 2157 2189 2195 reete

1145 2210 1326 2248 dicuntur.
1356 2211 1428 2248 vid.
1447 2223 1589 2248 comm.
1611 2209 1656 2247 ad
1675 2207 1802 2246 Tibul.
1820 2220 1848 2244 1.
1868 2206 1967 2243 1.18.
1996 2206 2125 2243 Euam.

1195 2273 1279 2307 277.
1308 2261 1524 2311 Ambitiosus
1542 2259 1684 2309 honor.]
1726 2257 1919 2306 Invidiosus
1946 2256 2114 2305 Neap.&
2134 2256 2190 2306 fef⁴

1146 2312 1284 2350 cundus
1310 2313 1451 2350 Medic.
1470 2321 1511 2350 ut
1533 2312 1594 2350 lib.
1617 2323 1671 2348 v1.
1690 2309 1778 2347 Fast.
1802 2309 1859 2364 36.

1197 2363 1262 2400 Hic
1283 2363 1389 2400 honor
1407 2363 1446 2400 in
1464 2362 1558 2400 nobis
1575 2361 1765 2408 invidiosus
1785 2369 1862 2396 erit.

1146 2420 1260 2450 Honos
1282 2417 1392 2452 etiam
1414 2414 1595 2451 nonnulli.
1623 2412 1832 2448 HEJNsius.

1195 2464 1280 2509 278.
1304 2463 1551 2510 Praeteritas.]
1581 2461 1793 2497 Praeteritae
1811 2460 2026 2499 concinnius
2057 2460 2187 2501 Thua-

1144 2524 1233 2550 neus
1253 2541 1263 2557 ,
1291 2515 1390 2560 prior
1413 2513 1621 2549 ‘ui-furtanus
1650 2513 1687 2548 ὃς
1708 2510 1768 2547 sex
1791 2511 1860 2548 alii.
1890 2510 2006 2548 IDEM.

1194 2563 1278 2600 281.
1307 2569 1429 2599 Oeneos
1446 2571 1505 2611 per
1524 2560 1656 2611 agros.]
1680 2561 1809 2610 Scripti
1830 2562 2021 2605 nonnulli,
2036 2563 2190 2608 Aonios,

1145 2613 1352 2657 Aemonios‚
1391 2612 1513 2650 Eonios
1533 2641 1544 2657 ‚
1572 2618 1755 2649 Aetnaeos.
1808 2611 1942 2656 Forte,
1973 2612 2107 2650 Olenios
2127 2623 2188 2662 per

1145 2676 1251 2712 agros.
1280 2665 1317 2701 &
1338 2664 1386 2701 sic
1406 2665 1504 2713 prior
1524 2663 1738 2701 Erfurtanus
1758 2674 1826 2711 pro
1845 2661 1988 2701 diversa
2011 2663 2188 2704 lectione.

1145 2710 1293 2757 Ωῗλευος
1316 2716 1421 2757 πόλις
1439 2713 1635 2756 Αἰτωλίας.
1682 2713 1769 2750 Stat.
1799 2713 1920 2750 Theb.
1947 2725 1978 2750 1.
1997 2726 2082 2760 401.

1194 2769 1277 2802 Ecce
1294 2776 1412 2803 autem
1430 2765 1617 2815 antiquam
1624 2765 1709 2812 fato
1728 2762 1911 2815 Calydona
1933 2764 2130 2815 relinquens

1195 2815 1336 2853 Olenius
1353 2822 1386 2852 T
1381 2816 1496 2866 ydem.

1145 2866 1193 2905 Et
1212 2868 1310 2905 idem
1332 2867 1378 2905 de
1400 2867 1540 2916 Tydeo
1559 2880 1603 2904 11.
1626 2879 1708 2915 54¹·

1197 2924 1262 2955 Per
1285 2929 1403 2967 tamen
1425 2918 1538 2955 Olenii
1557 2929 1689 2968 tegmen
1704 2918 1799 2969 suis,
1828 2917 1990 2969 hirtaque
1996 2918 2081 2966 setis

1197 2975 1302 3018 Terga
1314 2970 1421 3020 fugit.

1143 3020 1219 3058 Ubi
1241 3023 1362 3059 minus
1383 3022 1478 3059 bene
1492 3049 1501 3065 ,
1529 3031 1675 3070 atraque
1692 3021 1770 3065 setis
1788 3020 2182 3066 nunclegitur,quam-

1142 3083 1253 3120 quam
1275 3074 1312 3109 ὃς
1335 3074 1409 3120 apri
1439 3073 1655 3121 nigricantes
1683 3072 1773 3109 sunt.
1828 3069 1897 3107 Sed
1928 3068 2029 3122 color
2048 3068 2181 3122 tegmi-

1141 3124 1195 3159 nis
1217 3125 1348 3159 morari
1366 3123 1532 3171 jaculum
1555 3135 1631 3160 non
1655 3123 1786 3170 potuit.
1822 3118 2002 3156 Ausonius
2022 3116 2178 3164 Epistola

5 3172 7 3176 ’
51 3172 144 3199 unus
166 3164 355 3203 Mediceus
378 3168 415 3204 ὅ(
438 3179 529 3204 unus
551 3169 753 3207 Vomanus.
784 3171 978 3218 Sequentia
995 3186 1083 3210 con·
1139 3185 1174 3210 v.
1195 3173 1240 3210 ad
1262 3173 1484 3210 Theonem:

53 3210 197 3297 ssrrfiiant
219 3241 228 3257 ,
273 3217 359 3252 vina
389 3223 507 3265 Lyaeo.
540 3218 680 3266 frugem
717 3222 752 3257 &
783 3222 868 3258 vina
898 3225 1085 3270 primitias.

85 3271 102 3297 a
137 3291 142 3295 .
167 3274 219 3298 ιι.
246 3277 323 3310 520.

104 3310 283 3351 Primitias
310 3319 423 3356 Cereri
434 3320 539 3367 sarra
561 3319 681 3368 resecla
700 3317 846 3358 dabant.
873 3321 1085 3362 Heinsius.

1193 3223 1320 3270 Qtalis
1342 3224 1379 3258 in
1399 3223 1518 3258 Olenio
1537 3222 1648 3257 violer
1668 3218 1878 3266 Calydonius
1898 3225 1986 3264 apro.

1142 3273 1244 3308 Hinc
1283 3274 1321 3308 &
1373 3273 1514 3307 Olenius
1557 3272 1687 3318 Tydeus
1739 3269 1922 3314 Stephano
1968 3267 2176 3315 Byzantino

1143 3323 1181 3359 &
1214 3321 1364 3359 Valerio
1393 3322 1523 3359 flacco
1547 3320 1604 3358 hb.
1646 3330 1708 3354 111.
1749 3330 1826 3363 πῶς.
1853 3316 1950 3366 subit
1970 3317 2033 3355 ilia
2074 3319 2179 3373 cuspis·

1630 3369 1691 3404 Cc
1707 3378 1753 3404 cc
1783 3378 1800 3415 3
2062 3367 2190 3407 Olenii.
