2483 3616
332 156 1567 228 ME'TAMORPHOSEON
1638 159 1950 228 L1ss.1V.

346 265 548 334 Magna
575 256 799 331 quidem
823 256 1013 329 posco:
1052 255 1142 310 sed
1171 270 1228 312 tu
1249 255 1498 312 miserere
1519 273 1795 322 meorum,

338 335 528 407 jactari
551 349 687 405 quos
711 330 883 385 cernis
906 330 962 384 in
983 329 1134 383 Ionio
1161 329 1447 384 immenso:

200 418 230 486 '5
239 429 262 477 3
273 428 304 478 5
341 408 413 462 Et
439 408 537 462 Dis
564 403 704 458 adde
731 404 848 458 tuiS.
887 404 1060 475 aliqua
1085 402 1141 456 &
1166 403 1297 457 mihi
1323 404 1489 475 gratia
1513 415 1685 474 ponto
1712 403 1802 459 est.

332 480 387 534 Si
413 491 591 532 tamen
614 477 670 531 in
693 476 786 531 dio
815 476 1092 550 quondam
1118 489 1369 531 concreta
1393 476 1667 548 profundo

336 552 535 624 Spuma
557 550 661 614 fui,
700 548 1037 623 Grajumque
1062 563 1240 604 manet
1263 549 1395 603 mihi
1421 566 1622 604 nomen
1646 549 1709 604 ab
1735 548 1839 606 issa.

333 623 544 679 Adnuit
581 622 757 676 oranti
782 624 1096 695 Neptunus3
1141 622 1193 675 ἅτ
1219 621 1424 677 abstulit
1450 622 1575 685 illis,

326 696 497 769 Quod
528 695 753 749 mortale
777 694 907 759 fuit,
944 694 1376 768 majestatemque
1400 694 1693 749 verendam

192 780 297 843 '540
336 769 620 843 Imposuit;
659 785 968 842 nomenque
993 769 1143 823 fimul
1167 768 1468 840 faciemque
1491 769 1736 823 novavit:

214 850 218 852 ’
338 841 768 915 Leucothe‘e'que
792 841 975 898 Deum
1000 858 1125 897 cum
1151 854 1321 897 matre
1348 841 1665 898 Palaemona
1691 840 1846 902 dixit.

2092 174 2194 242 289

2040 969 2192 1043 Fae.

1129 1150 1277 1203 jamque
1298 1160 1418 1191 manet
1452 1151 1645 1198 ιίφροδίτνῐ.
1710 1152 1781 1192 Sed
1803 1155 1850 1194 ad
1877 1156 1970 1195 haec
1992 1156 2191 1209 verba‘fafi

1138 1213 1221 1239 cere
1240 1204 1331 1242 mihi
1353 1202 1497 1242 videtur
1516 1203 1672 1241 Ausonii
1694 1204 1887 1244 Distichon
1907 1208 1952 1245 de
1973 1209 2149 1247 Venere:

1169 1270 1260 1302 Orta
1274 1265 1351 1313 salo
1365 1293 1375 1309 ‚
1394 1264 1550 1313 suscepta
1564 1263 1635 1313 fhlo
1651 1273 1750 1313 patre
1770 1267 1864 1303 edita
1885 1269 2008 1314 Caelo,

1195 1316 1404 1352 Aeneadum
1421 1315 1575 1364 genitrix
1590 1343 1600 1360 ‚
1628 1315 1683 1351 hic
1702 1316 1820 1353 habito
1842 1317 1939 1355 alma
1955 1326 2074 1361 Venus.
2091 1320 2188 1359 Cro-¹

1141 1378 1273 1403 rmus.
1302 1367 1517 1415 Grajnmque
1538 1366 1644 1414 prim.
1663 1366 1731 1403 sec.
1753 1375 1834 1404 tert.
1861 1369 1964 1406 Med.
1990 1372 2095 1419 prim.
2117 1372 2188 1418 Baff

1138 1416 1190 1456 fil.
1215 1418 1253 1454 ὃς
1274 1417 1333 1454 sex
1356 1417 1425 1454 alii.
1453 1416 1562 1454 rene.
1596 1418 1660 1459 τῆς
1680 1416 1892 1464 κ’φροδίτῆς,
1919 1420 2007 1457 Fast.
2026 1422 2150 1471 1v.61.

40 1158 154 1198 {habes
173 1156 271 1207 apud
301 1154 462 1193 eundem
494 1152 703 1192 Hesiodum
722 1152 799 1203 pari
818 1150 1082 1207 significatione

44 1211 132 1254 ἱερὸν
153 1209 218 1254 ῥοῦν
237 1208 422 1243 neeman.
448 1203 510 1242 ubi
529 1204 752 1242 docstiffimus
764 1203 885 1241 noster
906 1203 1084 1240 Graevius

38 1260 207 1310 appofite
228 1258 285 1295 illa
309 1269 355 1294 ex
375 1256 535 1294 Senecae
559 1254 727 1293 Suasoriis
746 1254 908 1303 profert:
938 1259 1083 1290 Sacrum

43 1311 182 1363 quidem
213 1307 313 1345 terris
343 1316 473 1344 natura
503 1305 727 1352 circumfudit
748 1318 924 1343 oceanum.
961 1302 1084 1342 Auso-

39 1362 121 1401 nius
138 1360 184 1396 de
207 1358 319 1396 Claris
342 1355 498 1394 Urbibus
520 1365 708 1393 carm.111.

93 1420 193 1459 Pacis
213 1431 255 1458 ut
274 1421 314 1458 in
345 1420 422 1457 diae
437 1420 565 1468 gremio
584 1420 707 1469 secura
725 1418 886 1470 quiescat.

41 1484 98 1526 Ita
126 1485 341 1523 veterrimus
374 1484 463 1522 liber
493 1484 701 1522 Vossianus.
740 1482 910 1532 vulgati,
938 1481 1082 1520 mediae.

39 1537 218 1574 Sententia
237 1535 296 1573 dia
319 1534 580 1584 Catonisjapud
603 1535 805 1572 Horatium
828 1533 886 1570 lib.
905 1545 934 1570 1.
952 1534 1079 1571 Sat.11.

35 1587 104 1624 dia
124 1587 211 1624 ratio
237 1587 331 1636 apud
350 1586 590 1624 Prudentium
611 1586 649 1623 in
681 1584 933 1634 antiquiffimis
947 1612 956 1629 ‚
983 1596 1079 1633 quos

39 1636 118 1675 «vidi
130 1665 141 1682 ‚
168 1637 349 1676 codicibus
361 1666 371 1682 ‚
396 1637 623 1686 praefatione
636 1636 814 1674 librorum
828 1642 955 1672 contra
969 1635 1081 1691 Sym-

39 1689 228 1726 maehum.
258 1700 327 1726 nec
359 1688 562 1737 Giphanius
590 1688 629 1725 in
659 1687 748 1723 diva
780 1693 922 1724 mutare
955 1684 1081 1723 debuit

36 1737 160 1776 indice
180 1739 415 1777 Lucretiano.
444 1739 515 1777 Sed
536 1738 640 1788 quod
660 1738 854 1787 praecipue
874 1736 1011 1792 adrem
1026 1736 1080 1774 fa-

35 1787 113 1833 cit,
139 1789 281 1828 Plautus
309 1790 406 1840 apud
427 1790 640 1828 Varronem
667 1801 713 1828 ex
744 1788 979 1839 castigatione
1000 1797 1081 1826 ma-

35 1839 102 1888 gni
123 1839 312 1890 Scaligeri:

74 1896 261 1951 'conferta
283 1916 359 1943 rate
379 1905 606 1957 inaerataque
621 1905 753 1957 perite,

91 1955 168 2002 §Lai
185 1956 284 1992 dium
305 1970 400 1994 mare
421 1968 504 1995 eunt
516 1958 698 2006 sudantes.

36 2010 114 2047 ,Dia
137 2016 307 2050 Po'e‘mata
339 2013 436 2063 apud
469 2014 631 2053 Persium
654 2015 781 2064 Satyra
809 2023 839 2052 r..
865 2012 940 2050 Dia
961 2012 1081 2050 chorea

41 2062 230 2109 Dryadum
259 2064 355 2112 apud
376 2065 580 2103 Maronem
599 2066 638 2102 in
670 2065 798 2102 Culice
811 2092 822 2109 ‚
850 2065 909 2101 dia
923 2064 1055 2114 pabula
1069 2092 1080 2109 ,

38 2109 100 2146 dia
121 2111 190 2147 otia
204 2139 215 2156 ‚
241 2113 301 2149 dia
323 2114 481 2164 voluptas
496 2143 506 2160 ‚
523 2117 599 2152 diae
619 2115 763 2153 luminis
784 2128 861 2151 orae
873 2115 1051 2152 Lucretio
1071 2128 1080 2152 z

37 2170 129 2215 nam
156 2161 258 2210 quod
278 2162 515 2214 Tanaquillus
536 2166 650 2203 Faber
677 2166 774 2203 notis
805 2164 852 2202 ad
871 2165 1081 2203 Phaedrum

36 2220 185 2258 primo,
206 2222 304 2249 ‚mox
327 2214 366 2251 &
397 2216 434 2252 in
463 2216 629 2264 Epistolis
659 2228 776 2264 nuper
802 2215 904 2254 editis
925 2215 1080 2254 alterum

40 2259 207 2298 Lucretii
226 2262 353 2300 locum
375 2263 447 2301 huc
467 2267 575 2304 trahit
598 2295 608 2311 ,
635 2278 678 2304 ac
700 2267 760 2303 dia
780 2266 875 2303 clade
894 2266 931 2303 in
954 2277 1000 2303 eo
1022 2278 1080 2304 re-

35 2311 129 2358 poni
146 2311 251 2360 jubet
265 2341 274 2357 ,
304 2312 324 2350 a
347 2313 458 2362 scopo
476 2315 663 2355 aberravit.
685 2317 812 2355 Locus
833 2323 931 2355 extat
950 2316 1011 2359 lib.
1024 2328 1078 2356 vx.

36 2370 75 2405 y.
97 2361 181 2408 641.
205 2363 267 2399 ubi
289 2363 335 2400 de
357 2363 474 2402 AEtna
493 2367 632 2414 agitur,

215 2426 321 2463 neque
341 2415 433 2451 enim
455 2417 570 2452 media
592 2417 632 2453 de
652 2417 747 2454 clade
768 2427 879 2455 coorta

87 2461 271 2500 Flammae
289 2464 464 2513 tempestas
485 2465 640 2503 siculam
664 2468 845 2503 dominata
862 2476 923 2516 per
944 2478 1052 2516 agros.

33 2510 169 2550 vellem
201 2513 255 2550 vir
283 2515 442 2553 eruditus
474 2528 541 2564 pro
573 2517 835 2554 emendatione
864 2517 925 2554 sua
943 2519 1076 2555 'minus

35 2562 176 2600 fervide
206 2572 407 2613 pugnaret,
433 2577 522 2604 nam
554 2578 640 2604 cum
672 2568 710 2605 in
742 2568 851 2605 tribus
873 2568 1077 2606 veterrimis

36 2611 246 2660 codicibus,
281 2626 442 2664 quorum
474 2625 644 2664 excerpta
673 2630 784 2665 penes
817 2629 880 2654 me
912 2618 1075 2664 exstant,

33 2663 222 2702 exaratum
247 2663 311 2710 fit,
338 2679 443 2716 neque
464 2668 556 2704 enim
579 2667 694 2704 media
715 2668 859 2704 Graecia
882 2668 923 2704 de
945 2679 1073 2714 coorta,

32 2712 174 2758 nullum
207 2716 297 2753 mihi
327 2716 479 2754 dubium
512 2717 561 2754 est
586 2746 598 2763 ‚
634 2718 724 2768 quin
745 2729 832 2755 vere
853 2719 891 2755 &
910 2718 1073 2767 apposite

34 2760 171 2801 isaacus
193 2765 339 2804 Voffius
361 2778 460 2804 rarae
490 2768 702 2807 eruditionis
723 2770 762 2806 ὃς
785 2768 912 2817 magni
932 2769 1071 2817 ingenii

33 2813 90 2850 Vir
120 2815 292 2865 castigarit
314 2844 326 2862 ‚
371 2831 475 2868 neque
506 2820 599 2855 enim
632 2820 790 2857 mediocri
823 2820 918 2856 clade
946 2830 1072 2857 coorta.

34 2863 213 2902 Flammea
234 2878 384 2916 quoque
404 2868 610 2918 tempestasa
626 2869 788 2908 Lucretii
800 2881 914 2907 manu
936 2870 1073 2918 opinor

32 2912 114 2952 effe.
140 2915 244 2954 Plura
264 2917 349 2955 vide
366 2918 425 2958 lib.
442 2931 488 2957 11.
519 2919 607 2957 Fast.
629 2921 677 2958 vs.
705 2921 787 2970 598.
816 2921 1021 2958 Hemnus.

79 2976 164 3012 537.
193 2969 398 3019 concreta]
452 2970 645 3018 Quosdam
688 2971 836 3021 conflata
869 2972 1072 3020 legendum

33 3012 106 3052 effe
127 3017 354 3056 contendere
365 3047 375 3063 ,
386 3027 491 3057 notat
513 3022 708 3059 Fontanus,

89 3075 177 3112 537.
203 3071 422 3120 Gratamque
440 3082 559 3108 manet
580 3072 667 3109 mihi
689 3086 811 3111 nornen
821 3071 865 3108 ab
888 3072 981 3123 illa]
996 3074 1074 3112 Co-

34 3110 108 3149 dex
141 3125 245 3151 meus
278 3121 424 3167 Grajam
447 3121 577 3159 habet:
614 3123 717 3172 quod
735 3136 813 3162 non
836 3123 956 3160 minus
982 3135 1075 3162 con-

32 3162 149 3200 sonat·
178 3163 369 3220 A’cpposzw
392 3171 495 3208 enim
523 3171 709 3210 Graecum
741 3175 790 3211 est
813 3184 966 3211 nomen.
995 3175 1075 3212 Ve-

33 3222 108 3268 nus·
123 3213 310 3251 Latmum.
338 3217 482 3258 Cousr.
503 3221 602 3259 FAN.
654 3228 806 3261 Gratum
839 3222 913 3259 duo
947 3224 1073 3262 Vatic.

32 3272 124 3310 mel,
147 3263 203 3304 Io.
223 3264 320 3313 Dei,
347 3267 417 3306 alii.
440 3270 633 3321 Perperam
645 3272 795 3323 quidam
816 3272 1072 3325 munimem-⁴

1187 1480 1251 1517 Sed
1274 1480 1406 1516 Veneris
1428 1479 1705 1528 mensem-Grajo
1718 1480 1875 1529 sermone
1895 1494 2058 1523 notatum

1241 1535 1420 1580 Auguror.
1441 1530 1466 1566 a
1480 1530 1612 1579 spumis
1633 1530 1678 1577 est
1702 1536 1778 1568 Dea
1798 1533 1891 1570 diffc‘a
1913 1536 2034 1573 maris.

1136 1595 1279 1636 Similes
1305 1606 1444 1633 naevos
1475 1596 1684 1645 complures
1719 1598 1964 1647 expunximus
1984 1600 2029 1640 ad
2048 1603 2186 1644 Fastor.)

1136 1648 1198 1687 lib.
1211 1659 1250 1685 v.
1273 1646 1324 1684 vs.
1344 1647 1378 1683 8.
1406 1647 1609 1684 Hmusrus.

1191 1710 1272 1748 541.
1300 1697 1553 1749 Leucotheaqae
1581 1703 1696 1735 Deam
1728 1712 1806 1737 cum
1834 1711 1948 1749 matre
1968 1703 2182 1742 Palaemona

1137 1748 1268 1798 dixin]
1306 1747 1493 1785 Leucothea
1526 1749 1724 1797 appellatur
1747 1749 1768 1787 a
1797 1752 1968 1797 Graecis,
1996 1752 2016 1792 a
2041 1754 2183 1793 Latinis

1137 1812 1228 1888 verp
1262 1805 1423 1837 Matuta.
1475 1799 1594 1849 Quod
1625 1801 1832 1840 memoriae
1852 1804 2013 1851 prodidit
2033 1805 2105 1854 ipsc
2127 1818 2183 1854 vr..

1138 1852 1200 1890 Fal
1220 1880 1227 1888 .
1256 1863 1355 1900 545..

1187 1913 1373 1953 Leucothe'e
1393 1913 1510 1963 Grajis
1523 1942 1533 1959 ,
1563 1921 1714 1953 Matuta
1736 1916 1896 1954 vocabere
1913 1918 2030 1965 nostris
2042 1936 2055 1958 .-

1239 1972 1283 2003 In
1297 1975 1418 2016 portus
1440 1975 1524 2002 nato
1536 1966 1596 2016 jas
1617 1968 1683 2004 erit
1703 1981 1801 2004 omne
1823 1978 1893 2006 tao.
1947 1970 2063 2009 C10F.

1135 2031 1386 2082 Leucothoeque
1408 2032 1572 2069 maxima
1594 2044 1672 2080 pars
1695 2032 1958 2079 codicum‚sed
1980 2036 2180 2074 Leucothee‘-

1135 2097 1199 2133 que
1217 2084 1439 2132 legendum:
1467 2082 1542 2119 vid.
1563 2082 1637 2131 sup.
1660 2083 1747 2121 vers.
1778 2084 1859 2132 196.
1882 2086 2030 2124 mallem
2051 2088 2179 2132 etiam,

1136 2134 1164 2172 fi
1193 2135 1272 2184 quis
1309 2133 1428 2171 codex
1451 2132 1634 2172 addiceret
1646 2135 1900 2184 Deos,legere.
1926 2136 1998 2174 vid.
2025 2150 2054 2175 1.
2081 2139 2178 2176 Met.

1139 2195 1222 2234 320.
1249 2185 1381 2222 Eunu.

1189 2247 1271 2285 541.
1300 2235 1512 2273 Palaemona
1537 2235 1669 2286 dixit.]
1699 2235 1897 2275 Palaemon
1919 2237 1987 2275 fuit
2008 2238 2177 2275 Matutae

1134 2285 1240 2332 filius,
1253 2294 1363 2336 atque
1378 2286 1415 2324 in
1429 2287 1583 2324 Graecia
1595 2287 1737 2324 habitus
1748 2287 1864 2331 Deus,
1876 2288 1962 2325 teste
1976 2289 2031 2325 M.
2044 2288 2175 2325 Tullio

1132 2336 1194 2375 lib.
1217 2349 1280 2375 111.
1314 2337 1375 2374 De
1411 2338 1497 2374 Nat.
1528 2337 1645 2375 Deor.
1677 2338 1777 2385 cujus
1806 2338 1897 2374 haec
1913 2337 1962 2376 ibi
1982 2338 2174 2387 leguntur:

1133 2388 1228 2432 Jam
1248 2402 1329 2424 vero
1343 2415 1353 2432 ‚
1380 2387 1418 2423 in
1441 2387 1586 2424 Graecia
1619 2388 1745 2423 multos
1766 2386 1894 2424 halent
1916 2402 1957 2424 ex
1977 2389 2174 2426 hominibus

1131 2443 1240 2482 Deos,
1269 2437 1504 2474 Alabandum
1526 2436 1712 2473 Alabandi
1735 2465 1747 2482 ,
1783 2439 1908 2475 Tenedi
1940 2444 2062 2483 Tenen,
2086 2446 2174 2476 Lea-

1132 2487 1313 2531 cotheam‚
1340 2500 1426 2537 quae
1446 2487 1525 2533 fuit
1557 2493 1617 2523 Ino
1642 2515 1653 2531 ,
1692 2498 1735 2527 (φ’
1767 2488 1837 2536 ejas
1869 2489 2113 2526 Palaemonem
2125 2490 2174 2537 fi·'

1132 2537 1220 2573 lium
1248 2540 1372 2573 canna
1403 2536 1572 2580 Graecia,
1609 2538 1682 2575 ἃς.
1720 2539 1834 2575 Hunc
1854 2539 1978 2576 Latini
2007 2546 2174 2585 Portam7

1131 2600 1218 2624 num
1237 2593 1431 2625 vocarunt.
1463 2587 1621 2624 Ovidius
1641 2587 1702 2625 lib.
1721 2587 1879 2637 superius
1901 2591 2035 2628 citato:

1180 2657 1384 2741 Qemdnos
1412 2660 1648 2694 Portamnum
1669 2684 1681 2701 ,
1710 2658 1780 2705 scca
1807 2657 1926 2708 lingua
1957 2659 2171 2698 Palaemona

1326 2715 1412 2749 teet,

1228 2756 1304 2804 Este
1320 2766 1433 2806 precor
1454 2755 1572 2804 nostris
1593 2757 1703 2809 aquas
1723 2769 1864 2811 uterque
1884 2759 1974 2800 locis.
2000 2761 2172 2810 Cxorm,

1126 2821 1251 2861 Plaut.
1273 2820 1435 2859 Rudent.
1452 2833 1481 2858 ι.
1495 2832 1540 2857 11.
1555 2831 1613 2868 71.

1178 2885 1241 2921 Sed
1262 2898 1279 2926 o
1298 2884 1487 2921 Palaemon
1502 2913 1512 2929 ,
1540 2885 1662 2933 fiznffZe
1686 2888 1842 2937 Neptuni
1864 2902 1969 2926 comes
1983 2917 1994 2934 ,

1127 2986 1164 3024 D
1181 2935 1320 2985 Qcique
1351 2935 1434 2974 adeo
1463 2935 1595 2974 hercule
1626 2937 1679 2975 illi
1699 2938 1811 2987 socius
1841 2941 1897 2989 effe
1924 2940 2053 2977 diceris.

1170 2998 1283 3023 ouzA.

1181 3062 1256 3098 541.
1283 3049 1431 3100 Dixit.]
1470 3051 1528 3088 Sic
1558 3053 1670 3091 utitur
1703 3054 1777 3091 hoc
1811 3052 1923 3091 verbo
1954 3053 1990 3088 in
2027 3050 2165 3092 duobus

1126 3099 1181 3137 his
1203 3103 1380 3149 proximis
1401 3101 1580 3140 versibus:
1596 3105 1634 3141 δε
1657 3104 1842 3151 juvenalis
1864 3104 2129 3148 Sat.vu1.244.

1181 3171 1291 3203 Roma
1305 3176 1443 3217 patrem
1456 3168 1596 3218 patriae
1615 3169 1809 3207 Ciceronem
1830 3166 1936 3203 lii-*era
1958 3165 2062 3205 dixit.

1126 3227 1341 3269 emamus.

1698 3331 1774 3367 00
1799 3341 1822 3379 a
2030 3337 2165 3386 {Ine}¹
