2483 3616
245 208 273 240 b)

285 203 308 237 s>

392 276 495 346 285

244 553 284 590 &
307 552 438 590 Calmes
467 552 648 601 vocatur)
677 561 769 588 unus
797 549 866 587 fuit
887 559 932 585 ex
956 546 1072 584 Idaeis
1103 542 1254 601 dac'tulis
1279 572 1290 589 ,

241 604 410 642 nutritius
422 604 523 651 Jovis
538 633 547 648 ‚
576 604 658 648 cui,
681 602 770 639 dum
792 610 923 649 parvus
945 606 1045 641 erat,
1071 597 1138 633 fuit
1158 594 1292 631 admo-

243 654 335 692 dum
357 665 489 703 gratus.
524 654 766 702 Posteaquam
810 662 900 687 vero
934 649 1099 697 juppiter
1132 645 1289 682 deorum

241 706 441 755 imperium
461 706 509 743 est
539 705 710 753 adeptus,
737 701 852 750 ipsum
873 701 910 737 in
943 700 1179 736 adamantem
1199 706 1290 731 con-

242 758 375 802 vertit,
404 757 489 806 quia
511 753 685 803 vutgaffet
707 755 840 799 jovem
865 748 967 787 fuisse
992 746 1195 804 *mortale-m
1212 773 1227 801 ⁹.
1249 753 1290 801 ut

243 807 397 856 quidam
420 809 532 856 ajunt.
580 807 633 841 Ut
654 815 744 840 vero
769 800 968 849 Sophocles
988 801 1182 854 11ibatyris
1208 800 1290 852 lert-

243 858 321 901 bit,
349 860 451 896 illum
491 856 630 906 Cybele
662 853 848 900 indignata
879 850 917 887 in
949 849 1177 885 durilumutn
1206 847 1292 902 ferri

244 920 360 958 genus
389 906 656 946 transmutavit.
703 904 818 940 Celme
850 901 888 937 in
919 899 1062 936 vetusto
1093 897 1294 946 exemplari

244 960 411 1007 castigare
423 959 572 1006 legitur:
604 967 726 1004 neque
748 953 860 990 Celmi
874 980 883 995 ,
912 959 951 988 ut
974 949 1125 999 quidam
1147 957 1291 996 putant,

244 1011 295 1048 est
313 1009 524 1058 legendum.
557 1010 728 1045 Remus.
755 1003 887 1041 Celmos
909 1029 919 1046 ‚
950 1002 1008 1038 vel
1028 1007 1069 1037 ut
1088 1000 1290 1055 anonnul-

245 1061 288 1099 lis
309 1061 484 1105 scribitur,
497 1059 624 1097 Celmis
638 1086 648 1102 ‚
662 1067 822 1109 unus-ex
837 1053 953 1091 Idaeis
983 1051 1134 1106 daetyhs
1154 1078 1164 1093 ‚
1201 1061 1289 1087 cum

244 1112 373 1150 Rheae
402 1112 509 1149 matri
528 1112 605 1148 vim
630 1106 828 1149 intuliflet‚
857 1112 967 1154 atque
984 1102 1045 1158 'ob
1065 1102 1102 1139 id
1123 1100 1292 1149 Delphos

244 1162 423 1212 petiisset,
450 1163 536 1200 inde
558 1160 718 1199 exclusus
739 1159 775 1196 in
799 1157 903 1194 ldam
916 1153 1058 1192 rediens
1078 1163 1162 1200 prae
1185 1161 1294 1188 moen:

245 1214 336 1252 stitia
358 1215 395 1251 in
422 1213 647 1251 duriffimum
679 1214 817 1248 ferrum
848 1206 896 1244 est
924 1212 1085 1260 mutatus
1110 1216 1117 1240 ε
1147 1202 1294 1258 Aridior

243 1264 432 1303 Zenobius
458 1265 496 1302 in
516 1262 736 1313 proverbiis,
766 1256 955 1307 Sophoclis
987 1262 1099 1292 citans
1128 1253 1295 1290 testimo-

245 1317 352 1353 nium
384 1317 421 1353 in
455 1315 601 1364 Satyris.
637 1312 797 1351 Ovidius
826 1310 864 1347 in
894 1306 1106 1361 Adamanta
1135 1316 1293 1341 conver-

246 1366 326 1403 sum
358 1366 474 1404 stribit
489 1395 499 1411 ,
526 1366 615 1403 alios
634 1365 773 1402 secutus
796 1359 961 1397 auetores
975 1385 986 1402 ,
1014 1356 1144 1413 dicitur
1166 1363 1291 1411 autem

248 1417 390 1454 Celmus
410 1418 449 1455 &
471 1416 599 1454 Celmis
624 1444 633 1460 ‚
669 1423 710 1452 ut
736 1418 884 1460 Anapus
905 1437 915 1454 ,
943 1413 1115 1465 Anapzsv,
1152 1417 1215 1461 qut
1241 1414 1296 1444 ta-

248 1479 338 1505 men
370 1469 408 1507 &
431 1467 563 1508 Celmes
583 1496 595 1512 ,
632 1465 793 1504 Celmetis
822 1473 842 1499 a
880 1458 1057 1513 plerisque
1086 1457 1291 1494 mclmatur.

248 1519 396 1558 Coss-r.
423 1519 634 1556 Fanensis.
674 1516 818 1565 Hujus,
843 1520 884 1549 ut
912 1512 952 1549 δε
979 1510 1166 1566 sociorum
1200 1519 1296 1563 quo-=

247 1570 404 1608 rundam
426 1581 594 1616 nomen,
622 1581 667 1606 ex
691 1568 836 1604 Graeco
867 1561 1030 1612 quodam
1063 1560 1181 1596 Poeta
1205 1568 1296 1600 cita-

252 1629 310 1658 tur
331 1622 368 1660 in
393 1621 683 1659 Commentariis
704 1615 896 1666 Apollonii
915 1614 989 1650 hoc
1011 1609 1130 1648 modo
1146 1622 1154 1647 :
1169 1656 1185 1669 ν

300 1673 744 1718 Κέλμης,Δκμνειμενεύςε
758 1666 954 1712 μέγας,κκῖ
966 1663 1128 1707 ὑπέρβιος
1138 1661 1175 1697 A
1188 1672 1294 1704 κμων.

300 1723 514 1770 naz-simma
535 1725 743 1769 θεράποντες
762 1718 869 1763 &telae
891 1714 1116 1759 Αδρειςεὶης,
1145 1712 1218 1749 ἃς.

254 1776 416 1814 Fuerunt
437 1784 561 1813 autem
583 1775 712 1820 γόητες
727 1800 737 1815 ,
758 1770 818 1805 καὶ
839 1767 1038 1811 Σνμιουργοῖ
1065 1764 1095 1798 οἱ
1116 1764 1294 1799 δάκτυλοι

251 1826 377 1871 Idaei,
404 1835 443 1864 ut
466 1824 693 1874 Pherecydes
724 1820 844 1859 tradit.
885 1827 997 1867 atque
1026 1814 1112 1870 inde
1143 1814 1296 1851 fortaffis

251 1876 395 1914 fabulae
418 1877 519 1914 datus
537 1876 651 1913 locus.
687 1870 836 1920 Daetyli
857 1877 982 1910 autem
1011 1866 1158 1921 Idam)
1193 1866 1296 1902 ut&

254 1928 391 1975 Regius
410 1928 503 1965 infra
534 1938 579 1963 ex
610 1921 800 1963 Diomede
831 1926 1014 1964 annotat,
1049 1917 1094 1954 ab
1124 1913 1296 1972 impressu

253 1977 452 2026 digitorum
467 2007 477 2023 ,
505 1978 568 2027 qui
589 1976 737 2014 Graecis
757 1973 939 2019 samum
953 1970 1146 2013 dicuntur,
1172 1978 1300 2005 nomi-

254 2030 331 2067 nati
358 2030 449 2066 sunt.
490 2029 551 2066 De
572 2028 701 2078 quibus
723 2027 762 2064 &
782 2020 1004 2073 Apollonius
1023 2019 1084 2062 lib.
1105 2031 1134 2058 1.
1154 2017 1298 2069 Argon.

257 2090 273 2118 x
285 2091 364 2128 129.
385 2081 422 2117 in
444 2081 544 2117 hunc
555 2078 713 2119 ,modum
729 2091 738 2115 ε

306 2133 495 2170 Δάκτυλοι
516 2131 618 2168 Ιὲαῖοι
637 2129 842 2174 Κρηταιέες,
862 2125 918 2170 οὕς
936 2124 1028 2163 πότε
1047 2123 1171 2170 νύμφη

305 2183 476 2228 Αγχεὶλκ
505 2182 672 2219 Δικταῖον
692 2180 762 2217 &vie
782 2181 890 2221 σπέος
909 2177 1137 2224 ἀμφοτέρῃσι

302 2233 517 2280 Δρειξκμένιτ
537 2233 641 2278 arxi-43
661 2231 837 2278 οἷειξίἓας,
860 2228 1059 2273 ἕβλοὶςῆσε,
1082 2227 1157 2263 ὅζῦ.

255 2285 365 2331 Quae
383 2295 448 2333 per
469 2284 597 2322 omnia
618 2280 923 2325 consentiuntiis‚
951 2290 1046 2329 quae
1068 2288 1114 2314 ex
1135 2275 1338 2327 Diome-5,

255 2334 302 2372 de
332 2336 488 2373 citantur
509 2363 520 2380 ,
558 2333 624 2372 nisi
645 2332 749 2383 quod
779 2332 903 2370 matris
931 2340 1075 2367 nomen
1105 2326 1169 2365 hic
1201 2326 1298 2365 aliud

254 2387 412 2434 ponitur.
442 2386 619 2423 Ceterum
631 2385 732 2434 plura
752 2382 798 2420 de
818 2383 873 2420 bis
895 2382 959 2432 qui
976 2380 1157 2424 volet‚ex
1180 2379 1300 2416 Com-

255 2438 441 2474 mentariis
463 2436 655 2485 Apollonii
673 2442 773 2484 petat
792 2434 888 2470 licet.
926 2432 1151 2469 chrttus.
1186 2429 1301 2485 (ξείνιά

253 2486 398 2524 videtur
418 2488 674 2536 reponendum
690 2514 700 2530 ‚
727 2482 926 2534 quomodo
948 2484 988 2520 &
1011 2481 1168 2529 Scaliger
1195 2491 1235 2517 m
1257 2492 1301 2517 o-

255 2546 294 2574 ta
315 2537 450 2575 codicis
470 2538 520 2575 sui
541 2545 695 2575 notarat.
721 2547 810 2573 nam
833 2534 984 2571 Graecis
1020 2533 1163 2577 Κέλμις
1181 2558 1191 2574 ,
1236 2530 1302 2567 τοῦ

256 2589 522 2631 Κέλμιεςωηυε
535 2600 577 2625 ey.
591 2587 707 2625 Idaeis
718 2586 883 2635 Dactyh's
896 2582 1058 2622 est.Vide
1068 2581 1300 2632 Hesychium

258 2638 298 2674 in
318 2641 456 2682 Κεᾈλμις
471 2667 480 2682 ,
495 2638 750 2676 &zenobium
770 2638 809 2675 in
830 2639 970 2679 Κέλμις
984 2635 1020 2671 ἐν
1039 2635 1169 2679 σιδήρῳ.
1197 2635 1298 2669 Κέλ-

256 2701 315 2732 μις
344 2700 494 2737 quoque
532 2690 559 2724 C
564 2689 719 2725 lementi
746 2685 998 2724 Alexandrino
1033 2714 1044 2731 ,
1080 2686 1226 2723 Nonno
1257 2685 1297 2722 in

255 2737 512 2786 Dionysiacis,
540 2740 578 2776 ὅῑ
608 2737 825 2775 scholiastae
847 2737 1048 2784 Apollonii.
1083 2736 1182 2786 apud
1201 2735 1300 2772 Dio-

256 2789 407 2828 medem
442 2789 737 2825 Grammaticum
757 2787 817 2824 lib.
850 2798 916 2823 111.
945 2798 1136 2835 perperam
1167 2785 1300 2834 legitur

256 2839 303 2878 de
327 2839 530 2876 Curetibus.
567 2846 636 2875 Hos
658 2838 805 2888 quidam
826 2846 893 2873 tres
907 2845 1041 2886 putant
1064 2865 1076 2882 ,
1109 2838 1170 2888 qui
1194 2843 1299 2873 Lares

256 2891 315 2941 effe
336 2890 522 2928 credantur
548 2917 557 2933 ‚
586 2895 871 2925 Damnameneus
894 2914 906 2931 ,
932 2891 1071 2924 Acmon
1095 2916 1106 2932 ,
1144 2887 1299 2925 cetmon.

257 2953 325 2991 pro
359 2941 497 2978 Celmis.
525 2940 669 2978 Heres.
718 2939 780 2975 De
802 2936 925 2974 (jelmi
954 2937 1039 2973 vide
1064 2938 1222 2974 Parrhas.
1252 2938 1299 2975 ad

255 2992 386 3029 Claud.
406 3004 434 3028 r.
455 2992 563 3039 Rapt.
583 2990 667 3027 208.
693 2990 730 3026 &
751 2988 906 3025 Palmer.
941 2987 1127 3025 exercitat.
1156 2987 1194 3024 m
1217 2988 1299 3024 Aue-

256 3043 375 3081 &ores
396 3042 570 3079 Graecos.
590 3052 671 3089 pag.
694 3039 779 3077 638.

306 3093 391 3130 282.
429 3098 602 3142 Largoque
623 3092 720 3140 satos
750 3095 899 3126 Curetas
929 3088 973 3125 ab
1004 3087 1147 3138 imbri.]
1188 3089 1299 3144 Haqc

257 3144 437 3182 Curetum
461 3139 775 3190 metamorphosin
802 3140 981 3189 nusquam
1004 3151 1065 3176 me
1092 3138 1189 3187 apud
1207 3148 1301 3176 anti-

257 3195 403 3242 quiores
423 3191 545 3242 legiffe
574 3192 741 3231 memini.
789 3191 955 3240 Quidam
976 3201 1068 3228 vero
1091 3202 1136 3227 ex
1157 3190 1302 3226 Neote-

259 3245 336 3279 ricis
372 3245 473 3291 ajunt
510 3245 662 3281 Curetas
697 3241 871 3280 imbribus
897 3270 907 3286 ,
937 3247 1086 3290 propter
1115 3240 1301 3289 religionis

256 3301 541 3343 contemptum,
563 3292 665 3336 fuiffe
689 3292 829 3334 deletos
848 3321 860 3341 ,
897 3292 936 3332 ὅ(
959 3302 1004 3331 ex
1024 3291 1144 3342 fungis
1167 3318 1179 3339 ,
1215 3302 1302 3330 cum

751 173 812 233 P.
891 169 1308 232 OVIDII
1371 169 1914 230 ‘NASONIS

608 273 769 332 Unde
794 272 856 332 fit
883 270 1125 334 infamis;
1165 284 1329 340 quare
1356 272 1492 326 male
1515 272 1741 329 fortibus
1766 272 1924 329 undis

539 349 786 405 Salmacis
810 349 1060 407 enervet,
1098 340 1374 417 raetosque
1401 346 1664 402 remolliat
1695 359 1835 402 artus
1850 370 1868 410 3

2271 419 2414 478 Dis-v
2466 403 2467 408 '

1341 546 1415 595 ipsa
1451 546 1579 595 religio
1603 549 1750 597 ,penitus
1780 549 2003 588 desereretur
2026 576 2037 594 ,
2072 545 2178 587 fuiffe
2217 555 2392 597 repertos.·

1343 596 1404 634 sed
1428 608 1513 633 cum
1543 598 1605 635 ista
1635 600 1765 637 nullius
1790 602 1986 638 autoritate
2007 600 2190 643 nitantur,
2218 610 2264 636 ex
2284 611 2389 638 com-

1347 646 1465 684 modo
1495 646 1560 685 suo
1587 648 1645 685 illa
1676 648 1814 688 finxiffe
1836 652 2018 689 videntur.
2063 650 2191 688 Strabo
2211 649 2389 700 quidem,

1345 709 1432 734 cum
1465 698 1580 735 multa
1612 700 1650 736 δε
1680 701 1779 738 varia
1806 702 1852 739 de
1872 702 2067 739 Curetibus
2088 700 2388 745 scribat‚nullam

1345 747 1486 797 prorsus
1509 748 1554 786 de
1574 749 1644 787 hac
1672 750 1819 788 illorum
1849 751 2141 801 metamorphofi
2171 752 2258 788 facit
2284 762 2392 790 men-

1344 800 1489 855 tionem
1504 828 1514 843 ,
1540 799 1601 838 sed
1626 812 1670 838 ex
1692 800 1867 840 sententia
1888 802 2124 852 quorundam
2148 802 2294 839 eosdem
2321 800 2392 841 effe

1347 858 1396 888 ait
1420 853 1573 887 curetes
1598 879 1609 895 ,
1648 853 1687 889 ὃς
1716 852 1945 901 Corybantes
1967 881 1978 899 ,
2017 855 2056 892 &
2078 852 2230 890 Cabiros
2253 881 2264 896 ‚
2302 853 2396 892 &1-

1347 901 1458 940 daeos
1481 901 1684 950 Dastylos,
1713 903 1751 940 ὃς
1773 903 1997 949 Telchines,
2024 904 2088 954 qui
2117 904 2214 941 sacra
2237 904 2275 941 ὅτ
2294 903 2397 950 Jovis

1346 953 1385 990 in
1418 952 1528 991 Creta
1541 980 1552 997 ,
1580 954 1619 990 ὃς
1642 953 1765 991 matris
1783 953 1913 992 Deam
1934 955 1971 992 in
1987 954 2142 1005 Phrygia
2163 966 2249 991 cum
2272 965 2397 993 armo-

1348 1016 1430 1041 rum
1453 1003 1678 1042 tumultuosa
1709 1004 1909 1053 agitatione
1934 1030 1945 1049 ,
1981 1016 2142 1056 cumque
2171 1005 2320 1054 strepitu
2351 1016 2395 1044 ac

1346 1054 1604 1103 cymbalorum
1625 1062 1968 1105 tympanorumque
1989 1055 2109 1094 sonitu
2123 1084 2134 1101 ‚
2159 1067 2230 1094 nec
2251 1067 2330 1094 non
2351 1057 2401 1101 ti-,

1346 1105 1433 1150 biis,
1462 1118 1503 1143 ac
1524 1106 1847 1144 vociferationibus
1879 1105 2111 1145 celebrarent.
2138 1107 2236 1144 ‚Alii
2267 1114 2393 1147 autem

1348 1168 1394 1194 ex
1418 1157 1527 1194 Creta
1541 1185 1551 1201 ,
1577 1157 1635 1194 alii
1655 1169 1700 1195 ex
1723 1158 1902 1204 Euboea,
1923 1158 2092 1196 nonnulli
2115 1170 2159 1196 ex
2181 1157 2332 1195 Aetolia
2351 1170 2395 1198 o-

1349 1207 1506 1256 riginem
1539 1207 1676 1245 duxiffe
1697 1208 1865 1249 scribunt.
1891 1208 2099 1250 Diomedes
2110 1207 2262 1259 quidem
2274 1220 2399 1257 gram·

1350 1259 1505 1296 maticus
1524 1257 1637 1308 longe
1658 1259 1766 1297 aliam
1790 1260 1833 1298 ab
1857 1272 1899 1298 ea
1921 1288 1932 1305 ,
1961 1272 2076 1311 quam
2107 1259 2226 1299 obiter
2254 1260 2399 1309 attingit

1351 1309 1535 1354 Ovidius,
1566 1310 1746 1349 Curetum
1768 1312 1951 1361 originem
1985 1313 2097 1351 refert
2121 1339 2131 1356 ,
2159 1311 2213 1348 his
2244 1311 2400 1360 quidem

1351 1361 1491 1399 verbis:
1521 1362 1640 1411 Ajunt
1670 1368 1775 1412 Opem
1811 1363 1850 1400 in
1881 1363 1985 1400 Idam
2017 1362 2213 1411 Cretensem
2242 1361 2400 1400 delatam

1351 1426 1393 1448 ex
1405 1414 1496 1460 fuga
1519 1439 1530 1456 ‚
1567 1426 1647 1450 cum
1671 1414 1842 1463 puerperii
1877 1423 2006 1463 tempus
2035 1413 2179 1461 instaret
2199 1441 2211 1458 ,
2239 1413 2398 1462 pn'mam

1351 1464 1480 1505 montis
1513 1472 1652 1512 partem
1682 1464 1846 1502 manibus
1875 1463 2120 1515 apprehendiffl
2152 1491 2163 1509 ‚
2187 1473 2306 1514 *atque
2343 1463 2399 1502 ita

1344 1523 1453 1564 partu
1463 1514 1633 1562 solutam,
1680 1519 1736 1552 Ex
1757 1515 1960 1565 impreffione
1981 1529 2062 1552 vero
2087 1514 2293 1565 palmarum
2324 1520 2400 1553 Cu·

1351 1576 1443 1603 retas
1466 1565 1648 1616 prodiiſje,
1675 1580 1757 1616 quos
1774 1568 1818 1603 ab
1847 1566 1964 1616 effeflu
1994 1567 2117 1604 Graeci
2147 1565 2297 1603 nominis
2317 1571 2398 1603 Da-

1351 1616 1453 1665 ft'ylos
1467 1645 1479 1662 ,
1505 1617 1544 1654 id
1569 1617 1637 1664 est,
1663 1618 1810 1667 digitos,
1836 1630 1881 1658 ω’
1903 1618 2019 1658 Idaeos
2040 1616 2067 1654 ὰ
2097 1627 2213 1665 monte
2235 1617 2398 1654 nomina-

1349 1679 1504 1714 verunt,
1531 1678 1572 1704 ut
1591 1667 1617 1704 ιὶ
1632 1669 1771 1719 pupulis
1791 1668 1965 1706 oculorum
1987 1697 1999 1714 ,
2037 1681 2125 1719 quas
2148 1669 2271 1705 Graeci
2292 1669 2398 1712 κόρας

1348 1719 1545 1768 appellant,
1568 1719 1626 1756 vel
1646 1719 1672 1756 ἐι
1687 1719 1870 1770 galearum
1892 1725 2158 1765 c0n0,Curete›·.
2184 1719 2292 1756 Haec
2303 1719 2415 1757 Dio-¹
2443 1730 2450 1738 ³

1350 1770 1488 1808 medes.
1516 1770 1588 1808 Sed
1609 1770 1699 1809 aliae
1720 1783 1872 1821 quoque
1895 1773 2075 1812 Curetum
2097 1768 2298 1807 afferuntur
2319 1777 2402 1819 ety-

1350 1821 1551 1869 mologiae.
1596 1822 1697 1859 Nam
1720 1830 1762 1859 ut
1793 1821 1921 1859 Strabo
1944 1822 1993 1860 ait
2014 1849 2026 1866 ,
2061 1820 2120 1858 alii
2139 1821 2213 1856 ἀπὸ
2235 1820 2300 1864 τῆς
2323 1830 2406 1867 acem-⁴

1354 1873 1439 1918 ρᾶς,
1466 1872 1504 1910 id
1525 1871 1598 1916 est,
1626 1871 1646 1911 a
1669 1873 1815 1911 tonsura
1838 1874 1990 1910 Curetas
2011 1870 2208 1920 appellatos
2227 1870 2406 1917 scribunt‚·

1351 1923 1457 1972 quod
1486 1922 1630 1961 detonsi
1657 1923 1781 1962 essent.
1819 1923 1896 1961 Alii
1915 1922 1936 1960 a
1960 1923 2075 1959 Curio
2096 1928 2228 1961 monte
2248 1921 2403 1959 Pleuro-

1352 1974 1392 2012 ni
1412 1974 1646 2012 imminente.
1692 1974 1769 2012 Alii
1799 1972 1873 2010 ἀπὸ
1904 1975 1972 2010 τῶν
2003 1974 2106 2019 κορῶν
2127 2000 2141 2018 ,
2189 1970 2228 2009 id
2258 1971 2308 2009 est
2328 2000 2341 2018 ,
2376 1971 2401 2010 Ξ.

1354 2026 1481 2075 puellis
1505 2055 1515 2071 ,
1549 2024 1654 2076 quod
1682 2025 1809 2074 longas
1830 2023 1936 2063 stolas
1966 2032 2007 2062 ut
2038 2022 2180 2072 puellae
2209 2022 2404 2071 gestarent.

1357 2076 1512 2116 Curetes
1543 2076 1715 2115 omnium
1743 2077 1852 2126 primi
1873 2082 2053 2113 armatam
2082 2073 2312 2113 saltationem
2341 2073 2405 2117 in-:

1355 2127 1494 2166 vexiffe
1521 2128 1714 2173 dicuntur,
1742 2138 1827 2164 cum
1861 2126 1997 2175 clypeis
2026 2124 2147 2164 aeneis
2178 2134 2407 2163 concurren-

1352 2186 1406 2217 tes
1419 2207 1430 2225 ,
1454 2179 1717 2229 ludentesque,
1745 2180 1794 2216 &⁷
1812 2178 1976 2215 clamore
1997 2177 2037 2214 δε
2056 2175 2147 2214 aeris
2163 2176 2299 2213 tinnitu
2319 2186 2402 2214 non

1351 2230 1591 2279 permiserunt
1610 2230 1710 2276 Jovis
1728 2229 1876 2266 infantis
1894 2228 2059 2277 vagitum
2072 2254 2084 2272 ‚
2110 2238 2225 2276 quem
2239 2226 2402 2265 educan-

1351 2281 1441 2319 dum
1464 2281 1710 2330 susceperant,
1739 2280 1785 2317 ad
1807 2279 2004 2317 Saturnum
2034 2277 2242 2326 pervenire.
2290 2277 2401 2315 Haec

1351 2339 1430 2370 tam
1464 2331 1580 2369 multa
1611 2331 1658 2369 de
1691 2330 1884 2368 Curetibus
1914 2328 2005 2367 nihil
2034 2337 2162 2369 tamen
2204 2327 2402 2366 ostendunt

1353 2395 1430 2432 quo
1462 2382 1580 2421 modo
1603 2382 1647 2420 ab
1664 2381 1784 2419 imbre
1816 2380 1952 2418 fuerint
1983 2380 2069 2419 ort-i.
2107 2380 2277 2418 Rzexus.
2311 2385 2403 2416 Lar·
2429 2407 2432 2412 .

1349 2447 1457 2484 goque
1483 2434 1576 2480 satos
1616 2439 1764 2470 Curetas
1795 2431 1839 2468 ab
1861 2430 1967 2468 imbri
1989 2459 2000 2474 ,
2038 2441 2125 2468 cum
2157 2431 2211 2467 in'
2229 2428 2403 2468 omnibus
2438 2429 2445 2461 Ϊ

1356 2484 1622 2533 exemplaribus
1651 2483 1815 2533 legatur,
1842 2481 1965 2520 nescio
1987 2492 2060 2531 qua
2083 2481 2225 2518 ratione
2245 2479 2400 2530 quidam

1356 2535 1453 2573 moti
1482 2546 1623 2572 novam
1642 2534 1850 2572 invexerint
1877 2532 2104 2575 leetionem,
2143 2532 2316 2581 Taffaque
2337 2531 2402 2579 ῥι-

1356 2596 1406 2623 tos
1434 2591 1581 2623 Curetas
1601 2584 1646 2622 ab
1678 2585 1755 2622 Ida.
1793 2584 1895 2621 Nam
1917 2582 1980 2620 etfi
2010 2580 2265 2619 Stefimbrotus
2296 2589 2400 2619 exta-

1353 2644 1432 2680 ret,
1460 2637 1525 2686 qui
1542 2635 1702 2673 nimium
1725 2633 1915 2672 ambitiose
1929 2633 2059 2669 citatur
2082 2659 2092 2675 ‚
2119 2643 2197 2669 non
2220 2632 2401 2670 continuo

1352 2694 1481 2724 tamen
1510 2690 1647 2734 poetae
1668 2685 1786 2722 versus
1818 2684 1937 2721 fuerat
1957 2681 2154 2720 mutandus
2168 2710 2179 2726 ,
2213 2693 2299 2718 curn
2319 2693 2403 2731 per-

1355 2748 1468 2784 quam
1499 2737 1622 2773 variae
1647 2734 1848 2782 priscorum
1878 2736 2076 2782 po'e'tarum
2116 2732 2163 2771 de
2200 2730 2427 2772 istiusmodi·

1354 2786 1483 2824 fabulis
1501 2786 1637 2822 fuerin-t
1659 2784 1868 2833 opiniones.
1893 2784 2011 2821 IDEM.

1403 2836 1488 2874 282.
1516 2834 1664 2884 Imbri.]
1695 2835 1806 2872 Imbre
1829 2835 1976 2883 plurimi
1994 2834 2124 2883 scripti.
2411 2875 2414 2878 ,

1405 2887 1491 2936 283.
1517 2891 1566 2923 Et
1584 2886 1754 2936 cracem]
1785 2887 1928 2923 Crocos
1950 2885 2158 2923 adolescens
2179 2885 2399 2936 fuit,quem‘

1355 2937 1491 2976 Smilax
1513 2937 1617 2986 virgo
1639 2935 1725 2973 cum
1746 2944 1911 2981 amaret,
1937 2948 2060 2987 neque
2080 2937 2149 2973 frui
2169 2934 2286 2985 poffet
2299 2947 2399 2981 ‚am-

1353 2988 1404 3025 bo
1426 2989 1467 3025 in'
1484 2987 1591 3025 flores
1611 2987 1778 3025 converfi
1799 2988 1960 3024 fuerunt.
1988 2986 2098 3025 Unde
2117 2986 2305 3025 smilace-ae
2317 2997 2398 3024 cro-

1353 3049 1516 3087 ceaeque
1538 3049 1700 3076 coronae
1720 3038 1901 3076 dicuntur.
1938 3036 2031 3075 Sane
2052 3036 2177 3075 smilax
2198 3038 2263 3086 (ut
2287 3036 2402 3074 scribit

1355 3088 1542 3136 Galenus)
1571 3089 1682 3125 etiam
1701 3087 1775 3125 sine
1799 3089 1868 3138 (s)
1887 3089 1989 3126 litera
2020 3088 2206 3125 interdum
2237 3087 2402 3126 enuntia-

1355 3147 1423 3176 tur.
1451 3139 1510 3176 Est
1532 3148 1656 3176 autem
1677 3139 1802 3177 smilax
1819 3167 1828 3182 ‚
1857 3138 1979 3176 similis
1997 3137 2155 3175 hederae
2170 3146 2231 3184 ,ut
2252 3138 2342 3177 Plin.
2352 3136 2400 3174 ait

1358 3190 1444 3237 (lib.
1467 3201 1547 3227 xvr.
1569 3201 1648 3238 cap.
1680 3190 1765 3238 35.)
1792 3189 1944 3227 infausta
1963 3188 2135 3227 omnibus
2156 3189 2259 3226 sacris
2279 3189 2317 3226 &
2339 3198 2401 3225 co·-

1359 3241 1457 3278 ronis
1472 3269 1483 3285 ‚
1509 3241 1689 3290 quoniam
1713 3240 1755 3277 fit
1773 3240 1951 3289 lugubris:
1990 3239 2131 3288 virgine
2151 3240 2258 3288 hujus
2279 3235 2402 3276 nomi-

1359 3292 1414 3330 nis
1427 3320 1437 3338 ‚
1456 3299 1604 3341 propter
1616 3302 1786 3332 amorem
1801 3289 1949 3342 Juvenis
1960 3289 2072 3330 Croci
2085 3318 2096 3337 ‚
2110 3298 2249 3330 mutata
2258 3288 2402 3376 in‘hsme

2347 3347 2404 3374 ru-
