2483 3616
236 163 342 217 940

711 147 772 204 P.
844 141 1254 204 OVIDII
1324 144 1860 205 NASONIS

532 258 751 335 Quippe
777 260 958 314 Deum
984 257 1198 329 genitor
1223 258 1467 339 fraudem
1500 263 1553 317 &
1581 264 1808 338 perjuria
1833 261 2117 337 quondam.

529 335 841 405 Cercopum
866 333 1082 394 exosuS,
1119 343 1401 402 genusque
1425 332 1638 387 admi-ssa
1665 338 1911 400 dolosae3

525 405 585 461 In
612 406 857 460 deforme
882 404 1025 457 viros
1047 404 1235 457 animal
1261 404 1484 457 mutavit
1512 423 1524 457 :
1565 418 1623 458 ut
1647 408 1796 462 idem

535 477 823 533 Dissimiles
849 476 1055 530 homini
1080 474 1315 556 possent,

1354 475 1651 548 similesque
1675 479 1862 534 videri.

422 571 489 624 95
530 550 887 622 Membraque
914 562 1182 603 contraxit
1211 565 1222 600 :
1265 565 1526 620 naresque
1551 551 1580 602 a
1605 549 1785 603 fronte
1811 551 2027 608 resimas.

532 622 834 685 Contudit,
867 622 922 675 δε
948 622 1090 693 rugis
1114 621 1374 691 peraravit
1400 621 1620 675 anilibus
1648 638 1756 675 ora.

529 695 788 768 Totaque
814 695 1014 748 velatos
1038 693 1257 747 flaventi
1283 709 1511 764 corpora
1534 694 1660 748 villo

535 767 685 822 Mifit
714 769 768 822 in
797 768 887 820 has
912 767 1076 820 sedes,
1115 782 1216 819 nec
1241 782 1351 819 non
1377 766 1519 837 prius
1545 765 1752 821 abstulit
1774 764 1928 820 usum

528 840 865 897 Verborum,
909 839 962 891 δε
989 853 1141 893 natae
1167 837 1283 891 dira
1308 838 1362 891 in
1386 839 1613 910 perjuria
1636 839 1863 910 linguae.

389 932 490 971 100
528 913 682 969 Poffe
706 913 859 989 queri
883 912 1091 967 tantum
1114 927 1277 966 rauco
1303 909 1528 967 stridore
1554 912 1833 986 relinquit.

240 1275 420 1314 transtulit
439 1275 616 1314 Martialis
632 1303 643 1322 ,
672 1275 874 1314 identidem
894 1281 1082 1324 repetens,
1120 1274 1182 1312 Ole
1201 1273 1300 1326 quid‘

240 1327 288 1363 ad
310 1336 368 1364 te?
386 1326 573 1365 Zenobius
595 1336 716 1365 autem
741 1328 925 1375 Cercopas
946 1328 982 1363 in
1004 1326 1125 1375 Lydia
1145 1327 1287 1373 statuit,

239 1377 302 1415 ubi
321 1389 404 1414 cum
426 1378 587 1415 Hercule
602 1406 612 1423 ,
641 1380 703 1427 qui
726 1390 789 1426 per
810 1377 909 1415 idem
920 1387 1065 1425 tempus
1077 1377 1287 1426 Omphalae

236 1428 500 1473 famulabatur,
539 1427 746 1478 congressos
767 1429 840 1472 ait,
868 1440 909 1465 ac
939 1429 988 1465 ob
1017 1429 1170 1465 nimiam
1201 1440 1286 1477 cap-

240 1478 344 1516 tandi
375 1479 609 1516 calliditatem
639 1481 676 1517 in
698 1479 834 1527 lapides
859 1477 1077 1516 obduruisse.
1103 1479 1204 1527 quod
1220 1491 1286 1517 eo-

236 1538 319 1566 rum
348 1538 466 1566 mater
488 1531 704 1568 Memnonis
735 1530 855 1566 multo
882 1528 969 1567 ante
992 1530 1072 1566 fore
1096 1529 1286 1577 praedixe-

238 1588 315 1622 rat;
344 1579 494 1617 subinde
516 1592 694 1624 monens,
723 1592 770 1617 ne
790 1580 1076 1628 Melampygon,
1091 1579 1207 1624 idest,
1228 1581 1286 1618 ni-

237 1630 308 1676 gris
328 1630 531 1668 Herculem
550 1632 713 1675 natibus‚
740 1631 872 1679 injuria
895 1638 1151 1679 provocarent.
1205 1631 1283 1670 Alii

238 1679 365 1718 Thiae
405 1680 499 1718 filios
537 1683 575 1720 &
618 1682 763 1720 Oceani
801 1680 903 1719 fuiffe
938 1681 1092 1718 malunt.
1133 1692 1249 1730 pauca
1267 1708 1278 1726 ,

240 1741 336 1777 quae
373 1731 557 1780 supersunt
578 1760 589 1776 ,
634 1732 659 1769 fi
696 1732 760 1781 qui
788 1732 918 1769 volent
938 1759 948 1775 ‚
990 1732 1034 1769 ab
1065 1742 1112 1769 eo
1139 1739 1278 1780 petant.

241 1781 411 1818 CiorAN.
439 1782 523 1819 Vid.
545 1783 665 1820 Schol.
689 1782 734 1820 ad
750 1782 894 1819 Zenob.
917 1782 1026 1819 Cent.
1050 1794 1079 1818 1.
1103 1794 1161 1820 10.

292 1830 352 1879 89.
381 1833 594 1882 mammem]
628 1839 733 1883 Inque
753 1833 888 1869 arimen
907 1840 989 1871 tert.
1002 1831 1206 1870 Mediceus.
1220 1832 1282 1871 sed

240 1882 420 1918 Inarimen
434 1910 444 1926 ,
472 1884 545 1920 dici
566 1884 644 1920 usus
663 1885 836 1920 obtinuit.
862 1883 964 1931 quod
987 1894 1129 1921 nomen
1151 1896 1196 1921 ex
1216 1883 1284 1922 de-

239 1941 393 1980 pravato
423 1942 484 1971 aut
518 1934 612 1970 male
633 1933 821 1971 intelleeto
844 1934 1005 1970 Homeri
1024 1934 1110 1971 loco
1131 1946 1282 1983 proma·-

237 1981 336 2020 naffe
363 1983 528 2021 creditur.
556 1984 745 2021 manifeste
773 1995 863 2021 vero
879 1982 1082 2021 Pithecusas
1101 1985 1144 2021 ab
1168 1985 1282 2023 Inari-

239 2044 303 2069 me
329 2032 402 2070 five
431 2033 582 2071 AEnaria
606 2034 813 2082 distinguit,
841 2034 1039 2083 quomodo
1058 2036 1095 2072 δί
1116 2035 1280 2084 Pompo-

238 2083 319 2120 nius
350 2084 450 2121 Mela
478 2085 516 2121 ὃ(
534 2085 668 2122 Plinius
688 2097 771 2122 cum
795 2085 922 2122 Solino
943 2096 984 2122 ac
1000 2085 1187 2122 Martiano
1209 2086 1282 2123 Ca-

238 2133 345 2181 pella.
399 2135 523 2171 Ceteri
544 2135 620 2172 fere
642 2135 856 2183 Geographi
878 2162 889 2178 ‚
917 2136 954 2172 in
976 2136 1101 2183 primis
1123 2136 1283 2181 Graeci,

238 2195 324 2221 cum
350 2186 500 2221 Inarime
518 2185 763 2223 confundunt.
817 2184 1028 2229 Salmasius,
1064 2186 1127 2234 qui
1148 2186 1192 2223 ad
1215 2186 1283 2223 So-

237 2233 356 2272 linum
384 2247 461 2272 non
492 2247 568 2273 uno
590 2236 676 2273 loco
698 2236 889 2273 contendit
913 2236 1096 2273 Inarimen
1115 2248 1192 2273 non
1213 2235 1283 2275 efie

238 2284 529 2333 distinguendam
552 2298 572 2323 a
599 2286 818 2331 Pithecusis‚
852 2286 1069 2324 sententiam
1092 2287 1190 2324 suam
1214 2299 1284 2325 no-

239 2334 292 2372 bis
314 2348 391 2373 non
414 2337 553 2385 probat.
581 2337 661 2386 quis
692 2338 794 2374 enim
816 2337 938 2374 credat
961 2336 1147 2374 Nasonem
1162 2365 1172 2381 ‚
1201 2338 1286 2376 Me-

236 2384 337 2431 lam,
364 2387 569 2425 Italicarum
601 2389 795 2436 regionum
822 2396 897 2425 tam
930 2389 1122 2436 imperitos
1152 2387 1286 2425 fuiffe?

240 2435 304 2472 etfi
325 2437 457 2475 Plinius
490 2439 583 2475 libro
604 2450 666 2476 111.
696 2450 773 2486 cap.
791 2439 829 2475 6.
853 2437 1043 2475 AEnariam
1060 2439 1095 2475 ὃ(
1118 2439 1288 2476 Ρίὼεςυ-

238 2484 288 2522 sas
320 2488 536 2532 confundit,
565 2500 698 2538 easque
716 2500 792 2525 non
811 2501 832 2526 a
856 2490 1133 2537 Cercopithecis
1148 2516 1158 2533 ,
1185 2489 1245 2526 sed
1265 2501 1284 2527 a

241 2533 372 2583 figlinis
396 2538 631 2576 doliariorum
653 2539 764 2577 dictas
787 2540 989 2577 contendit.
1020 2540 1138 2576 Aliter
1158 2539 1285 2577 Suidas

240 2585 278 2621 ὅ(
305 2587 585 2635 Harpocration.
614 2591 757 2627 Hfims.
785 2590 872 2627 Vid.
894 2591 931 2627 &
952 2589 1173 2627 Beroald.ad
1186 2590 1285 2628 Suet.

239 2634 338 2684 Aug.
361 2649 436 2686 cap.
458 2651 548 2677 xc11.
570 2641 606 2677 ὅ(
627 2640 769 2678 Salmas.
794 2641 954 2679 Exercit.
975 2641 1065 2678 Plin.
1083 2640 1233 2690 pag.68.

291 2717 351 2752 92.
380 2708 601 2757 Cercopum]
633 2709 816 2758 Cercopes
826 2711 862 2746 in
877 2709 995 2757 Lydia
1010 2710 1166 2758 populos
1180 2708 1283 2747 fuisse

237 2754 424 2794 Zenobius
435 2758 541 2794 tradit
552 2759 781 2796 immansueti
792 2761 927 2807 ingeni1
938 2769 1047 2808 atque
1061 2760 1206 2804 fallacis,
1219 2762 1283 2808 qui

238 2818 324 2844 curn
367 2809 404 2843 in
433 2808 631 2844 Herculem
664 2809 759 2855 apud
790 2810 1002 2856 Omphalen
1034 2810 1248 2847 existentem
1269 2838 1280 2854 ‚

238 2858 355 2895 multa
379 2856 544 2894 dixissent
563 2859 752 2901 convicia,
781 2858 823 2894 ab
840 2858 915 2906 ipso
935 2859 1069 2895 domiti
1092 2861 1128 2894 ὃ(
1148 2860 1280 2907 suppli-

239 2908 300 2945 cio
323 2906 442 2945 affeffi
463 2908 633 2951 fuerunt3
663 2907 774 2944 iidem
791 2935 800 2950 ,
820 2919 902 2945 cum
924 2909 1056 2952 Jovem
1078 2909 1200 2956 postea
1214 2921 1282 2946 vo-

238 2956 382 2995 luiffent
407 2959 597 3006 decipere,
625 2957 668 2994 ab
690 2958 764 3005 ipso
784 2959 911 2994 mutati
935 2958 1128 2995 fueruntin
1141 2958 1284 3001 saxum,

238 3009 335 3046 unde
355 3008 414 3045 illa
431 3017 514 3046 nata
534 3008 812 3056 suntproverbia
825 3035 836 3052 ,
865 3019 957 3055 quae
967 3009 1283 3055 narratinterpies,

238 3059 554 3104 ἄγορὲιΙέερκώπων
566 3086 577 3103 ‚
598 3059 634 3096 id
648 3058 710 3103 est,
721 3060 844 3096 forum
860 3059 1067 3105 Cercopum
1086 3085 1095 3101 ‚
1110 3060 1146 3094 ὅ(
1160 3070 1287 3100 κερκω-

239 3109 360 3157 πέζαν
373 3138 383 3152 ,
406 3111 443 3149 id
466 3110 514 3147 est
533 3110 740 3159 cercopizare
760 3111 797 3146 in
815 3120 945 3157 pravos
959 3136 969 3150 ‚
998 3109 1034 3145 ὃ(
1047 3110 1284 3156 pessimorum

236 3161 408 3198 homines
428 3173 575 3199 morum
591 3188 600 3204 ,
629 3172 723 3209 quae
745 3171 820 3196 non
832 3157 1042 3202 retulissem,
1062 3158 1284 3206 nifiimpres-

240 3211 335 3248 sores
356 3210 604 3259 corrupissent.
633 3211 868 3248 CONSTANT.
894 3209 987 3247 FAN.
1017 3208 1282 3257 lllaproverbia

241 3261 325 3299 ride
346 3263 441 3310 apud
460 3262 604 3302 Zenob.
624 3261 731 3301 Cent.
752 3273 782 3300 1.
806 3273 839 3310 ς.
864 3260 910 3299 ὃς
925 3272 977 3300 1v.
1003 3272 1063 3309 50.
1090 3260 1190 3299 &ibi
1210 3271 1281 3310 nof

2236 1132 2396 1193 Faue

1342 1282 1395 1314 tas
1415 1273 1570 1314 Schotti.
1597 1273 1765 1326 Apostol.
1783 1282 1880 1314 cent.
1894 1285 1925 1314 1.
1942 1285 2002 1314 21.
2028 1272 2152 1324 ibique
2169 1273 2391 1313 Pantinum:

1343 1339 1397 1364 x1.
1425 1339 1481 1373 24.
1520 1327 1652 1364 Amm.
1683 1328 1801 1365 Marc.
1832 1339 1927 1365 xxn.
1960 1338 2014 1373 14.
2041 1325 2087 1364 de
2118 1325 2292 1372 Julianoz
2329 1325 2399 1362 Ri-

1342 1377 1491 1414 debatur
1519 1388 1559 1414 ut
1587 1384 1748 1427 Cercops‚
1786 1378 1884 1415 homo
1911 1377 2028 1414 brevis
2049 1405 2059 1421 ,
2103 1375 2260 1414 humeros
2281 1376 2392 1423 exser-

1343 1439 1424 1465 tans
1449 1428 1603 1477 angustos
1623 1440 1695 1468 wc.
1723 1429 1871 1477 Tanaq.
1891 1428 1976 1466 Fab.
1994 1427 2054 1465 lib.
2081 1439 2127 1465 11.
2153 1427 2222 1476 Ep.
2241 1437 2274 1474 7.
2301 1427 2394 1464 Cera

1342 1491 1454 1527 copes
1486 1491 1553 1528 pro
1585 1479 1770 1518 fallacibus
1796 1479 1868 1517 dici
1897 1479 2062 1528 putavit,
2096 1478 2135 1515 ὅ(
2164 1489 2229 1526 pro
2251 1476 2401 1522 κέρκωψ·

1341 1532 1453 1567 etiam
1485 1529 1627 1574 κέκρωψ
1647 1530 1740 1568 olim
1758 1529 1854 1578 apud
1874 1538 2015 1567 veteres
2035 1529 2119 1577 legi.
2146 1528 2245 1566 unde
2262 1527 2392 1565 locum

1340 1580 1523 1629 Hesychii·
1539 1580 1737 1618 emendare
1755 1589 1884 1618 tentat.
1906 1580 1979 1618 vid.
2003 1579 2053 1616 ibi
2063 1586 2168 1616 notas
2190 1578 2392 1617 detrorum

1338 1631 1516 1668 virorum.
1545 1632 1641 1668 forte
1655 1633 1765 1669 etiam
1779 1630 1875 1680 apud
1887 1630 2155 1679 Alciphronem
2167 1630 2228 1668 lib.
2240 1641 2268 1666 1.
2280 1628 2392 1677 Epist.

1336 1680 1783 1730 28.legendum‚⁷rs‘⁷roevao
1795 1680 1926 1726 κέρκοψ
1937 1680 2115 1725 ἅθλιε,υὸί
2126 1680 2238 1729 vulgo
2249 1678 2405 1725 κέκροψ,.

1337 1743 1414 1780 quo
1448 1732 1625 1776 nornine,
1658 1740 1697 1770 ut
1714 1731 1912 1770 nobilitatis
1932 1733 2104 1782 antiquae
2123 1730 2284 1775 indicio,
2311 1741 2392 1768 non

1337 1783 1467 1830 dignus
1486 1782 1631 1820 videtur
1652 1782 1863 1821 libidinosus
1892 1782 2025 1828 senex,
2053 1790 2094 1820 ut
2112 1781 2211 1830 epist.
2236 1792 2296 1831 33.
2325 1792 2393 1820 ve-

1336 1835 1428 1872 tulas
1447 1842 1558 1871 vocat
1580 1832 1757 1877 Πιθῆκους.
1784 1833 1918 1871 ΒυιῑΜ.

1391 1897 1450 1931 94.
1479 1883 1703 1934 Diffimiles.]
1745 1883 1996 1933 Diffimilesque
2018 1883 2094 1922 duo
2110 1881 2202 1921 libri.
2228 1881 2392 1922 hominis.

1339 1946 1432 1973 unus
1454 1935 1604 1983 Regius.

1388 1998 1449 2034 95.
1478 1991 1656 2036 Naresque
1676 1984 1701 2021 ἰι
1712 1987 1832 2031 fronte
1851 1983 2000 2033 remiffizs
2023 1983 2224 2034 Contulit]
2262 1983 2317 2022 Ita
2339 1983 2390 2023 est

1336 2036 1374 2074 in
1405 2035 1623 2085 quibusdam
1648 2036 1801 2084 vulgatis
1830 2036 1936 2073 libris.
1962 2033 2080 2078 male,
2109 2043 2150 2072 ut
2170 2036 2316 2083 opinor.
2343 2034 2399 2074 In*

1338 2086 1521 2124 veteribus
1550 2085 1642 2123 vero
1656 2114 1667 2130 ‚
1707 2092 1885 2135 Naresque
1904 2085 1929 2122 ὰ
1944 2087 2064 2131 fronte
2084 2085 2236 2134 remissas
2256 2091 2391 2122 Contu-

1337 2136 1404 2173 a'it.
1435 2137 1605 2173 CiorAN.
1633 2134 1783 2185 Refimas
1802 2135 1991 2173 Salmasius
2014 2134 2257 2173 acl-Solinum.
2276 2148 2309 2184 p.
2327 2135 2389 2175 68.

1338 2186 1452 2226 reete.
1479 2199 1564 2224 nam
1586 2188 1691 2235 prim.
1713 2186 1813 2224 Bafil.
1835 2188 1872 2224 3<
1886 2187 1945 2224 sex
1957 2185 2030 2230 alii,
2050 2185 2216 2232 revulsas.
2229 2186 2286 2223 alii
2299 2197 2393 2235 qua-
2452 2214 2458 2222 .

1339 2245 1447 2282 tuor,
1465 2237 1607 2285 retusas.
1632 2235 1772 2286 refimus
1785 2265 1796 2280 ‚
1824 2246 1863 2275 ut
1886 2236 2057 2286 repandus
2077 2236 2113 2273 δε
2127 2236 2294 2273 reduncus
2307 2236 2400 2275 alibi·

1341 2287 1437 2335 apud
1458 2288 1646 2326 Nostrum.
1674 2287 1835 2337 resimas,
1864 2290 2045 2333 ἀνάσιμος.
2072 2285 2146 2336 iqua
2165 2299 2259 2325 voce
2271 2288 2398 2325 Varro·

1342 2338 1402 2376 lib.
1424 2351 1468 2376 11.
1493 2350 1569 2385 cap.
1591 2352 1626 2385 9.
1655 2339 1699 2375 R.
1722 2339 1765 2375 R.
1782 2338 1992 2376 Columella
2020 2337 2081 2374 lib.
2095 2350 2150 2376 vx.
2171 2349 2247 2386 cap.
2266 2350 2295 2375 1.
2317 2338 2389 2376 Pli-

1342 2389 1448 2432 nius,
1484 2389 1662 2426 Palladius
1690 2389 1751 2426 lib.
1772 2401 1827 2426 1v.
1853 2400 1930 2437 cap.
1954 2399 2010 2426 11.
2039 2387 2182 2425 Solinus
2214 2388 2294 2425 sunt
2327 2387 2392 2428 ufi.

1344 2440 1454 2476 etiam
1476 2439 1663 2476 Arnobius
1686 2439 1746 2476 lib.
1770 2452 1833 2477 111.
1861 2440 1902 2477 ln
1923 2439 2038 2476 altero
2051 2438 2393 2477 Twisdeniointer-

1340 2489 1484 2527 linearis
1513 2488 1627 2538 glossa
1658 2489 1838 2534 exstabat,
1878 2489 2052 2537 remiffa-s,
2088 2487 2126 2526 id
2151 2488 2198 2525 est
2219 2502 2395 2528 recurvas.

1342 2539 1454 2577 Unde
1474 2549 1621 2588 apparet
1639 2539 1777 2589 refimas
1797 2540 1888 2578 olim
1910 2538 2012 2577 fuiffe
2032 2538 2180 2576 leoum.
2194 2538 2241 2576 fic
2256 2539 2396 2589 pandus

1341 2591 1379 2628 &
1406 2591 1586 2638 repandus.
1613 2591 1703 2627 Simo
1731 2591 1881 2628 damnat
1908 2592 1973 2637 sua
1999 2589 2150 2638 prandia
2169 2589 2275 2626 vultu
2295 2589 2398 2637 apud·

1342 2641 1547 2679 Austorem
1580 2643 1717 2678 Moreti
1732 2668 1742 2683 ‚
1768 2641 1841 2678 hoc
1870 2641 1918 2678 est
1928 2640 2024 2689 sima
2048 2651 2090 2679 εγ
2107 2650 2259 2676 contorta
2281 2653 2399 2685 nare,

1339 2692 1443 2740 quod
1473 2691 1691 2728 fastidientes
1710 2691 1839 2728 solent.
1868 2691 2030 2739 Hesych.
2056 2691 2273 2733 ἁποσιμοῖν,
2299 2690 2397 2726 cino*

1340 2742 1493 2789 ςρέφειν.
1520 2742 1568 2778 fic
1588 2744 1623 2778 ὅ(
1637 2739 1767 2790 fimare
1790 2754 1889 2778 nares
1907 2741 2056 2779 Lucilio
2077 2739 2172 2787 apud
2186 2739 2371 2780 Nonium.

1391 2810 1545 2846 Simavit
1563 2810 1678 2846 taxim
1699 2819 1737 2846 at
1757 2822 1857 2846 nares
1876 2807 2066 2857 Delphinus
2084 2817 2125 2843 ut
2144 2808 2248 2845 olim..

1338 2859 1400 2897 ubi
1434 2872 1620 2908 perperam
1653 2860 1701 2896 ad
1730 2872 1829 2895 nares
1858 2870 1957 2895 nunc
1975 2858 2228 2896 circumfertur
2251 2859 2287 2896 in
2307 2859 2390 2898 edi-⁷

1339 2911 1511 2947 tionibus.
1553 2912 1638 2946 hinc
1660 2908 1806 2957 fimones
1833 2907 1921 2945 dieti
1950 2908 2153 2956 Delphines
2186 2908 2281 2957 apud
2311 2909 2389 2947 ΡΜ-ι

1339 2961 1441 2996 nium
1465 2962 1502 2996 &
1523 2960 1687 2996 Solinum
1705 2987 1714 3001 ‚
1742 2957 1893 2995 AEliano
1910 2962 2013 3002 σιμοὶ.
2030 2956 2161 3008 fimare
2181 2968 2301 2997 autem
2317 2972 2382 2995 na-

1343 3022 1394 3045 res
1417 3010 1514 3046 idem
1548 3009 1649 3057 quod
1680 3009 1840 3045 Horatio
1862 3021 1888 3046 1.
1910 3010 1976 3057 Ep.
1999 3021 2037 3046 v.
2062 3022 2236 3057 corrugare
2253 3022 2351 3046 nares
2369 3035 2391 3054 2..

1343 3059 1446 3106 quod
1476 3059 1657 3096 fastidium
1688 3070 1841 3096 movere
1874 3067 1978 3097 vetus
1997 3059 2180 3098 Scholiast.
2204 3060 2383 3108 interpre7

1342 3115 1459 3146 tatur:

1643 3173 1686 3197 ne
1704 3168 1799 3210 turpe
1819 3159 1934 3207 toral,
1959 3173 2000 3198 ne
2012 3159 2154 3210 fhrdida
2172 3168 2293 3209 mappa
2306 3187 2328 3205 ,,

1390 3214 1554 3258 Corruget
1573 3223 1683 3248 nares.

1336 3271 1414 3310 quo
1447 3261 1561 3301 verbo
1582 3261 1766 3313 eleganter
1793 3261 1934 3312 gestum
1965 3259 2230 3316 fastidiosorum
2256 3260 2383 3350 hoffnii‘

2285 3323 2309 3349 n
