2483 3616
326 198 1542 263 METAMORPHOSEON
1613 199 1732 254 Lm.

1804 198 1941 256 VIII.
2086 219 2185 272 575

326 295 821 369 ¹I-Iiplaothoosque,
838 334 841 339 «
860 294 1170 368 Dryasque,
1207 293 1265 348 &
1290 306 1470 348 cretus
1500 294 1804 364 Amyntore
1826 291 2100 356 Phoenix,

335 367 731 440 Astoridaeque
758 385 935 438 pareS,
978 367 1031 421 &
1058 366 1232 421 miffus
1259 366 1322 420 ab
1351 366 1505 420 Elide
1531 365 1775 436 Phyleus,

334 443 450 496 Nec
474 440 742 494 Telamon
773 440 979 501 aberat,
1020 440 1265 511 magnive
1290 453 1500 493 creator
1526 438 1777 492 Achillis:

186 533 294 579 ,310
332 512 585 584 Cumque
613 512 931 568 Pheretiade
957 512 1011 567 δε
1040 511 1300 585 Hyanteo
1325 511 1466 566 l‘olao

2 748 3 764 ;
31 727 113 766 viia
139 725 182 764 ab
215 736 262 762 eo
287 752 298 769 ,
320 724 396 774 vqui
423 725 498 763 hoc
529 737 620 775 opus
645 725 665 764 ὲ
690 726 820 765 Latina
839 727 877 764 in
900 728 1081 765 Graecam

2 790 3 818 ζ
42 778 201 825 linguam
222 777 350 818 vertit,
378 777 449 824 legi
473 777 641 820 videtur,
670 786 709 814 ut
722 779 964 826 intelligamus
977 779 1084 827 Lyn-

2 824 3 833 ¹
43 840 148 866 ceum
174 826 366 864 acutissimi
398 827 491 864 visus
517 828 738 870 hominem,
777 830 936 876 Apharei
964 828 1082 866 filium

40 876 156 917 fixisse.
208 877 311 914 Huic
347 884 472 914 autem
494 877 646 915 lectioni
673 878 894 926 Apollonius
914 880 1081 916 Rhodius

38 928 264 976 adstipulatur
276 928 313 964 in
324 929 446 975 primo
462 928 741 977 Argonauticon
760 958 769 973 ‚
783 929 867 966 cutn
880 929 1079 978 Lynceum

40 979 82 1016 ἃ
105 978 206 1015 Idam
229 978 451 1025 Aphareidas
473 989 603 1024 vocat,
631 991 743 1028 quem
775 989 850 1016 tam
871 981 966 1017 acuti
989 980 1081 1017 visus

39 1027 141 1067 fuiffe
159 1030 230 1072 ait,
258 1038 296 1066 ut
313 1029 423 1065 etiam
449 1041 543 1078 quae
567 1029 628 1067 sub
647 1039 739 1067 terra
761 1028 896 1074 essent,
922 1031 1083 1068 intuere-

31 1085 106 1118 itur.
134 1080 299 1116 Remus.
354 1079 485 1117 Versus
513 1080 706 1129 Apollonii
728 1081 807 1117 sunt
834 1080 894 1117 lib.
920 1093 950 1117 1.
974 1093 1055 1128 ¹51·

38 1176 42 1180 .
90 1128 135 1166 Οἰ
153 1127 188 1166 τ’
210 1126 480 1175 Α’Φαρητιοὶδκι
501 1133 694 1176 Λυγκεῦς,
724 1133 787 1166 ux}
807 1130 966 1175 ὑπέρβιος
985 1130 1080 1174 Γδοις

83 1181 266 1226 Αρήνηθεν.
288 1182 396 1225 ἔβαν,
424 1182 575 1226 μεγάλῃ
597 1182 812 1224 περιθαρσέες
830 1181 927 1227 ἀλκῇ

85 1232 315 1279 Α’μφότεροι.
353 1235 519 1276 Λυγκεῦς
541 1231 581 1267 δὲ
603 1233 664 1266 ux}
684 1231 872 1279 ὀξυτάτοις
894 1233 1051 1276 §nexae-0

86 1279 262 1329 (J'pmccmv
277 1311 287 1325 ‚
314 1280 344 1318 εἶ
366 1283 465 1318 ’ἐτεόν
483 1294 528 1327 γε
557 1285 662 1318 πέλει
683 1287 790 1324 κλέος
808 1284 937 1328 ἀνέρα,
969 1287 1077 1321 κεῖνον

87 1334 226 1375 Ρηιδὶως
248 1335 311 1369 καὶ
333 1334 422 1378 νέρθε
440 1336 540 1368 κατὰ
560 1334 681 1378 χθονὸς
699 1333 930 1381 αὐγάζεο-θρα.

36 1385 196 1434 Apharei
225 1393 348 1422 autem
384 1384 516 1422 liberos
546 1382 649 1420 fuisse
680 1385 876 1433 Lynceum
901 1387 939 1423 &
972 1386 1074 1424 Idam

3 1451 5 1455 ’
31 1435 219 1474 Pausanias
238 1447 389 1485 quoque
410 1434 520 1472 docet
541 1435 577 1471 in
592 1433 822 1478 Meffenicis,
852 1436 1075 1486 eosdemque

22 1497 119 1524 ¹”cum
144 1487 333 1535 Meleagro
362 1487 397 1523 in
419 1486 487 1522 hac
507 1486 707 1522 venatione
735 1485 836 1523 fuisse
855 1488 966 1524 etiam
992 1488 1075 1536 l-ly-

32 1537 137 1585 ginus
155 1537 299 1575 testatur
328 1536 444 1584 capite
471 1547 551 1584 173.
590 1537 818 1585 Quanquam
838 1537 934 1585 apud
957 1538 1074 1586 Apol-

32 1587 179 1626 lonium
197 1600 263 1636 pro
286 1583 556 1633 Α’Φοιρκιέιέοιι,
583 1587 816 1634 interposita,
839 1602 885 1632 τ,
916 1589 1076 1634 Α’φκρη-

34 1638 160 1674 mazam
185 1637 339 1686 legitur,
379 1638 586 1685 euphoniae
612 1665 622 1681 ‚
657 1646 697 1674 ut
725 1647 815 1685 puto
833 1666 842 1680 ,
878 1641 990 1687 gratia
1013 1668 1023 1684 ‚
1052 1639 1076 1677 fi

4 1723 5 1730 ,
33 1696 159 1726 tamen
187 1688 325 1735 integra
366 1687 415 1725 est
446 1688 628 1734 scriptura.
674 1689 849 1725 Mrcrm..
901 1689 1078 1741 prolesque

35 1750 122 1777 cum
147 1739 370 1776 melioribus,
399 1739 545 1776 Hems.

4 1785 6 1835 ff
88 1801 172 1839 305.
202 1794 248 1825 Et
265 1789 365 1825 velox
386 1788 506 1838 Idas.]
562 1789 685 1827 Frater
718 1790 883 1838 Lyncei,
909 1798 948 1828 ut
966 1791 1077 1840 supra.

4 1838 6 1879 ὲ
35 1839 111 1878 Hic
131 1840 240 1877 etiam
265 1848 390 1877 contra
408 1840 625 1888 Apollinem
648 1841 836 1877 intendere
854 1853 979 1878 arcum
1010 1855 1075 1881 au-

34 1891 89 1929 sus
105 1892 196 1934 fuit,
220 1889 266 1927 eo
287 1890 389 1939 quod
411 1891 469 1927 ille
486 1889 652 1938 sponsam
673 1889 882 1939 Marpiffam
903 1894 1072 1938 nomine,

4 1939 7 1974 Ι
34 1942 234 1990 praeripere
266 1941 299 1978 ei
330 1939 519 1983 voluisset,
551 1950 591 1978 ut
619 1941 667 1978 est
689 1941 787 1979 Iliad.
811 1955 861 1978 ix.
887 1955 968 1991 553.
996 1956 1072 1993 quo

5 2009 7 2015 =
31 1991 119 2030 loco
158 1993 344 2029 Homerus
375 1994 547 2036 κράτιςον
580 1999 690 2028 vocat
712 2020 722 2036 ,
749 2004 862 2041 quem
890 1994 953 2030 hic
978 1996 1073 2032 Ovi-

32 2041 112 2080 dius
131 2043 290 2078 velocem.
344 2042 557 2079 interfectus
575 2050 699 2080 autem
723 2043 792 2080 fuit
813 2044 967 2081 fulmine
990 2054 1071 2083 tan—

31 2092 119 2130 dem
149 2091 169 2128 a
198 2092 319 2138 Jove,
347 2091 429 2129 cum
451 2094 488 2129 in
510 2104 632 2140 pugna
653 2101 779 2130 contra
806 2094 994 2132 Castorem
1036 2098 1074 2134 ὃς

6 2187 7 2190 ¹
33 2142 225 2179 Pollucem
240 2169 249 2184 ,
277 2143 431 2179 alterum
452 2143 598 2180 illorum
622 2141 820 2181 occidisset.
873 2145 1020 2184 Pausan.
1036 2148 1076 2185 in

35 2190 195 2229 Meffen.
225 2193 397 2229 chrtt.

89 2253 172 2291 305.
199 2242 292 2297 ΞΛΜ.
311 2256 378 2279 non
396 2243 551 2289 foemina
573 2246 763 2296 Caeneus]
818 2247 894 2285 Hic
913 2247 1006 2287 Elati
1033 2249 1075 2287 fi-

34 2291 127 2337 lius,
155 2293 192 2329 &
216 2293 322 2329 initio
335 2293 499 2331 foemina
516 2296 606 2333 fuit:
636 2298 761 2335 Postea
782 2306 906 2336 autem
929 2297 948 2335 a
973 2300 1076 2349 Nep-

35 2349 127 2380 tuno
148 2343 273 2398 oblato
285 2343 443 2403 Nervitio
464 2372 473 2386 ‚
504 2356 570 2392 pro
592 2347 800 2394 virginitate
827 2348 970 2387 donum
999 2351 1073 2388 hoc

30 2400 193 2441 recepit,
213 2401 253 2430 ut
281 2406 300 2430 e
322 2398 487 2431 foemina
507 2397 543 2431 in
564 2407 702 2433 marem
722 2407 999 2436 converteretur
1013 2428 1023 2444 ,
1036 2402 1074 2437 ὃς

32 2442 69 2480 δι’
83 2446 161 2481 telis
184 2444 463 2494 vulneribusque
483 2444 702 2482 inviolabilis
730 2449 837 2484 foret.
891 2449 1013 2496 Hujus
1032 2450 1075 2486 fi-

36 2493 101 2532 lius
122 2495 293 2531 Coronus
314 2495 403 2538 fuit,
430 2496 493 2543 qui
513 2506 598 2531 cum
619 2494 842 2543 Argonautis
862 2498 898 2534 in
912 2498 1074 2537 Colchos

36 2545 216 2593 profeetus
237 2545 296 2581 est.
334 2545 489 2594 Reliqua
507 2544 599 2581 infra
620 2546 706 2582 vide
726 2547 763 2583 in
780 2546 876 2584 bello
901 2548 1074 2595 Lapitha-

35 2603 115 2633 rum
140 2598 177 2632 &
200 2596 483 2632 Centaurorum.
510 2595 623 2632 on-zm.
649 2597 773 2632 Caenis
792 2597 961 2634 Leidens.
1002 2604 1013 2612 *

36 2656 44 2660 ·
63 2650 68 2651 ’
85 2647 167 2694 306.
197 2646 438 2696 Leucippusque
448 2645 587 2694 serm]
643 2646 878 2694 Leucippum
900 2648 999 2686 hunc
1018 2649 1072 2686 A·-

7 2701 8 2704 ’
36 2695 157 2743 ‘pharei
175 2697 323 2733 fratrem
346 2697 513 2743 accipio,
540 2696 697 2733 Perierei
719 2695 855 2740 filium,
887 2707 974 2736 natu
1001 2701 1071 2737 mi-

35 2755 163 2783 norem
177 2774 186 2790 ,
198 2747 498 2795 quandoquidem
514 2747 686 2794 proximo
706 2746 793 2783 loco
807 2748 951 2796 Lyncei
965 2761 1071 2787 men-

36 2797 173 2839 tionem
197 2799 293 2834 secit.
349 2798 430 2834 Fuit
452 2807 575 2834 autem
595 2798 654 2834 hic
675 2797 885 2845 Leucippus
912 2809 1011 2846 pater
1021 2801 1072 2837 E·-

37 2843 139 2884 lairae
163 2849 200 2884 &
223 2847 409 2890 Phoebes,
437 2859 525 2896 quas
546 2847 672 2884 Castor
695 2849 732 2884 &
763 2848 892 2885 Pollux
914 2850 1072 2888 abduce·

39 2905 76 2933 re
93 2897 212 2934 conati
226 2896 279 2941 ,a
302 2898 464 2934 fratribus
485 2897 547 2935 Ida
568 2899 605 2934 ὃς
629 2898 785 2946 Lynceo
806 2899 977 2946 prohibiti
992 2901 1072 2938 fue-

7 2964 9 2994 1
39 2956 102 2990 re,
127 2948 238 2984 altero
256 2947 401 2984 illorum
422 2949 531 2985 etiam
554 2949 688 2985 occiso.
728 2949 843 2997 Cujus
870 2948 1072 2989 rei&l?ro'-

4 3005 10 3041 1
36 2997 168 3044 >pettius
191 2999 361 3034 meminit
378 2998 439 3034 lib.
463 3010 492 3034 1.
573 3040 578 3043 ,

7 3048 10 3083 2
91 3052 169 3083 Non
179 3046 229 3094 sic
248 3048 414 3096 Leucippis
427 3047 603 3095 succendit
625 3048 766 3097 Castora
787 3048 936 3096 Phoebe,

7 3086 10 3115 ¹
44 3124 48 3127 ,
107 3115 111 3119 Δ
141 3097 311 3134 Pollucem
334 3098 430 3134 cultu
447 3110 513 3133 non
540 3099 660 3135 Ela'z'ra
672 3107 779 3148 soror.

8 3162 10 3180 ³
40 3160 124 3200 Fuit
155 3163 192 3199 ὃς
210 3163 381 3202 Arsinoes
399 3171 498 3212 pater
518 3165 751 3213 Leucippus,
775 3177 820 3203 ex
838 3178 910 3215 qua
930 3167 1069 3216 Apollo

9 3220 11 3247 5
41 3212 296 3260 Aesculapium
327 3216 451 3261 genuit
473 3242 482 3258 ,
511 3222 551 3250 ut
583 3214 770 3252 Pausanias
795 3216 833 3252 in
862 3216 1071 3255 Meffenicis

7 3276 11 3293 l
40 3261 156 3298 tradit.
213 3263 264 3299 Ex
282 3263 435 3302 Arfinoe'
455 3265 554 3301 enim
569 3290 579 3307 ,
606 3275 704 3305 non,
727 3264 879 3311 utsupra
898 3266 1071 3311 Ovidius,

42 3320 90 3348 ex
118 3311 302 3398 Cpronide
331 3341 342 3358 ,
379 3315 636 3364 Aesculapium
666 3320 793 3354 natum
812 3314 983 3353 Meffenii
1003 3328 1072 3364 νος

146 3386 150 3389 -
173 3374 236 3402 om.
265 3368 310 3402 ΙΙ.

2085 582 2184 638 rme,

1135 725 1227 764 lunt.
1255 727 1481 774 Quanquam
1510 721 1591 767 alii,
1619 729 1660 760 ut
1686 719 1789 770 supr‘a
1807 721 2089 762 annotavimus.
2113 721 2183 758 Ar-

1138 776 1267 814 finoen
1289 778 1327 814 &
1353 775 1586 813 Coronidem
1612 773 1767 811 eandem
1782 773 1939 816 faciant,
1968 781 2184 821 patremque

1138 827 1231 865 illius
1266 827 1500 874 Leucippum
1530 824 1713 874 Amyclae
1753 823 1868 860 filium
1912 823 2044 860 dicant.
2099 822 2183 859 Fuit

1138 885 1260 915 autern
1283 880 1320 915 δε
1340 877 1428 915 alius
1446 876 1581 914 eodem
1601 876 1756 912 nomine
1778 875 1986 923 Leucippus
2008 902 2017 918 ‚
2047 873 2181 910 Oeno-

1138 929 1211 965 mai
1242 928 1335 966 filius
1357 956 1366 972 ,
1394 929 1458 976 qui
1485 927 1669 974 Daphnen
1695 926 1865 969 amavit,
1902 925 1947 962 de
1974 935 2050 973 quo
2080 923 2181 961 idem

1137 978 1286 1016 Pausan.
1318 980 1355 1016 in
1387 978 1572 1016 Arcadicis
1592 1005 1602 1021 ,
1633 978 1670 1014 ὃ(
1700 976 1910 1013 Parthenius
1940 976 1976 1013 in
2011 974 2182 1012 Eroticis.

1138 1029 1353 1067 Cromnos.
1405 1028 1647 1077 Plexippusque
1675 1027 1770 1064 Cod.
1802 1026 1972 1064 Menard.
2002 1026 2040 1063 ὃς
2074 1024 2182 1063 multi

1136 1079 1208 1116 alii.

1188 1129 1272 1178 306.
1301 1130 1493 1179 Jaculoque
1521 1127 1660 1177 infignis
1687 1126 1842 1174 Acastus.
1865 1126 1880 1176 ]
1935 1127 2055 1165 Peliae
2087 1126 2180 1165 filius

1133 1178 1194 1266 lliic
1213 1181 1307 1225 fuit,
1336 1181 1380 1218 de
1401 1192 1478 1230 quo
1510 1179 1613 1228 supra
1645 1180 1681 1216 in
1701 1179 1770 1216 fab.
1791 1178 1950 1216 Medeae
1972 1180 2008 1215 ὃ(
2028 1177 2180 1225 Jasonis.

1156 1243 1249 1268 nem.

1185 1292 1269 1329 307.
1297 1280 1593 1331 Hippothousque,
1625 1280 1848 1329 Dryasque]
1879 1281 2053 1329 Dryantis
2066 1280 2179 1316 etiam

1132 1331 1320 1369 Homerus
1342 1333 1512 1369 meminit
1536 1332 1634 1369 iliad.
1660 1344 1685 1366 r.
1709 1332 1809 1368 versu
1830 1331 1932 1379 supra
1957 1330 2064 1378 paulo
2088 1330 2180 1367 cita-

1131 1390 1183 1419 to.
1243 1383 1437 1431 Utriusque
1475 1391 1597 1418 autem
1640 1383 1809 1430 Hyginus
1845 1384 1962 1429 capite
1995 1393 2074 1430 173.
2111 1381 2178 1428 qui

1133 1432 1345 1480 Hippothoi
1366 1442 1504 1481 patrem
1527 1433 1745 1481 Geryonem
1762 1460 1771 1475 ,
1787 1432 1966 1480 'Dryantis
1982 1440 2103 1468 autem
2116 1431 2177 1477 Ja-

1131 1491 1257 1531 petum
1281 1493 1410 1527 vocat,
1438 1493 1478 1520 ut
1497 1483 1647 1532 quidem
1679 1482 1792 1530 vulgo
1825 1491 2066 1530 corrupteque
2084 1482 2180 1529 legi-

1130 1542 1199 1571 tur.
1254 1535 1350 1572 Nam
1381 1546 1450 1583 ego
1483 1546 1547 1581 pro
1578 1539 2002 1582 Geryonem‚Cercy0nem
2025 1532 2175 1577 malim,

1132 1585 1282 1631 quando
1307 1587 1344 1622 ὃς
1367 1584 1512 1622 Pausan.
1532 1585 1567 1621 in
1589 1585 1776 1622 Arcadicis
1807 1585 2019 1632 Hippothoi
2034 1592 2175 1631 patrem

1134 1635 1369 1684 Cercyonem
1391 1644 1523 1677 vocat,
1549 1636 1586 1671 ὃς
1615 1647 1682 1682 pro
1712 1635 1862 1683 Japcw,
1893 1643 2068 1684 Aepytum
2097 1645 2176 1671 ma-

1133 1685 1222 1723 lim:
1251 1699 1335 1724 nam
1367 1687 1405 1723 ὅ(
1430 1686 1503 1723 hoc
1533 1697 1673 1722 nornen
1690 1687 1866 1733 frequens
1895 1684 1991 1732 apud
2011 1684 2174 1720 Graecos

1136 1746 1279 1774 autores
1304 1738 1362 1774 est.
1392 1737 1522 1773 Statius
1553 1743 1675 1773 autem
1696 1735 1788 1773 libro
1809 1735 1964 1784 septimo
1985 1735 2096 1772 etiam
2118 1735 2178 1771 O-

1135 1788 1248 1825 rionis
1300 1796 1476 1836 nepotem
1524 1787 1684 1834 Dryanta
1716 1786 1813 1823 dicit.
1871 1786 1986 1823 IDEM.
2053 1785 2175 1833 Hippo-

1134 1837 1291 1888 thoofqtaee
1310 1851 1355 1876 ex
1377 1838 1525 1876 Sixiano
1548 1837 1584 1874 ὅ(
1601 1837 1715 1874 altero
1730 1836 2012 1884 Hamburgensi.
2041 1836 2174 1874 Hem-

1131 1902 1227 1926 stus.

1181 1945 1339 1988 3o7sEt
1360 1949 1467 1977 cretus
1490 1943 1686 1987 Amyntore
1706 1935 1892 1985 Phoenix]
1932 1937 2099 1975 Phoenix
2122 1939 2176 1976 A·

1130 1992 1310 2039 myntoris
1330 1990 1441 2034 filius,
1469 1991 1532 2039 qui
1553 1990 1765 2037 impellente
1787 1989 2172 2038 matre,posteaquam

1131 2052 1215 2078 cum
1239 2042 1366 2089 pellice
1388 2042 1480 2079 illius
1503 2053 1576 2077 rem
1590 2038 1764 2076 habuisset
1779 2066 1787 2080 ,
1817 2039 2098 2085 imprecationes
2108 2052 2173 2088 pa-

1130 2093 1190 2129 tris
1217 2092 1393 2140 effugiens
1416 2120 1425 2136 ‚
1462 2091 1507 2128 ad
1536 2091 1685 2127 Peleum
1719 2089 1884 2136 pervenit
1905 2116 1915 2131 ,
1945 2087 1964 2124 a
1994 2100 2070 2137 quo
2099 2093 2173 2136 (ut

1132 2151 1250 2180 narrat
1270 2143 1481 2186 Homerus)
1509 2141 1668 2189 hospitio
1690 2137 1941 2186 benignissime
1966 2137 2169 2186 susceptus,

1134 2194 1285 2230 Achillis
1305 2193 1481 2231 educandi
1504 2190 1784 2240 instituendique
1806 2200 1927 2225 curam
1948 2187 2171 2236 suscepit‚ut

1131 2245 1181 2281 illi
1204 2246 1240 2281 ὃς
1262 2244 1502 2282 dicendorum
1533 2244 1569 2279 &
1593 2241 1817 2288 agendorum
1840 2246 2051 2286 praeceptor
2072 2238 2173 2278 effet-

1131 2295 1238 2332 Alter
1254 2297 1365 2332 etiam
1392 2296 1461 2332 fuit
1480 2293 1648 2331 Phoenix
1671 2291 1851 2339 Agenoris
1879 2297 1978 2336 pater
2003 2316 2013 2332 ,
2042 2287 2062 2325 a
2089 2302 2167 2338 quo

1130 2346 1331 2382 Phoenicia
1362 2346 1430 2383 fuit
1464 2342 1713 2381 denominata.
1767 2340 1890 2375 Avem
1914 2350 2066 2388 quoque
2098 2338 2169 2378 effe

1126 2395 1354 2433 Phoenicem
1379 2407 1495 2432 nemo
1518 2395 1565 2430 est
1584 2393 1647 2441 qui
1664 2393 1818 2439 ignoret.
1847 2390 2018 2427 Rizoms.

1182 2446 1264 2494 308.
1291 2445 1544 2492 Ac'ioridaeque
1566 2439 1734 2490 parens.]
1790 2440 1973 2476 Menoetii
2003 2439 2052 2477 est
2073 2442 2170 2488 peri-

1129 2495 1270 2542 phralis.
1298 2506 1384 2531 nam
1408 2494 1621 2529 Menoetius
1639 2490 1815 2534 Patrocli,
1835 2490 1899 2539 qui
1919 2489 2112 2528 Actorides
2124 2492 2169 2529 ab

1130 2544 1270 2581 actore
1303 2556 1376 2581 avo
1405 2543 1558 2586 dicitur,
1587 2543 1655 2578 fuit
1690 2549 1811 2589 pater,
1844 2549 1885 2578 ut
1916 2540 2039 2589 aperte
2058 2543 2095 2578 in
2114 2554 2168 2580 xx.

1130 2593 1262 2631 iliados
1273 2593 1388 2631 scribit
1402 2595 1602 2630 Homerus.
1613 2592 1727 2628 IDEM.
1750 2590 1827 2628 Nifi
1838 2592 1874 2628 in
1889 2592 2028 2628 vetusto
2041 2603 2170 2630 exem-

1128 2645 1216 2691 plari
1234 2644 1483 2693 Actoridaeque
1496 2653 1593 2692 pares
1603 2641 1689 2679 ess'et
1709 2641 1895 2689 scriptum,
1913 2640 2019 2678 facile
2033 2654 2166 2682 eorum

1125 2696 1292 2742 sequerer
1327 2696 1572 2742 opinionem,
1600 2693 1664 2741 qui
1689 2692 1793 2740 ajunt
1815 2701 1939 2740 parens
1967 2692 2166 2740 legendum

1128 2745 1219 2789 effe,
1256 2754 1296 2783 ut
1325 2745 1540 2782 Menoetius
1582 2744 1620 2780 ὅ(
1658 2742 1734 2778 Irus
1768 2743 1890 2779 fratres
1922 2743 2168 2792 intelligantur

1127 2796 1274 2833 Actoris
1292 2795 1367 2833 filii.
1421 2795 1493 2832 Alii
1512 2803 1633 2832 autem
1651 2821 1661 2837 ,
1692 2792 1943 2842 Afforidaeqne
1966 2803 2086 2842 pares,
2114 2795 2168 2830 le-

1125 2855 1216 2894 gunt
1231 2848 1305 2883 hoc
1333 2847 1420 2883 loco
1437 2873 1446 2890 ,
1473 2853 1513 2882 ut
1543 2845 1588 2882 de
1612 2843 1752 2882 duobus
1773 2843 1958 2880 Actoridis
1990 2845 2166 2891 intelliga-

1126 2906 1209 2941 tur,
1231 2897 1426 2934 Menoetio
1449 2895 1646 2939 videlicet,
1669 2895 1769 2943 cujus
1789 2894 1851 2931 hic
1875 2894 2007 2941 Regius
2032 2893 2164 2929 memi-

1128 2948 1182 2984 nit
1196 2975 1205 2990 ‚
1236 2948 1274 2983 &
1293 2948 1406 2984 altero
1429 2946 1489 2983 Iro
1504 2974 1513 2990 ,
1532 2948 1596 2996 qui
1617 2947 1660 2983 ab
1680 2944 1884 2992 Apollonio
1903 2942 2099 2980 Aftoridae
2119 2941 2167 2989 fi?

1128 2997 1196 3035 lius
1218 2998 1440 3046 appellatur,
1466 2997 1527 3034 lib.
1551 3010 1580 3035 1.
1603 3009 1661 3043 71.
1686 2995 1740 3032 his
1763 2994 1941 3031 versibus:

1177 3060 1312 3099 Εἵπετο
1330 3063 1362 3098 δ’
1386 3063 1554 3105 Εὖρυτίωυ
1575 3076 1639 3107 τε,
1669 3062 1730 3098 καὶ
1754 3060 1899 3102 ἀλκήεις
1921 3056 2084 3101 ἕρίβῶτῆς

1175 3111 1283 3156 Ύῖἒς,
1307 3115 1321 3151 ὃ
1343 3116 1407 3157 μὲν
1426 3116 1620 3154 Τελέοντος
1639 3141 1648 3156 ,
1677 3112 1724 3146 ὁδ’
1741 3105 1823 3153 l''pcu
1841 3106 2071 3148 Anca-opiam,
2085 3106 2158 3143 ὅζσ.

1125 3164 1183 3202 Ac
1195 3163 1747 3212 posterioremhancledtionem
1770 3162 1876 3196 etiam
1901 3157 1971 3204 ipse
1982 3156 2161 3203 approbo,

1127 3215 1186 3252 sed
1198 3224 1321 3251 tamen
1336 3241 1346 3255 ‚
1370 3222 1409 3250 ut
1433 3213 1618 3249 Accoridae
1631 3222 1767 3248 nomen
1783 3219 1920 3254 ‚neque
1940 3206 1984 3242 de
1995 3207 2160 3244 Menoe-

1126 3265 1180 3301 tio
1196 3275 1339 3310 ‚neque
1359 3262 1404 3298 de
1428 3264 1487 3299 Ito
1509 3262 1731 3307 intelligam,
1753 3257 1877 3293 verum
1899 3256 1943 3292 de
1956 3256 2096 3304 Euryto
2116 3258 2156 3295 δε

1127 3313 1283 3358 Cteato,
1305 3312 1453 3350 Actoris
1482 3324 1520 3351 re
1539 3311 1609 3360 ipsa
1633 3309 1732 3350 filiis,
1758 3316 2009 3356 cognomento
2033 3316 2158 3345 autem

1126 3360 1141 3363 μ
1582 3359 1617 3396 D
1632 3357 1654 3396 d
1666 3357 1688 3395 d
1700 3356 1723 3395 d
2016 3357 2162 3408 Neptu:
