2483 3616
210 168 306 228 128

662 160 1839 221 1P.OVID11NA*SON18

470 267 614 324 *Una
638 286 814 325 moras
836 270 1060 343 quaerit.
1099 264 1364 321 dubitanti
1388 264 1542 318 vestis
1569 266 1780 321 ademta
1797 264 1904 322 est:

493 342 620 415 Quii
644 343 813 415 positi}
838 342 988 396 nudo
1014 340 1184 413 patui-t
1211 356 1338 392 cum
1364 354 1594 408 corpore
1619 339 1841 393 crimen.

494 416 779 471 Attonitae
797 455 813 478 ‚
848 413 1195 486 manibusque
1220 424 1434 465 uterum
1457 411 1627 464 celare
1650 410 1882 474 volenti,

494 488 517 542 I
544 489 734 561 procul
757 488 910 551 hine,
945 486 1110 549 dixit,
1143 503 1249 538 ‘nec
1272 484 1443 538 sacros
1467 484 1646 554 pollue
1670 483 1847 538 fontes
1865 522 1886 548 ,

345 565 454 632 465
491 560 751 635 Cynthia:
793 560 973 634 deque
997 560 1092 613 suo
1113 557 1257 629 juffit
1282 556 1535 611 secedere
1559 571 1736 611 coetu.

497 634 740 689 Senserat
774 634 880 688 hoc
904 633 1033 687 olim
1058 631 1238 702 magni
1264 643 1505 683 matrona
1531 630 1794 694 tonanti3‚

501 707 898 780 Distuleratque
921 723 1108 778 graves
1131 704 1184 757 in
1209 702 1403 755 idonea
1431 713 1672 772 tempora
1695 720 1908 774 poenaS.

491 779 688 840 Caussa
711 798 893 833 morae
917 779 1055 831 nulla
1079 775 1178 828 est:
1222 774 1277 828 &
1301 773 1409 844 jam
1434 791 1568 845 puer
1594 776 1762 830 Arcas
1790 777 1879 847 (id
1903 778 2076 851 ipsum

497 852 733 906 Indoluit
752 851 930 920 Juno)
965 848 1140 906 fuerat
1168 846 1237 901 de
1266 847 1456 919 pellice
1485 859 1652 902 natUS.

355 945 457 999 470
496 925 627 996 Quo
652 922 803 978 simul
826 922 1060 977 obvertit
1083 921 1289 975 saevam
1314 938 1440 974 cum
1461 919 1662 974 lumine
1681 937 1956 989 mentenu

501 997 716 1052 Scilicet
743 992 849 1050 hoc
872 1013 1042 1050 unum
1065 993 1318 1056 restabat,
1356 992 1622 1057 adultera,
1657 992 1825 1060 dixit,

502 1069 579 1134 Ut
604 1069 836 1134 fecunda
860 1069 1030 1125 fores:
1070 1067 1332 1141 fieretque
1356 1065 1544 1138 injuria
1564 1080 1721 1143 partu

258 1293 343 1341 ⁷461.
363 1296 449 1330 ⁴Una
471 1304 585 1328 moras
607 1291 743 1342 quaerit
758 1319 768 1336 ,
793 1289 987 1328 'dubitanti
1006 1288 1106 1336 vestis
1128 1287 1248 1324 adem-

204 1353 270 1395 pta
291 1345 373 1395 est.]
426 1342 592 1392 Quidam
623 1341 827 1386 cunctanti,
863 1340 967 1390 quod
997 1351 1045 1378 ne
1069 1339 1247 1376 Latinum

209 1396 362 1445 quidem
395 1394 443 1432 est
464 1395 631 1431 verbum.
690 1393 824 1442 Neque
847 1392 948 1429 enim
980 1393 1117 1428 cunctor
1141 1418 1152 1434 ,
1189 1388 1249 1427 sed

210 1457 327 1484 centor
348 1446 446 1484 reete
468 1445 630 1483 scribitur
645 1444 703 1489 ,in
727 1442 870 1481 vetustis
883 1442 1070 1480 codicibus
1091 1441 1157 1478 suis
1170 1451 1250 1477 me-

208 1496 274 1537 lius
296 1498 369 1546 legi
391 1494 549 1546 poffunt.
587 1496 670 1544 Ego
702 1506 791 1532 vero
824 1493 1006 1531 dubitanti
1039 1492 1083 1530 ab
1106 1491 1249 1547 Ovidio

206 1547 378 1597 scriptum
402 1545 472 1584 effe
493 1545 749 1584 contenderim
762 1575 774 1590 ,
805 1545 845 1583 ὅ(
866 1545 916 1582 ita
940 1545 981 1599 in
997 1542 1139 1581 vetusto
1160 1542 1250 1599 legis

209 1606 269 1640 tur
290 1597 499 1647 exemplari.
527 1599 693 1635 Rmms.
732 1597 913 1634 Vivianus
935 1603 1047 1633 etiam
1071 1596 1251 1649 cunctante

211 1661 258 1691 ex
280 1649 344 1687 suo
368 1649 508 1687 codice.
532 1648 690 1685 dubitare
711 1659 803 1685 vero
825 1659 893 1696 pro
917 1645 1080 1687 cunctari
1100 1645 1139 1682 &
1163 1644 1253 1681 deh-

208 1699 334 1738 berare
356 1700 446 1749 poni
465 1699 592 1737 docuit
614 1700 784 1737 Gronov.
807 1697 853 1735 ad
876 1698 1004 1735 Senec.
1026 1696 1071 1734 ad
1096 1694 1251 1751 Thyest.

213 1761 298 1799 715.
327 1752 365 1788 δε
387 1750 472 1788 inde
500 1751 595 1788 forte
617 1748 789 1799 glossator
819 1748 898 1798 quis
921 1746 1100 1785 diversam
1118 1745 1249 1784 16830-

211 1812 301 1839 nem
324 1801 510 1839 formavit.
531 1802 712 1837 cunctanti
734 1798 884 1838 defendi
913 1800 1025 1837 etiam
1053 1796 1171 1846 potest
1201 1808 1247 1834 ex

209 1851 269 1894 lib.
284 1864 337 1888 1v.
350 1853 433 1900 651..
447 1851 516 1888 Sed
529 1851 620 1888 mihi
633 1859 805 1888 neutrum
818 1850 973 1887 verbum
986 1849 1143 1898 placet,n
1150 1859 1246 1896 eque

213 1902 342 1945 efficax
357 1901 441 1940 satis
463 1930 473 1945 ,
501 1910 563 1939 aut
585 1902 815 1940 conveniens
844 1899 1059 1950 repugnanti
1078 1898 1245 1948 puellae,

211 1965 260 1990 ne
283 1952 395 1990 vestes
418 1952 664 1993 adimerentur
679 1981 689 1997 ,
724 1952 881 1990 videtur.
903 1963 1015 2001 quare
1034 1950 1134 1993 *forte
1149 1978 1160 1995 ‚
1191 1950 1247 1986 lu-

213 2004 326 2049 cst‘anti
347 2003 573 2042 scribendum
589 2018 600 2047 ;
629 2003 678 2040 ita
699 2003 757 2041 lib.
779 2016 814 2041 x.
837 2001 920 2040 262.
942 2014 1032 2052 pro:

265 2069 505 2104 Cunffantem
529 2066 698 2115 longaeva
720 2079 831 2103 manu
854 2065 1004 2103 deducit.

212 2127 393 2173 Nonnulli
415 2126 560 2164 codices
575 2154 585 2170 ,
606 2125 808 2164 licitantem.
837 2126 971 2164 Noster
982 2126 1090 2175 Epist.
1104 2137 1201 2163 xvix.

262 2179 387 2228 Oscula
410 2178 560 2218 lud-{anti
585 2178 830 2223 tantummodo
850 2187 965 2228 pauca
980 2187 1167 2228 protervus

312 2229 486 2277 Abstulit.

211 2281 261 2322 Et
282 2280 386 2330 saepe
410 2280 492 2318 alibi
511 2280 580 2321 hac
592 2291 688 2324 voce
709 2280 763 2319 uti
784 2287 884 2318 amat
906 2279 1111 2318 Statium.
1124 2276 1249 2317 Theb.

217 2332 261 2370 18
295 2362 300 2367 .

266 2345 330 2419 {ed
350 2382 419 2432 ipsa
441 2396 551 2420 manu
572 2382 723 2423 lubianti
745 2382 906 2432 injecerat
927 2396 1030 2420 arma
1055 2386 1216 2430 Atropos.

214 2433 269 2472 Ita
293 2433 410 2470 codex
435 2434 633 2483 Anglicus,
656 2445 769 2483 quein
794 2432 967 2471 Heinsius
989 2433 1079 2472 vidit
1102 2460 1113 2477 ,
1140 2430 1254 2480 vulgo

213 2485 403 2526 saucianti.
426 2486 506 2522 infr.
533 2485 591 2522 lib.
608 2494 661 2522 iv.
677 2485 758 2533 361.

267 2535 425 2584 Denique
447 2536 613 2579 nitentem
640 2546 758 2572 contra
773 2563 783 2579 ,
810 2534 900 2572 elabi
925 2549 965 2571 ue
987 2535 1176 2574 volentem.

264 2584 433 2634 Implicat.
446 2586 507 2623 ubi
517 2586 707 2623 luctantem
721 2585 827 2623 multi
840 2598 885 2624 co
914 2586 997 2624 iceS.
1009 2585 1084 2626 vid.
1095 2586 1154 2624 lib.
1166 2598 1210 2625 ‚VI
1222 2598 1252 2625 Ι..

219 2645 255 2682 7.
278 2636 315 2673 ὅ(
340 2648 419 2672 xxv.
443 2648 526 2681 70¹·
553 2637 818 2674 Summum.

269 2686 353 2732 464.
378 2693 397 2722 Ι
409 2687 526 2734 procul
547 2687 626 2723 hinc
641 2716 650 2732 ‚
679 2688 796 2732 dixit,
822 2701 880 2724 nec
892 2687 1009 2736 fiteros
1033 2688 1146 2738 pollue
1176 2691 1255 2732 ἢθη-

218 2747 291 2782 tes,
319 2736 515 2785 Cynthia]
556 2739 660 2777 Haec
682 2737 812 2777 eadem
835 2738 1012 2775 sententia
1040 2739 1171 2788 legitur
1188 2739 1250 2776 lib.

219 2799 266 2824 11.
289 2787 376 2824 Fast.
404 2799 482 2835 155.
510 2787 570 2827 ubi
590 2788 685 2825 hanc
707 2787 818 2836 ipsam
841 2799 920 2824 rern
952 2788 1068 2837 longo
1092 2790 1255 2832 carmine

218 2838 446 2889 prosequitur
469 2842 601 2885 pocta:
630 2849 724 2887 quae
746 2837 792 2876 ad
813 2838 912 2875 hunc
929 2837 1058 2875 locum
1081 2839 1255 2876 illustran-

219 2888 310 2926 dum
334 2888 486 2926 mirifice
510 2888 606 2925 facit.
648 2888 861 2925 Adscribam
892 2888 1020 2925 locum
1044 2888 1160 2936 ipsum
1176 2918 1185 2934 ‚
1215 2897 1255 2927 ut

216 2939 377 2978 studiosis
397 2939 561 2977 laborem
585 2939 752 2976 minuam
775 2953 782 2976 :

272 3010 368 3041 Inter
389 3003 663 3052 Hamadryadas
677 3031 686 3048 ‚
707 3003 1017 3054 jaculatricemque
1038 3005 1200 3043 Dianam

324 3054 450 3101 Calisto
463 3055 558 3103 sacri
574 3064 656 3103 pars
669 3054 748 3099 fuit
769 3068 841 3090 una
863 3054 968 3092 chori.

272 3106 339 3142 Illa
362 3111 455 3142 Deae
477 3116 618 3153 tangens
639 3118 739 3140 arcus
752 3132 763 3148 ‚
789 3119 869 3154 quos
889 3105 1066 3153 tangimus
1087 3119 1187 3144 arcus
1197 3136 1209 3153 ‚

326 3162 355 3191 F
350 3156 400 3203 ste
421 3170 513 3194 meae
535 3156 624 3202 testes
647 3155 866 3204 virginitatis
880 3183 889 3199 ‚
902 3157 966 3192 ait.
995 3159 1067 3194 &0

274 3226 388 3262 Sacros
401 3223 516 3267 fomes
531 3250 540 3266 ‚
568 3219 682 3264 dixit,
710 3220 796 3268 quia
818 3221 957 3269 antiqui
981 3233 1112 3265 omnes
1144 3234 1254 3272 aquas

217 3271 393 3328 putabant
414 3271 524 3310 sacras
547 3269 629 3319 esse.
652 3270 762 3330 Epist.
784 3283 845 3318 xv.
870 3284 952 3329 157‘

2179 1148 2351 1216 Nota3

1355 1287 1414 1336 Est
1430 1288 1567 1326 >nitidus
1581 1317 1591 1334 ,
1620 1289 1780 1341 vitroque
1795 1289 1911 1340 magis
1926 1290 2120 1341 perlucidus
2142 1292 2281 1338 amnis,

1405 1346 1493 1377 Fons
1511 1341 1604 1386 sacer
1616 1369 1627 1386 ‚
1654 1341 1747 1378 hunc
1767 1342 1872 1380 multi
1894 1356 2024 1380 numen
2054 1343 2178 1381 habere
2192 1345 2346 1394 putant}

1304 1389 1352 1428 Et
1379 1402 1444 1427 111.
1467 1391 1592 1429 Amor
1618 1404 1647 1430 1.
1672 1404 1708 1442 3.

1357 1448 1444 1478 Fons
1458 1443 1557 1490 sacer
1579 1444 1617 1480 in
1638 1444 1748 1481 medio
1762 1472 1773 1490 ,
1786 1444 2016 1497 speluncaque
2029 1445 2165 1496 pumice
2178 1446 2344 1496 pendens-,J

1306 1493 1445 1531 Seneca
1467 1493 1505 1531 in
1525 1494 1689 1532 Medea:

1410 1544 1630 1596 Alphe-usque
1642 1546 1741 1594 sacer
1760 1545 1879 1586 lavat.

1306 1597 1440 1635 Horat.
1465 1595 1551 1633 Ode
1574 1609 1600 1632 1.
1626 1596 1685 1634 lib.
1719 1609 1747 1634 1.

1466 1654 1588 1684 -Nunc
1609 1648 1658 1684 ad
1678 1662 1789 1700 aquae
1810 1648 1881 1686 lene
1902 1658 2004 1699 caput
2017 1650 2150 1701 sacrae.

1308 1698 1384 1736 Hic
1406 1698 1540 1737 Noster
1560 1698 1620 1735 lib.
1643 1710 1679 1736 v.
1711 1702 1794 1748 369.

1482 1749 1670 1799 Delapsum
1688 1751 1821 1800 gurgite
1835 1751 1947 1802 fhcro.

1304 1801 1352 1838 Et
1371 1813 1464 1844 V111.
1489 1801 1573 1848 596.

1477 1854 1556 1904 Qo
1571 1852 1666 1900 sacri
1686 1853 1857 1892 currimus
1878 1868 2011 1894 amnes.
2042 1856 2259 1896 CroFAnus.

1302 1903 1474 1942 Heinsius
1518 1903 1609 1943 olim
1642 1904 1851 1953 conjecerat
1873 1933 1883 1950 ‚
1931 1920 1969 1942 ca
1985 1917 2032 1946 tas
2050 1935 2065 1952 .‚
2113 1916 2153 1946 ut
2191 1908 2251 1946 lib.
2299 1920 2345 1946 η.

1305 1955 1393 1992 Fast.
1419 1967 1497 2002 174.
1522 1954 1582 1991 sed
1602 1954 1734 2003 sequor
1753 1955 1901 2005 scriptos
1924 1956 2082 1996 codices.

1354 2006 1442 2053 468.
1468 2011 1516 2044 Et
1529 2005 1652 2055 jam.]
1684 2012 1782 2047 Nam
1796 2008 1877 2057 jam
1895 2017 1978 2057 puer
2001 2009 2257 2048 Lovanienfis.

1361 2069 1446 2104 470.
1476 2056 1669 2105 obvertit.]
1698 2058 1875 2095 Advertit
1887 2059 2045 2107 Neapol.
2069 2061 2106 2097 &
2128 2060 2227 2098 alius.
2249 2072 2345 2112 quae

1311 2108 1442 2150 eadem
1466 2107 1648 2145 diversitas
1671 2108 1719 2145 est
1739 2108 1801 2145 lib.
1825 2122 1888 2151 1¹11.
1911 2110 1996 2156 676.
2031 2112 2070 2148 ὃς
2093 2110 2243 2150 defendi
2264 2112 2347 2161 pos-

1310 2159 1361 2196 set
1383 2171 1428 2196 ex
1451 2158 1627 2207 exemplis
1648 2159 1692 2195 ab
1713 2159 1869 2202 Heinsio
1894 2160 1940 2197 ad
1959 2160 2019 2198 lib.
2041 2173 2095 2198 vx.
2123 2161 2203 2201 180.
2232 2163 2347 2202 addu-

1312 2210 1387 2253 dlis.
1425 2209 1496 2247 Sed
1518 2209 1618 2246 malo
1638 2210 1728 2247 nihil
1750 2219 1904 2251 mutare.
1923 2210 1983 2248 lib.
2006 2223 2041 2249 v.
2064 2222 2149 2261 231.

1364 2261 1429 2297 Ad
1449 2274 1558 2311 quam
1570 2260 1610 2309 ft
1630 2261 1757 2310 trepido
1780 2261 1931 2298 Phineus
1947 2261 2146 2301 obverterat
2167 2278 2231 2302 ore.

1310 2311 1387 2349 Ubi
1404 2313 1519 2354 setiam
1553 2311 1704 2360 quidam
1738 2311 1885 2349 codices
1908 2340 1918 2356 ‚
1956 2313 2174 2351 adverterat.
2206 2315 2280 2354 vid.
2308 2316 2348 2356 ὅ(

1309 2362 1370 2400 lib.
1392 2374 1463 2399 xxi.
1484 2361 1570 2407 467.
1597 2362 1635 2398 ὃς
1657 2361 1766 2410 Epist.
1788 2375 1865 2400 xix.
1894 2375 1975 2410 191.
1998 2363 2256 2404 BunMAunus.

1361 2424 1444 2458 471.
1477 2412 1607 2449 Scilicet
1629 2411 1688 2449 hoc
1709 2413 1828 2449 etiam.
1846 2413 1861 2463 ]
1894 2413 1936 2450 In
1958 2426 2035 2452 uno
2058 2427 2146 2453 meo
2160 2445 2170 2460 ,
2197 2417 2293 2454 Abb.
2307 2418 2347 2455 δε

1312 2463 1465 2501 Caelest.
1486 2462 1616 2500 Scilicet
1636 2463 1696 2499 hoc
1717 2477 1840 2501 unum.
1871 2464 2013 2502 Eadem
2036 2467 2189 2504 varietas
2218 2475 2348 2506 notata

1311 2525 1465 2564 quoque
1498 2513 1546 2550 est
1578 2514 1617 2552 in
1639 2514 1754 2552 altero
1789 2527 1890 2552 meo.
1926 2515 2029 2565 quod
2059 2517 2347 2565 improbandum

1311 2577 1391 2603 non
1420 2564 1575 2602 videtur.
1603 2564 1819 2604 Cromnos.
1868 2573 1938 2603 Hoc
1971 2580 2082 2604 unum
2114 2567 2232 2605 multi.
2259 2569 2349 2607 alter

1312 2616 1450 2665 Regius
1464 2643 1474 2660 ,
1500 2614 1560 2652 hoc
1581 2630 1692 2652 unum
1715 2617 1862 2664 restabat
1884 2616 2046 2654 adultera
2071 2646 2081 2662 ,
2110 2618 2230 2657 nobis?
2257 2632 2347 2658 nam

1313 2669 1346 2702 T
1350 2669 1366 2704 ὀ
1388 2667 1482 2703 dixit
1504 2677 1595 2703 mox
1618 2666 1742 2704 denuo
1761 2666 1935 2715 sequitur.
1963 2667 2097 2705 deinde
2118 2670 2278 2706 adimam
2301 2671 2348 2707 ti-

1312 2717 1346 2753 bi
1378 2726 1601 2764 nempe,pro
1626 2730 1777 2767 namque
1811 2717 1992 2755 meliores.
2023 2719 2224 2757 Heinsius.
2256 2721 2348 2759 For-

1312 2766 1412 2805 mula
1434 2767 1618 2804 Terentio
1641 2765 1863 2808 ufitatiffima
1885 2797 1897 2813 ‚
1931 2768 1994 2805 hoc
2024 2771 2083 2807 vel
2115 2772 2153 2808 id
2185 2771 2287 2820 restat
2308 2773 2350 2810 &

1312 2828 1424 2867 quam
1455 2817 1508 2854 ita
1537 2817 1665 2854 extulit
1697 2818 1807 2856 Phor.
1829 2831 1864 2856 v.
1899 2831 1933 2858 v.
1956 2833 2048 2857 nuuc
2069 2835 2141 2858 una
2165 2835 2216 2860 res
2257 2823 2349 2861 mihi

1309 2869 1417 2905 etiam
1440 2867 1554 2914 restat.
1582 2869 1677 2906 Flor.
1701 2881 1765 2907 111.
1788 2882 1848 2907 21.
1875 2877 1945 2906 Hoc
1956 2885 2067 2908 unum
2081 2872 2198 2909 deerat
2231 2880 2272 2911 P.
2301 2881 2345 2913 R.

1313 2918 1430 2956 malis.
1456 2918 1590 2956 Noster
1612 2920 1775 2959 111.268.
1797 2921 1960 2972 concipiss
1984 2923 2022 2959 id
2043 2923 2184 2969 deerat,
2213 2926 2252 2962 &
2271 2925 2348 2974 pas-

1313 2969 1394 3012 fim.
1422 2969 1681 3008 BuRMANNus.
1880 2973 1883 2977 ’

1363 3033 1446 3067 474.
1474 3022 1651 3058 Adimam
1673 3022 1738 3059 tibi
1758 3037 1909 3074 namque
1924 3023 2119 3074 figuram.]
2145 3025 2188 3063 In
2209 3026 2347 3068 ,eodem

1312 3071 1465 3108 Caelest.
1486 3073 1526 3108 ὃς
1547 3073 1687 3122 aliquot
1708 3073 1782 3111 aljis
1807 3103 1817 3118 ‚
1843 3075 2019 3112 Adimam
2042 3075 2106 3111 tibi
2128 3087 2243 3127 nempe
2256 3078 2349 3127 figu-

1311 3136 1403 3159 ram.
1432 3122 1469 3159 Si
1490 3123 1539 3159 ita
1560 3123 1702 3172 legatur
1716 3153 1726 3168 ‚
1753 3124 1870 3163 sensus
1891 3126 2035 3164 videtur
2057 3127 2178 3175 paullo
2202 3129 2350 3177 elegan-

1310 3173 1385 3209 tior
1406 3173 1444 3209 &
1467 3173 1597 3221 aptior.
1636 3175 1747 3212 Hunc
1770 3184 1895 3214 autem
1917 3178 2044 3215 locum
2066 3179 2233 3227 intelligit
2254 3181 2350 3218 Ger-

1311 3223 1477 3259 manicus
1498 3224 1535 3260 in
1559 3224 1779 3263 Comment.
1810 3227 1845 3264 in
1879 3228 1984 3266 Arati
2014 3229 2278 3268 Phaenomena
2302 3231 2348 3268 de

1312 3273 1496 3312 Calistone
1517 3274 1556 3313 in
1577 3275 1693 3318 ursam
1718 3286 1857 3315 mutata
1877 3307 1891 3328 ‚
1919 3279 1981 3317 ubi
2004 3279 2187 3322 Ovidium
2219 3281 2347 3324 autito-

2266 3342 2345 3372 rein
