2483 3616
120 154 252 222 1096
361 143 692 218 JOAN.
767 139 1026 198 GUL.
1101 110 2011 202 CAPOFERREUS

117 275 216 316 sandi
239 273 320 312 casu
342 286 350 310 :
388 272 440 309 bis
460 271 608 321 iniquus
630 283 638 307 :
667 282 753 308 narn
776 278 898 317 neque
920 265 1081 303 Ovidius
1095 264 1174 322 boc

120 328 210 364 fecit
224 354 233 369 ,
263 325 300 362 ὃς
320 323 345 361 fi
366 321 524 366 fecisset,
552 323 699 359 haberet
720 323 755 357 8<
779 319 888 356 duces
905 346 914 359 ‚
944 318 981 353 &
1002 324 1175 361 comites,

121 387 283 426 quorum
319 374 514 411 ansmntas
543 374 650 421 pluris
679 369 747 407 effe
769 369 877 406 debet
898 368 1175 404 Grammatico-

120 439 202 464 rum
239 426 397 474 regulis:
427 426 559 462 duceni
592 432 700 469 atque
729 422 918 457 auctorem
944 418 1174 466 Propertium

121 477 192 514 IV.
221 477 323 523 Eleg.
345 487 375 511 7.
405 475 492 512 vers.
518 487 572 522 32.

175 534 251 564 Cur
266 526 434 570 flammae
454 526 561 561 nardo
587 536 655 557 nrn
674 522 783 558 oluere
805 533 897 556 meae
918 529 933 558 ?

121 580 301 616 comitem
337 586 445 625 atque
475 577 700 611 imitatorem
735 572 856 609 Valer.
888 571 1059 609 Flaccum
1092 569 1176 607 Lib,

126 629 214 666 IIX.
242 627 330 665 vels.
354 638 435 675 347.
465 624 630 660 Semiviri
653 636 710 658 nec
733 622 878 671 myrrha
898 632 1007 672 carpus
1028 621 1176 666 Achivi,

125 679 189 716 Sed
204 679 299 728 pice,
320 678 380 725 scd
398 675 581 726 flammis,
611 686 653 713 ω’
684 675 807 710 olentes
829 672 986 721 sulphure
1006 674 1122 709 crines.

127 730 197 767 Sed
214 757 223 772 ‚
253 740 291 766 ut
312 729 409 770 dixi,
439 727 541 762 aliter
561 725 743 769 Ovidius,
771 735 922 773 quinon
938 723 1174 771 scripiitolen-

126 780 178 817 tia
204 779 380 827 sulphure.
409 775 521 814 effint
552 776 810 813 enirnzolcntia
835 777 871 811 &
897 774 1076 820 ferventia
1098 774 1175 811 duo

125 831 286 877 epitheta
302 856 310 872 ‚
342 830 379 865 ὅ(
407 828 557 877 quidem
579 825 818 874 Participialia
840 826 946 862 unius
968 824 1177 863 substantivi

121 880 245 928 stagna
259 906 269 923 ‚
296 879 358 916 sed

176 936 307 979 Perque
324 929 419 965 lacus
440 928 549 974 altos,
579 939 622 968 ω’
640 927 744 966 olenti
763 929 788 966 ὰ
801 929 965 979 sulphure
979 928 1100 975 fertur
1113 954 1124 973 ,

175 985 308 1029 Stagna
332 980 530 1018 Palicorum
549 989 652 1029 rupta
673 990 745 1020 (fc.

384 1056 919 1096 LIBROVI.

124 1137 214 1178 Fab.
237 1151 263 1176 1.
291 1137 380 1176 vers.
406 1147 461 1181 17.

304 1200 364 1224 nec
376 1188 497 1235 faHas
510 1187 629 1237 fialam
651 1187 755 1235 vestes
768 1189 920 1238 speeiare
934 1185 1113 1237 juvabat:

177 1244 274 1276 Tunc
292 1251 438 1288 quoque,
460 1238 540 1276 cam
551 1239 692 1286 fierent,
721 1250 843 1276 tantus
862 1240 958 1276 decor
977 1238 1079 1287 affuit
1098 1236 1182 1275 arti.

125 1290 338 1340 Distinguo.
370 1288 497 1336 fierent
531 1289 672 1338 (tantus
703 1290 799 1328 decor
830 1290 933 1340 affuit
966 1290 1055 1338 arti)

126 1341 218 1380 Sive,
247 1342 320 1378 &c.
337 1339 444 1388 scires
466 1340 492 1377 a
514 1340 660 1379 Pallade
682 1342 832 1380 dociam.

176 1390 268 1430 Ead.
287 1391 373 1429 Fab.
393 1391 482 1429 vers.
501 1402 559 1438 47.
579 1392 785 1442 subitusque
805 1391 926 1431 invita
948 1390 1092 1429 notavit

177 1447 252 1480 Ora
274 1442 378 1480 rubor
391 1469 401 1486 ,
429 1443 614 1493 rursusque
633 1445 794 1482 evanuit.

127 1494 251 1537 forte,
274 1492 482 1544 subitusque
501 1495 674 1540 evanuit,
703 1495 806 1544 quod
826 1494 981 1544 lepidius
1000 1493 1158 1532 videtur.

182 1544 267 1583 Fab.
290 1557 355 1582 111.
385 1543 475 1581 vers,
494 1557 579 1583 201.
610 1552 658 1583 Ite
669 1546 762 1592 fiatis
775 1546 909 1596 propere
918 1546 1041 1594 sacris.

128 1594 267 1645 Ecquis
301 1594 349 1632 est
381 1596 577 1634 emunetae
606 1599 701 1635 naris
731 1597 849 1635 leeior
874 1625 883 1641 ‚
930 1597 987 1634 cui
1019 1595 1184 1634 subolere

129 1658 209 1684 non
231 1645 362 1684 debeat
380 1646 507 1684 locum
531 1656 744 1696 corruptum
768 1647 838 1685 effe
858 1650 895 1685 in
909 1648 1000 1695 satis
1015 1657 1149 1698 propere
1166 1657 1181 1686 ,τ

131 1697 322 1745 Numquis
341 1698 472 1741 iratus,
495 1698 652 1746 propere
673 1699 811 1748 aliquid
835 1697 912 1736 fieri
934 1700 1160 1747 praecipiens
1175 1726 1185 1743 ,

133 1747 231 1786 dicat
249 1746 340 1796 satis
364 1748 500 1797 propere
521 1758 536 1786 ,ἓ
566 1749 751 1798 Equidem
783 1758 844 1788 aut
872 1749 965 1787 nihil
995 1750 1089 1786 mihi
1109 1761 1187 1787 cre·

131 1797 238 1835 datur
268 1798 378 1842 licet,
413 1807 476 1836 aut
509 1798 616 1848 hujus
646 1801 722 1838 loci
752 1800 967 1838 emendatio
989 1800 1157 1838 ostendet
1176 1828 1187 1844 ,

133 1846 315 1898 quantum
342 1849 378 1886 in
409 1849 550 1886 Critico
582 1851 720 1889 multae
749 1851 901 1889 lediioni
934 1851 1084 1899 praestet
1104 1863 1188 1889 acre

131 1898 331 1948 judicium.
387 1898 499 1947 Igitur
522 1901 701 1941 Ovidiani
720 1902 883 1942 antistitis
901 1902 1118 1941 auctoritate
1137 1902 1190 1941 le-

134 1949 300 2000 gendum
324 1948 433 1987 edico
455 1963 463 1986 :

191 2006 243 2036 Ite
262 2001 335 2036 aris
357 1999 456 2036 orbae
467 1999 603 2048 sacris,
633 2003 844 2056 laurumque
865 2016 936 2046 (φτ.

189 2050 301 2087 orbae
329 2050 442 2088 dandi
473 2051 571 2088 casus
599 2053 648 2090 est
670 2082 681 2097 ‚
720 2058 758 2092 ὃς
791 2068 854 2103 per
886 2064 1121 2095 contemtum
1145 2056 1193 2095 fic

134 2110 247 2140 vocat
268 2102 454 2139 Latonam
471 2129 480 2145 ‚
506 2103 610 2151 quod
632 2104 703 2153 ipsa
722 2105 819 2153 apud
836 2105 969 2143 liberos
990 2107 1088 2145 hisce
1112 2120 1193 2145 ver-

141 2152 195 2190 bis
217 2153 479 2201 conqueritur:
1024 2177 1028 2180 -

339 2237 345 2241 .
428 2215 472 2243 <J
490 2219 543 2243 me
557 2235 567 2251 ,
595 2207 687 2258 quod
704 2206 743 2243 in
761 2206 873 2255 ipsam
889 2206 1043 2252 recidat,
1071 2207 1191 2244 orbam

140 2254 261 2292 Dixit.
287 2253 390 2304 quod
413 2254 479 2294 nifi
500 2257 564 2295 hic
583 2259 695 2303 dicit,
723 2269 904 2307 nusquam
927 2258 1027 2296 dicit.
1053 2259 1113 2296 De
1125 2259 1192 2297 aris

142 2306 258 2350 infra,
289 2306 375 2343 vers
398 2318 482 2353 274.

195 2359 298 2404 {Luae
318 2358 416 2394 modo
440 2359 555 2396 Latois
574 2360 736 2409 populum
748 2361 994 2409 summoverat
1015 2360 1098 2397 aris.

147 2407 183 2444 ⁴&
209 2408 354 2446 videtur
374 2409 465 2446 mihi
491 2417 539 2447 Ite
559 2412 630 2448 aris
648 2423 719 2451 erc.
741 2411 810 2449 esse
834 2411 1190 2460 permiffiolronica.

204 2457 295 2495 End.
319 2459 400 2496 Fab.
431 2461 517 2498 vers.
538 2473 624 2511 203.

198 2510 369 2560 Qodque
385 2510 462 2547 licet
480 2512 585 2549 tacito
604 2522 821 2550 venerantur
842 2525 1023 2550 murmure
1044 2526 1174 2551 numen

203 2565 367 2598 Latonae.
396 2562 511 2599 Turba
534 2564 712 2614 quantiam
735 2563 883 2610 distabat
905 2564 948 2599 ab
967 2564 1047 2600 orba
1062 2592 1071 2608 ,

205 2612 363 2647 Tantam
384 2613 539 2661 animosa
554 2616 615 2663 fici
627 2615 739 2662 furiis
758 2615 895 2663 agitata
919 2614 1065 2660 doloris,

207 2660 392 2708 Indignata
416 2669 488 2700 Dea
510 2666 563 2711 est.

150 2711 327 2751 Tertium
359 2715 499 2751 versum
525 2743 535 2759 ‚
572 2724 613 2754 ut
644 2716 772 2754 rudem
804 2718 840 2754 &
865 2715 1024 2757 minime
1058 2717 1202 2754 Ovidio

149 2762 304 2812 dignum
328 2789 338 2805 ‚
382 2763 550 2802 audacter
585 2767 857 2805 excludendum
901 2768 1022 2805 censet
1053 2769 1202 2817 Nauge-

152 2815 225 2851 rius
264 2813 302 2852 &
340 2811 523 2850 Bersman.
558 2815 576 2852 a
611 2818 692 2854 MS.
734 2820 772 2855 ὅ(
805 2819 900 2856 libris
942 2817 1059 2856 abeffe
1095 2829 1202 2857 nota-

157 2864 232 2906 vit,
259 2863 457 2899 nechabet
478 2864 659 2901 Heinsius.
687 2869 783 2905 Mihi
806 2868 896 2905 vero
918 2871 1004 2906 neis
1025 2870 1174 2917 quidem
1193 2898 1203 2913 ,

155 2915 220 2962 qui
238 2914 336 2950 hunc
357 2912 528 2960 proxime
548 2915 733 2953 antecedit
749 2943 757 2958 ‚
788 2920 918 2956 Ovidii
941 2919 1012 2956 effe
1033 2920 1202 2963 videtum

157 2964 218 3001 sed
249 2964 360 3001 ambo
391 2964 467 3000 duo
497 2964 618 3001 inserti
647 2964 691 3001 ab
713 2965 778 3001 isto
801 2967 923 3004 nescio
956 2981 1033 3015 quo
1064 2970 1204 3007 falsario

159 3015 199 3052 δε
228 3015 335 3052 alieni
361 3014 479 3062 operis
500 3013 692 3052 subseffore
706 3043 715 3059 ,
745 3026 807 3063 per
829 3016 1060 3055 occasionem
1081 3029 1204 3054 nonii-

158 3065 301 3102 nandae
327 3065 493 3102 Latonae
508 3094 519 3110 ,
556 3065 640 3102 cum
672 3078 713 3103 ea
734 3078 797 3114 per
816 3067 969 3103 Numen
989 3067 1208 3115 intelligere-

162 3124 241 3163 tur4
271 3126 347 3152 non
370 3126 494 3153 tamen
513 3117 599 3153 tales
614 3145 625 3160 ,
653 3117 741 3166 quin
763 3117 888 3155 colore
909 3117 1020 3155 suose
1036 3119 1207 3166 prodant,

161 3176 197 3203 ur
223 3168 316 3203 inter
336 3166 437 3203 olores
456 3180 578 3203 corvus
592 3195 602 3212 ‚
630 3176 691 3204 aut
710 3168 804 3205 inter

213 3216 334 3258 Urbica
355 3217 557 3266 Lingonicus
578 3217 801 3265 tyriamhina
822 3216 1096 3257 bardocucullus.

159 3268 496 3314 Quemadmodum
517 3269 556 3308 in
578 3269 734 3309 similem
755 3269 996 3320 impostorem
1015 3270 1134 3312 facete
1152 3271 1207 3327 lu·-

1229 265 1271 304 sit
1303 266 1494 305 Martialis.
1524 268 1607 306 Lib.
1626 270 1657 309 I.
1682 271 1749 320 Ep.
1772 284 1828 320 54.
1857 272 1956 310 Nam
1989 271 2078 321 quid
2103 270 2151 310 est
2173 272 2281 310 turba

1230 327 1405 368 quantum
1445 317 1598 365 distabat
1630 320 1673 356 ab
1700 322 1782 359 orba
1804 333 1818 360 ,ε
1856 321 1917 360 An
1949 323 2124 361 orborum
2161 323 2278 372 quam

1230 370 1437 416 parentium
1471 368 1592 418 major
1620 370 1724 408 turba
1743 373 1790 409 est
1809 373 1823 410 ?
1861 374 1921 411 Ne
1942 375 2015 412 hoc
2038 373 2127 412 sinat
2148 373 2251 411 Deus
2269 402 2281 418 ,

1231 427 1271 457 ut
1300 428 1376 457 tarn
1398 419 1495 458 male
1524 427 1649 467 agatur
1670 431 1756 457 cum
1778 433 1909 469 genere
1928 425 2107 462 humano.
2163 424 2283 461 Dein-

1232 469 1278 506 de
1300 482 1344 508 an
1365 471 1514 508 Latona
1536 482 1613 506 non
1639 472 1755 518 magis
1778 473 1960 520 indignata
1972 478 2019 515 est
2038 475 2151 525 quarn
2164 487 2284 524 quan-

1231 528 1310 557 tum
1341 522 1384 558 ab
1417 522 1504 558 orba
1534 520 1719 558 distabat?
1757 521 1883 559 Immo
1917 525 2006 563 ver‘o
2036 527 2197 563 orbitatis
2229 526 2283 563 fa-

1232 571 1332 609 <frum
1376 573 1591 610 convicium
1624 583 1702 609 non
1735 572 1877 609 summa
1908 575 2165 623 indignationis
2200 576 2249 613 est
2269 604 2281 621 .

1229 622 1289 660 sed
1317 634 1393 671 pars
1420 624 1458 660 δε
1488 623 1670 671 opinione
1704 622 1903 661 divinitatis
1931 627 2130 665 amittenda
2164 627 2280 675 iiipriff

1230 673 1299 710 mis
1319 682 1596 712 commovetur.

1232 726 1473 774 Quapropter
1494 734 1612 762 ratum
1637 724 1832 774 fixumque
1856 724 1896 762 fit
1924 726 1994 773 legi
2020 725 2173 772 debere,

1281 776 1452 827 §Quodque
1473 775 1551 812 licet
1575 776 1682 813 tacito
1703 786 1920 813 venerantur
1940 789 2121 813 murmure
2133 783 2289 818 Numen.

1289 826 1477 875 Indignata
1500 833 1576 864 Dea
1597 827 1651 875 est.

1232 878 1324 916 Ead.
1343 877 1428 916 Fab.
1446 878 1535 916 vers.
1555 877 1641 916 281.

1284 931 1423 978 Pascere
1435 957 1446 974 ,
1472 929 1547 973 ait,
1570 928 1735 980 satiaque
1755 942 1826 966 meo
1849 939 1911 966 tua
1927 931 2061 979 penora
2082 929 2178 968 lubia
2191 959 2202 976 ‚

1285 985 1419 1032 Corque
1429 982 1552 1028 ferum
1563 982 1684 1028 satia,
1714 981 1808 1018 dixit
1829 998 1839 1018 .·
1864 991 1924 1031 per
1939 983 2071 1028 funera
2081 983 2213 1032 septem

1288 1031 1440 1080 Effiror,
1467 1031 1601 1070 exulta.

1236 1082 1314 1120 Hic
1341 1083 1445 1121 locus
1470 1082 1618 1121 videtur
1637 1084 1855 1133 impugnare
1875 1084 2145 1122 correetionem
2168 1097 2292 1125 meam

1236 1133 1322 1171 Lib.
1343 1133 1372 1172 I.
1399 1132 1485 1171 Fab.
1500 1146 1582 1172 x1V.
1609 1136 1700 1172 vers.
1720 1148 1801 1183 545.
1830 1135 1888 1173 ubi
1912 1137 1948 1173 in
1974 1148 2052 1174 uno
2071 1135 2175 1174 versu
2194 1138 2293 1186 lege-

1237 1184 1344 1222 batur
1370 1183 1510 1238 inquit,
1538 1186 1575 1223 in
1602 1186 1718 1224 altero
1748 1186 1804 1222 ait
1824 1202 1834 1222 :
1864 1186 2014 1235 quando
2048 1187 2108 1224 hic
2140 1199 2294 1237 quoque

1239 1235 1284 1274 ad
1304 1237 1379 1280 ait,
1409 1239 1447 1274 in
1472 1236 1586 1274 altero
1610 1237 1713 1275 versu
1735 1236 1897 1286 sequitur
1919 1237 2023 1274 dixit.
2079 1237 2205 1274 Immo
2230 1250 2296 1275 ve-

1240 1284 1282 1325 ῐὸ
1306 1286 1581 1325 correctionem
1603 1287 1702 1325 illam
1725 1297 1852 1325 meam
1864 1298 2094 1336 propugnat5
2125 1288 2298 1336 quando-¹

1240 1337 1395 1387 quidem
1428 1338 1542 1376 etiam
1575 1337 1661 1383 liic,
1698 1338 1814 1381 dixit,
1844 1337 2068 1375 mendosum
2098 1339 2157 1375 est.
2213 1339 2295 1377 Nec

1241 1389 1290 1428 fic
1319 1388 1438 1427 verbis
1474 1390 1642 1428 Lucretii
1652 1404 1663 1434 ;
1691 1399 1857 1439 pacatum
1891 1388 2000 1426 nituit
2022 1387 2140 1439 diffufh
2162 1389 2294 1426 lumine

1241 1438 1397 1485 coelum,
1425 1448 1466 1479 ut
1489 1439 1644 1479 Leeiori
1676 1441 1871 1478 Ovidiano
1901 1439 2006 1478 locus
2033 1440 2096 1478 hic
2116 1439 2295 1487 emenda-¹

1240 1491 1345 1531 tione
1367 1502 1454 1530 mea
1472 1491 1698 1530 collustratus
1714 1490 1920 1530 videbitur:

1557 1543 1724 1595 satiaque
1747 1555 1820 1580 meo
1842 1554 1906 1580 tua
1926 1541 2065 1580 lumina
2086 1542 2204 1586 luera,

1293 1600 1429 1646 Corque
1442 1595 1561 1642 ferum
1573 1595 1673 1645 scitia
1686 1623 1697 1641 ,
1727 1593 1808 1631 vixi
1825 1610 1836 1630 :
1858 1602 1919 1643 per
1931 1594 2063 1640 funera
2074 1596 2204 1644 septem

1295 1650 1322 1681 Ε
1351 1659 1436 1683 eror.

1242 1646 1499 1747 Pioffpeaora
1540 1695 1686 1746 reposui
1724 1695 1865 1734 lumina
1886 1712 1897 1732 :
1936 1694 2025 1734 effet
2061 1696 2160 1733 enim
2194 1695 2300 1734 Tau4

1244 1748 1384 1796 tologia
1410 1748 1508 1796 satia
1533 1750 1668 1798 peelora
1687 1775 1700 1792 ‚
1748 1760 1866 1798 corque
1888 1746 2002 1796 satia:
2033 1747 2070 1783 δε
2110 1746 2203 1783 libro
2234 1747 2298 1784 IX.

1244 1798 1328 1837 Fab.
1340 1810 1403 1837 111.
1416 1798 1818 1848 vers.177.corre6'tioni
1832 1809 1938 1836 meae
1951 1797 2300 1848 similiterloquitur:

1541 1878 1639 1886 ,.....
1658 1851 1775 1900 specta
1797 1847 1943 1888 crudelis
1962 1847 2007 1886 ab
2027 1848 2099 1886 alto
2112 1876 2124 1894 ‚

1299 1908 1433 1952 Corque
1447 1906 1566 1949 serum
1578 1901 1689 1952 satia.

1246 1953 1333 1992 Fab.
1358 1967 1408 1991 vx.
1439 1953 1529 1992 vers.
1550 1955 1638 2001 406.

1302 2005 1465 2042 Concolor
1486 2004 1568 2041 huic
1586 2003 1749 2042 humerus
1764 2000 1926 2051 nascendi
1944 2008 2089 2050 tempore
2110 1999 2233 2038 dextro
2246 2028 2258 2045 ,

1301 2062 1553 2106 Corporeusque
1562 2056 1652 2102 fait.

1251 2105 1318 2146 Hic
1348 2108 1512 2143 humerus
1541 2107 1580 2143 in
1608 2102 1827 2154 quibusdam
1848 2101 1977 2139 melius
2006 2101 2076 2150 legi
2100 2102 2179 2151 jairi
2204 2103 2299 2141 olim

1250 2157 1455 2194 observavit
1485 2158 1716 2202 Naugerius,
1743 2162 1784 2191 ut
1811 2152 1969 2190 Heinsio
1997 2152 2207 2198 subirascar,
2235 2155 2301 2202 qui

1251 2208 1442 2255 vulgatum
1481 2206 1581 2255 sequi
1613 2217 1776 2244 errorem
1803 2202 1919 2254 quam
1949 2202 2046 2241 bene
2078 2213 2301 2243 monentem

1248 2257 1372 2294 audire
1397 2256 1577 2295 maluerit.

1303 2309 1386 2346 Fab.
1409 2321 1494 2346 viii.
1527 2308 1613 2346 vers.
1634 2320 1719 2357 499.

1300 2366 1344 2397 Ut
1371 2359 1508 2396 voluere
1527 2359 1650 2396 ambae
1665 2388 1673 2402 ,
1703 2357 1843 2407 voluisti
1863 2367 1903 2395 tu
1924 2370 2055 2409 quoque
2075 2362 2190 2396 Tereu.

1253 2412 1329 2449 Hic
1360 2410 1597 2458 praefandum
1625 2410 1694 2455 est,
1723 2422 1810 2454 me,
1846 2410 1910 2460 qui
1935 2410 2071 2447 multos
2093 2420 2137 2446 ex
2160 2408 2305 2447 Ovidio

1253 2462 1477 2501 adulterinos
1508 2461 1628 2499 versus
1661 2461 1850 2498 exturbare
1885 2472 1928 2497 ac
1959 2461 2060 2497 velut
2092 2459 2187 2497 tribu
2220 2472 2306 2498 rno-

1255 2526 1340 2550 vere
1371 2511 1514 2550 neceffe
1546 2513 1723 2554 habeam,
1762 2524 1840 2549 non
1872 2512 1908 2549 id
1931 2520 2073 2548 temere
2097 2510 2305 2555 faeturum,

1256 2565 1315 2602 sed
1339 2575 1419 2602 tum
1444 2564 1595 2601 demum
1614 2592 1622 2607 ‚
1652 2563 1677 2600 fi
1698 2564 1778 2611 quis
1798 2564 1865 2600 crit
1881 2572 1958 2600 tam
1983 2561 2042 2599 vel
2064 2562 2210 2610 ineptae
2228 2561 2307 2599 sen-

1256 2618 1417 2659 tentiae,
1446 2615 1506 2652 vel
1529 2614 1728 2651 locutionis
1755 2613 1924 2656 insulsae,
1953 2621 1993 2649 ut
2011 2623 2081 2649 nec
2104 2608 2306 2649 commoda

1257 2666 1491 2715 expositione
1513 2693 1523 2710 ,
1568 2676 1637 2702 nec
1680 2665 1856 2712 probabili
1887 2663 2152 2700 emendatione
2176 2663 2303 2698 locum

1258 2718 1351 2754 tueri
1384 2717 1514 2766 possit,
1555 2717 1592 2752 &
1621 2714 1781 2752 omnino
1811 2714 1914 2757 talis,
1944 2725 1983 2752 ur
2006 2714 2216 2750 orationem
2240 2712 2304 2748 illo

1259 2768 1381 2818 ejecto
1404 2766 1519 2816 aptius
1538 2768 1733 2804 cohaerere
1751 2775 1931 2814 appareat.
1959 2762 2087 2817 Qujall's
2099 2761 2146 2818 est
2160 2788 2170 2804 2
2192 2773 2307 2817 quem

1260 2819 1378 2857 niodo
1409 2820 1586 2855 habemus
1619 2819 1654 2854 in
1690 2817 1878 2858 manibus,
1907 2823 1976 2849 nec
1997 2823 2044 2847 eo
2068 2811 2128 2848 ubi
2151 2811 2306 2860 legitur,

1259 2882 1340 2908 nec,
1362 2868 1433 2907 alio
1454 2880 1606 2916 usquam
1629 2867 1852 2904 conveniens
1867 2891 1877 2906 ,
1905 2873 2026 2908 neque
2050 2862 2160 2899 etiarn
2186 2864 2236 2907 ig,
2260 2863 2307 2901 de

1260 2932 1337 2968 quo
1366 2919 1579 2967 adoptando
1609 2917 1828 2954 laboremus.
1874 2913 1961 2949 Hoc
1983 2910 2117 2956 video,
2145 2924 2221 2950 non
2248 2913 2308 2949 so·-

1260 2970 1359 3013 lum,
1398 2969 1422 3005 fi
1453 2972 1644 3006 omittatur
1664 2995 1672 3009 ,
1713 2967 1921 3002 orationem
1952 2962 2137 3009 constare,
2176 2963 2305 3002 veritm

1263 3021 1374 3057 etiam
1398 3019 1474 3055 fieri
1495 3019 1774 3054 concinniorem
1797 3015 1870 3051 hoc
1891 3014 2031 3050 modo:

1568 3068 1722 3104 comitem
1744 3064 1908 3112 lacrymis
1931 3064 2149 3103 commendat
2164 3063 2285 3103 obortis
2298 3080 2310 3104 .-

1316 3126 1416 3155 Hanc
1437 3132 1513 3167 ego,
1543 3131 1616 3153 care
1631 3130 1753 3165 gener,
1784 3127 1855 3155 wc.

1264 3170 1352 3207 Ead.
1377 3171 1457 3206 Fab.
1479 3170 1561 3204 vers.
1588 3173 1668 3215 30⁶.

1314 3227 1420 3270 thue
1441 3219 1504 3261 fide
1523 3221 1642 3267 pignus
1667 3218 1809 3258 dextras
1828 3229 1992 3274 utrasque
2002 3219 2156 3272 poposcit.

1264 3282 1391 3310 malim
1412 3282 1593 3324 utriusque
1612 3280 1683 3322 &cf

2225 3319 2319 3363 Eadi
