2483 3616
285 162 1524 230 METAMORPHOSEON
1596 169 1738 225 Lm.

1812 169 1946 227 VIII.
2098 190 2198 244 547

252 305 312 355 15
351 288 408 342 In
435 284 621 357 quibus
646 293 880 337 auratam
904 280 1077 353 proles
1105 279 1302 337 Leto'i‘a
1327 282 1494 339 fertur

349 355 660 428 Deposuisse
685 357 878 426 lyram:
918 355 1041 408 saxo
1068 352 1222 408 sonus
1245 355 1355 425 ejus
1379 357 1614 412 inhaesit.

350 429 516 500 Saepe
539 429 662 482 illuc
701 428 849 481 solita
885 426 959 480 est
983 425 1305 481 adscendere
1329 428 1430 482 filia
1455 430 1597 492 Nisi;

350 500 423 554 Et
450 513 633 571 petere
659 501 856 572 exiguo
882 499 1176 553 resonantia
1200 498 1315 554 saxa
1342 500 1546 572 lapillo,

345 572 497 626 Tum
522 591 645 627 cum
670 590 774 645 pax
799 572 940 626 esset.
980 571 1119 625 bello
1142 589 1359 644 quoque
1383 574 1535 646 saepe
1559 573 1755 629 solebat

233 663 302 698 20
340 643 586 716 Spefiare
612 664 680 699 ex
704 647 788 699 ilia
814 644 972 715 rigidi
997 645 1279 698 certamina
1305 644 1512 700 Martis.

329 716 555 789 Jamque
581 721 732 772 mora
754 718 876 771 belli
900 733 1184 787 procerum
1208 734 1427 789 quoque
1452 719 1669 773 nomina
1695 733 1875 782 norat,

337 791 642 861 Armaque,
680 806 984 862 equosque,
1024 788 1361 862 habitusque,
1402 790 1797 864 Cydoneasque
1823 793 2104 864 pharetras,

337 862 576 915 Noverat
602 876 723 916 ante
749 862 875 914 alios
902 859 1093 913 faciem
1120 859 1269 914 ducis
1295 861 1596 934 Europaei;

332 933 457 990 Plus
483 934 671 999 etiam,
708 950 867 1008 quam
896 930 1040 987 nosse
1066 931 1137 986 sat
1163 932 1251 986 est.
1292 934 1387 989 hac
1407 934 1615 1006 judice,
1657 936 1873 1003 Minos,

2074 1011 2179 1068 Seu

49 1153 227 1197 ‘codicibus
252 1154 384 1206 legitur
405 1184 414 1200 ,
435 1157 524 1205 fizxo
545 1156 652 1205 fimus
682 1152 788 1207 haefit
816 1157 856 1195 in
878 1155 949 1194 illo.
979 1155 1081 1207 quod
1137 1164 1307 1206 tempore
1332 1157 1613 1207 proscriptionis.
1638 1157 1733 1208 Aug.
1755 1170 1839 1196 xrv.
1868 1157 1973 1195 Ludis
1992 1168 2034 1197 ea·
2049 1162 2178 1206 scena,

46 1216 162 1248 tamen
192 1206 300 1244 etiam
331 1206 446 1255 poffet
481 1207 667 1255 displicere
690 1237 700 1252 ‚
739 1209 824 1258 quia
853 1208 930 1257 post
950 1208 1083 1245 vocales
1137 1208 1174 1245 id
1197 1209 1244 1245 est
1272 1220 1355 1245 cum
1388 1209 1464 1246 ludi
1498 1209 1700 1247 ederentur.
1738 1211 1869 1246 iterum
1901 1209 2027 1246 Caesar
2050 1221 2178 1246 rxxix,

47 1272 178 1297 muros.
224 1269 299 1294 non
337 1266 419 1306 apte
453 1257 578 1307 subjici
608 1259 751 1296 videtur
774 1287 784 1302 ‚

47 1311 165 1359 Quare
185 1310 405 1346 retineamus
435 1310 527 1356 ejus,
556 1309 657 1357 cujus
685 1309 789 1347 usum
819 1321 889 1347 nec
911 1309 1080 1347 Tibullus

49 1360 178 1410 rejecit.
205 1360 267 1408 qui
289 1358 347 1396 lib.
370 1372 396 1396 1.
422 1360 473 1396 Fi.
494 1370 562 1396 vn.
581 1371 638 1407 25.

91 1427 183 1471 Saepe
201 1421 299 1458 velut
316 1435 470 1469 gemmas
490 1422 561 1470 ejus
577 1451 587 1467 ‚
615 1422 792 1472 fignumve
807 1422 999 1472 probarem.

43 1483 115 1522 Ubi
136 1493 230 1522 certe
249 1486 360 1522 etiam
379 1484 495 1522 abesse
519 1496 663 1534 poterat
683 1486 780 1524 salvo
800 1487 911 1525 sensu.
937 1499 1007 1525 nec
1020 1499 1076 1524 re-

42 1534 250 1621 forngidavit
295 1534 484 1573 censuram
530 1537 739 1586 Propertius
763 1565 773 1581 ,
826 1539 890 1586 qui
931 1538 992 1575 lib.
1023 1549 1076 1575 xv,

45 1595 98 1622 v1.
164 1614 172 1622 .

91 1597 214 1673 Abzt‘ius
232 1636 311 1673 hinc
328 1637 442 1674 traxit
463 1637 615 1675 Phoebus
635 1647 860 1675 monumenta
874 1667 884 1684 ,
896 1638 988 1689 quod
1005 1640 1075 1688 ejus

166 1693 238 1723 Una
254 1687 365 1724 decem
388 1688 475 1724 vicit
495 1688 592 1737 miffa
605 1690 738 1737 sagitta
757 1699 857 1725 rates.

39 1748 162 1796 Quare
182 1749 289 1788 tutius
309 1750 398 1788 nihil
418 1758 559 1789 temere
578 1760 706 1789 contra
724 1751 940 1800 scriptorum
960 1751 1073 1789 fidem

38 1808 209 1844 movere,
247 1812 331 1838 cum
364 1801 532 1849 profesto
562 1803 743 1840 veteribus
774 1802 906 1839 certior
927 1803 1074 1850 linguae

0 1883 1 1888 ,
37 1847 139 1892 suae,
168 1852 205 1888 δε
227 1851 439 1890 vocularum
460 1881 469 1897 ‚
496 1853 606 1890 etiam
627 1853 778 1890 exilium
803 1856 840 1890 ὅ(
859 1853 1073 1896 humilium,

0 1921 1 1925 =
39 1906 79 1936 ut
95 1900 197 1939 nobis
218 1913 317 1939 nunc
337 1902 451 1940 videri
465 1903 594 1952 poffit,
623 1904 714 1940 ratio
737 1903 1072 1951 constiterit‚quain

0 1956 1 1986 1
38 1950 146 1987 nostri
167 1952 249 1988 aevi
282 1952 440 1990 eruditis.
493 1955 539 1991 Et
570 1966 781 2002 pronomen
811 1954 898 1991 illud
919 1953 947 1989 is
973 1954 1076 2001 saepe

0 2010 1 2035 1
39 1998 218 2038 abundare
246 2003 387 2040 notavit
408 2003 577 2042 Donatus
605 2005 649 2042 ad
683 2005 834 2041 Terent.
861 2004 963 2041 Adel.
998 2017 1076 2042 111.

0 2067 1 2079 i
41 2050 142 2086 1v.6.
162 2061 207 2087 an
227 2062 315 2088 vero
330 2053 549 2091 Horatianae
561 2055 769 2092 sublimitati
790 2054 829 2091 sit
850 2056 1076 2093 conveniens

42 2098 85 2133 τῦ
95 2098 268 2154 ejusnunc
284 2112 360 2139 non
372 2111 474 2141 vacat
494 2104 708 2154 disquirere:
731 2107 766 2143 in
784 2105 918 2142 Tribus
938 2107 1076 2143 codici-

43 2146 108 2183 bus
135 2148 210 2186 aliis
230 2150 267 2186 &
286 2150 442 2190 secundo
461 2154 624 2193 Palatino
653 2164 728 2194 erat
749 2184 759 2201 ‚
788 2158 894 2206 senus
923 2157 993 2204 ejus
1009 2157 1074 2192 ad-

0 2190 1 2242 1
44 2195 161 2244 haesit.
213 2198 341 2237 Buizm.

96 2259 152 2293 17.
182 2248 306 2298 Illae]
336 2251 409 2287 Illic
427 2255 531 2293 multi
551 2257 706 2296 codices.

1 2328 2 2333 ,
96 2309 152 2345 19.
179 2299 270 2335 Bello
300 2314 428 2351 quoque
447 2304 541 2352 saepe
553 2306 730 2357 solebat.]
781 2307 917 2345 Bellum
948 2322 1078 2359 quoque

45 2357 149 2436 {terre
165 2349 296 2397 fidebat
322 2351 506 2399 secundus„
523 2355 712 2395 Mediceus
733 2360 770 2396 ὅ(
793 2360 911 2408 Neap.
937 2370 973 2398 at
1008 2363 1078 2398 Ur-

1 2412 23 2449 s
69 2410 166 2444 inas,

1 2476 2 2480 ,
296 2451 422 2489 bellum
441 2467 570 2504 quoque
580 2455 678 2506 saepe
688 2456 822 2505 fhlebat

1 2503 2 2509 ¹
44 2517 48 2520 ¹
92 2503 242 2548 SpeHare
258 2515 340 2552 eque
363 2503 441 2541 illa.
498 2505 501 2507 ’

1 2579 2 2584 ,
41 2549 175 2588 Bellum
197 2554 308 2591 etiam
328 2552 349 2591 a
373 2565 484 2593 manu
504 2557 620 2604 prima
640 2556 962 2608 Berneggerianus.
1001 2561 1078 2600 Le·

45 2611 90 2650 ge
111 2614 120 2639 :
1000 2620 1011 2628 *

293 2654 419 2692 bellum
440 2671 570 2707 quoque
589 2669 683 2696 turre
694 2659 827 2709 solebat

88 2706 260 2752 Speffare,
286 2720 367 2754 eque
386 2706 452 2744 illa
471 2709 572 2756 rigidi
596 2710 785 2747 certamina
810 2714 954 2752 Martis.

43 2762 251 2820 Heinsius.
303 2770 458 2808 Numeri
486 2771 673 2819 aliquanto
700 2774 944 2822 languidiores
969 2806 978 2821 ‚
1007 2780 1070 2827 qui

45 2823 245 2870 erigentur,
267 2818 292 2855 fi
314 2831 396 2856 cum
412 2820 582 2858 Leidensi
602 2823 696 2871 legas
710 2852 718 2865 .
749 2837 827 2861 cum
842 2835 914 2874 pax
932 2831 1070 2873 tutafo-

45 2873 106 2918 set.
132 2877 169 2902 in
200 2867 342 2915 reliquis
380 2870 520 2918 vulgata
551 2872 660 2909 100110
689 2875 780 2911 mihi
808 2875 946 2921 placet,
985 2889 1071 2914 nam

42 2911 128 2951 illud
146 2929 226 2964 eque
245 2917 308 2954 itta
335 2919 487 2956 minime
516 2922 646 2958 arridet
664 2951 676 2967 ,
713 2926 750 2960 ὅ(
780 2926 892 2972 inagis
911 2927 1073 2963 tautolo-

45 2972 131 3009 gum
151 2966 235 3004 facit
256 2968 435 3005 Ovi-lium
463 2971 657 3009 Heiniiana
679 2974 888 3022 conjee'tura
902 3002 911 3018 ,
951 2976 976 3012 fi
994 2977 1072 3023 spe-

0 3049 3 3052 ,
47 3010 140 3066 &tare
167 3014 291 3053 bellum
318 3021 353 3054 ὅ(
387 3021 575 3057 certamina
615 3024 735 3058 wartis
757 3023 921 3066 dixisset,
941 3038 1070 3074 quam-

49 3069 103 3096 vis
122 3062 192 3100 hoc
214 3077 274 3109 per
291 3068 324 3104 ἑν
344 3067 401 3102 δικ
418 3067 507 3104 Such
529 3072 631 3108 facile
652 3073 807 3110 excusari
829 3074 927 3122 pofl'e
951 3077 1071 3115 sciam.

47 3107 107 3145 sed
128 3110 208 3148 bello
229 3118 317 3170 1111111
336 3118 454 3154 multo
476 3118 670 3167 elegantius
691 3123 833 3160 videtur
854 3153 862 3165 ,
891 3136 957 3172 pro
975 3134 1072 3162 tem—

50 3168 139 3205 pore
158 3161 248 3200 belli.
284 3166 328 3203 fic
347 3170 446 3206 enim
466 3168 568 3215 saepe
593 3171 707 3208 solent
734 3183 873 3209 veteres
900 3186 954 3211 res
982 3176 1070 3222 ipsas

50 3218 207 3262 ponere,
234 3224 297 3260 pro
326 3228 493 3264 tempore
509 3246 517 3260 ,
540 3230 615 3266 qiio
640 3232 702 3256 eae
721 3231 874 3265 aguntur
888 3224 945 3258 vel
967 3223 1072 3260 siunt.

48 3264 96 3296 ita
117 3258 264 3301 Sueton.
295 3264 391 3306 Caes.
421 3280 498 3316 cap.
528 3281 600 3308 xii.
627 3270 866 3318 Proscriptum
897 3271 985 3310 dixit
1004 3284 1072 3320 pro

813 1260 902 1307 saxo
939 1258 977 1294 in
1009 1259 1081 1297 ill0.

1128 1258 1297 1306 sacrtficio
1328 1260 1559 1303 Latinarum,
1590 1272 1653 1305 pro
1681 1268 1848 1307 tempore
1881 1260 2049 1297 feriarum
2074 1261 2176 1296 Lati-

1136 1320 1277 1347 narum.
1306 1309 1352 1346 fic
1380 1309 1639 1345 Gladiatoribus
1667 1310 1736 1346 dici
1768 1319 1938 1347 notarunt
1969 1310 2035 1346 viri
2063 1309 2178 1347 doen.

1136 1360 1211 1396 vid.
1234 1360 1403 1396 Gronov.
1422 1360 1480 1396 lib.
1512 1371 1563 1396 iv.
1594 1359 1638 1396 de
1667 1360 1748 1396 Pec.
1778 1360 1863 1397 Vet.
1889 1373 1918 1396 1.
1950 1362 1988 1396 &
2011 1359 2055 1397 ad
2078 1361 2177 1397 Livii

1133 1409 1182 1447 lib
1216 1422 1261 1447 11.
1287 1410 1342 1458 36.
1372 1410 1501 1446 Caesar
1523 1410 1606 1446 Bell.
1631 1411 1711 1447 Gal.
1739 1422 1793 1447 ΙΙ.
1816 1423 1844 1447 1.
1877 1410 2012 1458 Imperio
2043 1411 2174 1456 nostro,

1133 1461 1235 1508 quod
1256 1460 1353 1497 reete
1372 1460 1420 1496 D.
1444 1460 1764 1509 Voffius,quando
1795 1462 1990 1509 imperium
2014 1463 2176 1499 nollrum

1133 1510 1203 1550 est:
1231 1523 1342 1560 quam
1365 1511 1580 1558 elegantiam
1606 1513 1716 1548 etiam
1742 1511 1855 1548 Livio
1884 1510 1942 1547 lib.
1966 1523 2000 1548 v.
2021 1523 2097 1559 cap.
2120 1523 2178 1560 34.

1133 1562 1335 1599 vindicavit
1364 1560 1526 1598 summus
1555 1561 1780 1599 Gronovius.
1819 1561 1865 1598 sic
1901 1561 2031 1598 Noster
2053 1563 2179 1599 lib.iv.

1133 1610 1221 1649 Fast.
1255 1615 1337 1654 627.
1368 1612 1459 1649 dixit
1488 1611 1553 1648 hac
1570 1612 1843 1660 grandine‚pro
1873 1611 1932 1648 die
1950 1612 2177 1659 grandinosa.

1132 1663 1180 1699 ita
1213 1664 1250 1699 ὃς
1279 1661 1374 1710 apud
1407 1663 1532 1710 Virgil.
1559 1675 1606 1700 iv.
1642 1663 1778 1710 Georg.
1804 1663 1886 1699 roi.
1936 1662 2062 1708 Caesar
2089 1663 2177 1698 dum

1132 1719 1283 1760 Magnus
1293 1713 1341 1748 ad
1356 1710 1472 1749 altum
1486 1712 1666 1748 Fulminat
1688 1711 1896 1762 Euphratem
1925 1711 2019 1750 bello.
2039 1712 2076 1750 id
2103 1713 2150 1750 est
2165 1739 2177 1757 ,

1132 1763 1267 1800 bellum
1292 1763 1338 1800 ibi
1358 1775 1497 1811 gerens.
1527 1763 1656 1800 Buam.

1183 1826 1241 1851 21.
1267 1815 1427 1863 Jamque
1445 1826 1542 1849 mora
1562 1813 1682 1862 belh]
1718 1819 1834 1850 Moras
1855 1813 1935 1849 belli
1952 1814 2099 1861 Neapol
2137 1815 2176 1852 &

1131 1866 1230 1913 prior
1256 1865 1387 1902 Erfurt.
1413 1874 1451 1902 ut
1469 1864 1611 1900 nomina
1628 1874 1804 1913 procerum
1826 1863 1904 1899 belli
1924 1877 2034 1899 moras
2053 1865 2176 1912 appel-

1132 1917 1188 1952 letv
1230 1915 1276 1953 fic
1306 1914 1401 1964 apud
1436 1916 1627 1952 Lucanum
1666 1928 1692 1952 1.
1722 1927 1799 1951 10).
1837 1913 1974 1962 Crassus
2001 1927 2074 1950 erat
2098 1915 2178 1951 belli

1132 1966 1265 2002 medtus
1285 1979 1391 2001 mora.
1421 1967 1458 2002 &
1479 1965 1573 2014 apud
1595 1965 1722 2002 Silium
1753 1966 1812 2002 lib.
1839 1978 1868 2002 1.
1897 1966 2043 2001 Romani
2076 1972 2175 2001 Mur-

1133 2029 1191 2051 rus
1219 2016 1298 2052 belli
1333 2030 1440 2053 mora.
1477 2028 1688 2065 quanquam
1720 2015 1829 2062 paulo
1869 2015 1940 2051 alio
1972 2014 2083 2051 sensu.
2112 2016 2171 2053 sed

1134 2068 1277 2115 vulgat-a
1297 2068 1390 2104 bene
1410 2067 1444 2104 se
1466 2068 1583 2104 habet.
1624 2067 1765 2103 Heius.
1818 2070 1957 2100 Moram
1977 2067 2087 2101 etiam
2112 2066 2172 2102 hic

1134 2129 1199 2165 pro
1223 2118 1460 2155 diuturnitate
1478 2117 1574 2154 10010
1594 2127 1688 2165 capit
1709 2116 1841 2164 Regius
1859 2129 1869 2156 3
1894 2125 2015 2161 neque
2034 2115 2094 2151 hic
2118 2127 2173 2151 ar-

1133 2169 1251 2216 gutari
1272 2169 1460 2207 debemus.
1517 2168 1612 2205 Flor.
1630 2168 1690 2205 lib.
1710 2179 1753 2203 11.
1777 2179 1829 2212 15.
1857 2166 2004 2211 Quanta
2025 2164 2101 2200 urbs
2115 2166 2174 2200 de-

1135 2218 1205 2255 leta
1217 2217 1286 2267 sit,
1314 2219 1373 2255 vel
1407 2219 1540 2268 ignium
1562 2231 1658 2255 mora
1679 2216 1812 2264 probari
1835 2214 1946 2269 potest.
1974 2215 2089 2269 quippe
2106 2225 2171 2269 ,per

1134 2271 1309 2306 continuos
1329 2271 1440 2306 decem
1468 2282 1511 2308 <9⁴
1525 2270 1652 2316 septem
1675 2269 1743 2304 dies
1767 2266 1831 2301 vix
1844 2274 1954 2313 potent
1975 2266 2173 2301 mcendmm

1134 2322 1289 2368 extingui
1326 2324 1474 2358 &1v.z.
1493 2319 1527 2370 st
1545 2333 1679 2357 moram
1707 2317 1783 2355 belli
1811 2314 1995 2364 (inspicias)
2021 2328 2171 2365 quatuor

1133 2384 1234 2408 anm.
1262 2370 1391 2409 Bunm.

1158 2443 1165 2456 ‘
1185 2450 1243 2476 22.
1271 2438 1513 2487 Cydoneasque
1530 2433 1747 2485 pharetras.]
1789 2433 1828 2469 111
1851 2441 1939 2468 11100
1961 2430 2170 2485 antiquiore

1132 2487 1263 2526 retf’cius
1282 2488 1688 2537 legitur.Cydonianue.
1746 2483 1889 2538 Eodem
1905 2480 2020 2517 modo
2050 2481 2171 2528 Virgi⁸²

1132 2537 1199 2576 lius
1213 2539 1340 2588 ecloga
1372 2540 1499 2577 ultima
1519 2539 1606 2575 dixit
1627 2535 1783 2584 Cydonia
1798 2532 1946 2581 Jpzcula:

1336 2601 1418 2640 tibet
1438 2599 1568 2638 Partho
1582 2611 1734 2649 torquere
1751 2596 1908 2645 Cydonia
1930 2606 2033 2631 cornu

1183 2653 1328 2702 Spicula.

1132 2716 1308 2764 Cydonius
1322 2744 1332 2761 ,
1359 2729 1403 2760 a,
1430 2729 1490 2752 um
1506 2744 1514 2758 ,
1544 2713 1563 2752 {1
1585 2712 1756 2762 Cydonia
1769 2711 1899 2748 Cretae
1918 2709 2006 2748 urbe
2019 2710 2165 2752 eximia,

1130 2768 1185 2815 cuj
1195 2779 1232 2803 us
1252 2768 1423 2804 meminit
1443 2766 1569 2803 Strabo
1589 2765 1648 2801 lib.
1669 2776 1703 2800 x.
1724 2765 1824 2810 cujus
1837 2760 1944 2798 verba
1965 2759 2096 2796 Latine
2117 2761 2163 2794 i'ta

1129 2816 1328 2853 faciebam:
1359 2819 1452 2853 Cum
1472 2828 1589 2851 autem
1607 2813 1779 2856 plurimae
1797 2812 1834 2847 in
1858 2817 1962 2847 Creta
1975 2807 2158 2853 urbesfint,

1128 2865 1275 2900 eximiae
1300 2876 1420 2900 tamen
1447 2876 1514 2900 tres
1548 2875 1652 2911 atque
1682 2860 1920 2908 illustrissimae
1953 2857 2161 2894 antecellunt

1128 2914 1291 2961 Gnoffus,
1315 2919 1492 2960 Gortyna,
1523 2913 1690 2961 Cydonia.
1720 2912 1887 2948 Cioram.
1926 2907 2160 2954 Cydoneasque

1128 2965 1260 3001 mutari
1290 2976 1366 3000 non
1397 2964 1516 3000 debet.
1546 2964 1590 3000 sic
1619 2964 1678 2999 lib.
1703 2974 1729 2997 i.
1754 2964 1828 2996 Art.
1865 2969 1947 3011 293¹.
1984 2954 2158 3009 Cydoneae

1120 3013 1302 3061 juvencae.
1337 3014 1423 3050 licet
1453 3013 1637 3050 Berkeliiis
1668 3011 1712 3048 ad
1737 3010 1901 3056 Stephan.
1934 3017 1967 3041 in
1998 3001 2157 3056 buchetot

1127 3064 1214 3100 velit
1226 3064 1489 3113 Cydonaeasque
1499 3063 1567 3100 effe
1579 3061 1815 3099 scribendum.
1830 3060 1998 3092 tjeterum
2009 3063 2045 3087 in
2059 3050 2157 3086 Gro-

1126 3114 1291 3150 noviano
1308 3114 1400 3150 libro
1422 3122 1517 3150 erat:

1177 3180 1382 3222 Armaque,
1411 3175 1595 3222 equosque,
1619 3174 1773 3219 virosque
1795 3164 2077 3213 Cinere'z'adasque
2095 3165 2156 3212 sa·

1315 3224 1434 3271 gittas.
1486 3223 1698 3261 Dumana.

1627 3317 1718 3354 ΖΗ.
1748 3331 1765 3367 3
1982 3315 2042 3354 26.
2070 3319 2169 3362 Sum->
