2483 3616
232 214 296 270 80
717 205 1260 267 P.OVIDII

1332 203 1869 266 NASONIS

368 308 434 366 68
443 327 472 381 5
509 308 600 366 Ille
624 321 807 366 tamen
829 320 1033 380 pugnat
1058 307 1249 363 molles
1277 306 1529 362 evincere
1553 306 1796 364 somnos:

520 381 625 447 Et,
663 383 902 456 quamvis
926 381 1086 452 sopor
1109 378 1185 434 est
1211 380 1495 434 oculorum
1520 392 1669 450 parte
1694 392 1969 452 receptus:

515 455 676 512 Parte
704 467 885 509 tamen
909 453 1109 524 vigilat.
1148 453 1356 525 quaerit
1383 468 1632 524 quoque,
1673 455 1939 526 (namque
1973 459 2185 527 reperta

519 527 712 583 Fistula
736 542 908 601 nuper
933 528 1081 595 erat)
1120 527 1226 600 qua
1251 524 1311 580 fit
1336 525 1546 581 ratione
1571 539 1796 598 reperta.

898 656 1043 704 Fan.
1079 655 1199 703 XII.
1235 654 1734 704 ARGUMENTUM.

919 764 1124 828 ,Syringa
1148 763 1382 826 Nympha
1406 763 1456 809 in
1479 761 1694 810 fistulam.

295 894 312 915 ¹
333 889 512 950 Syringa
535 883 839 946 Nympharum
862 883 1094 945 Nujudum
1108 917 1123 943 ‚
1158 898 1262 944 quae
1287 880 1306 907 *³
1329 886 1440 932 circu
1466 887 1764 933 Nonacrinum
1789 895 1969 932 montem
1990 886 2210 933 Arcadiae
2243 889 2383 949 vagu-⁴

234 954 420 1014 bantur,
443 950 735 1018 speciofiffimu
747 947 952 1012 proditur
964 948 1112 1012 fuiffi‘.
1149 964 1277 1010 quum
1300 964 1393 995 cum
1419 951 1522 996 Pan
1546 957 1562 976 ²
1587 951 1802 996 Mercurii
1821 952 1947 1008 filius
1981 951 2245 1014 udumaſjetj,
2283 947 2300 975 ‘³
2326 951 2383 1003 &²

288 1138 521 1190 Mulcebitque
535 1137 620 1189 sono
642 1137 843 1183 Bacchum,
870 1136 1044 1189 nobiesque
1064 1135 1204 1175 tenebit:

233 1192 312 1228 Ubi
325 1191 480 1240 Scaliger
494 1219 504 1233 ‚
532 1191 703 1241 nostisque
715 1189 858 1226 tenebris
873 1218 881 1230 ,
907 1189 1011 1238 quod
1023 1190 1156 1227 durius.
1177 1186 1281 1225 Mol-

232 1242 301 1279 lius
338 1250 436 1280 certe
477 1239 596 1278 fuiffet
628 1241 798 1291 noctisque
819 1240 975 1277 tenebras
989 1269 999 1286 ,
1035 1248 1076 1278 ut:
1109 1239 1280 1277 Francius

234 1293 395 1330 volebat.
412 1291 482 1329 -fed
503 1302 613 1329 tenere
634 1295 742 1328 noctes
760 1290 810 1328 est
831 1299 1000 1340 potantes
1030 1292 1069 1329 &
1090 1290 1202 1340 genio
1224 1290 1282 1327 in-

233 1342 425 1392 dulgentes
444 1342 637 1380 deleuare.
665 1350 705 1380 ut
726 1343 773 1379 ita
786 1353 896 1379 tenere
908 1342 1065 1391 explicat
1077 1341 1133 1379 Cl.
1144 1342 1283 1378 Graev.

238 1393 287 1431 ad
309 1395 428 1431 Cicer.
455 1405 510 1430 vr.
532 1393 579 1431 ad
600 1394 703 1431 Fam.
730 1406 783 1431 12.
806 1393 863 1430 vel
884 1391 909 1429 fi
929 1393 1009 1443 quis
1032 1395 1140 1430 noctes
1172 1402 1283 1428 tenere

236 1444 326 1482 velit
349 1444 529 1494 explicare
549 1456 617 1493 pro
637 1443 831 1493 tranfigere
844 1445 882 1481 δε
895 1444 1099 1492 producere
1114 1471 1124 1488 ‚
1137 1450 1177 1480 ut
1197 1442 1282 1480 lon-

234 1496 315 1545 gius
336 1496 529 1533 videantur
550 1494 679 1534 durare
693 1523 704 1540 ,
731 1493 869 1533 eodem
893 1494 1011 1533 modo
1034 1504 1074 1533 ut
1095 1495 1133 1531 in
1154 1494 1282 1532 Pervi-

234 1547 324 1595 gilio
343 1547 498 1583 Veneris
512 1574 522 1591 ,
546 1546 637 1583 nihil
658 1546 844 1595 pugnabo.
872 1547 911 1583 δε
933 1545 1035 1595 plura
1063 1546 1147 1582 loca
1176 1545 1281 1591 sunt,

233 1598 298 1634 ubi
319 1597 394 1634 dies
416 1598 476 1634 vel
496 1597 623 1634 nones
644 1598 757 1646 genio
770 1626 781 1642 ‚
804 1597 864 1634 vel
875 1598 1016 1634 Veneri
1026 1597 1166 1634 dicatae
1179 1597 1285 1641 ,edu-

236 1648 292 1693 ei‚
319 1647 484 1693 extrahi,
510 1647 650 1684 extendi
671 1648 731 1684 vel
753 1648 871 1693 tendi,
903 1656 942 1685 ut
969 1649 1008 1687 in
1031 1647 1179 1686 Horatii
1195 1647 1283 1685 loco

236 1709 258 1735 a
291 1700 456 1736 Ciofano
486 1698 636 1736 laudato
665 1697 797 1746 legitur
820 1725 830 1741 ,
868 1697 1049 1736 dicuntur.
1079 1698 1126 1736 fic
1148 1698 1284 1735 educere

237 1748 324 1787 Val.
342 1749 439 1786 Piae.
468 1761 496 1786 1.
519 1761 603 1798 251.
629 1747 690 1785 ubi
712 1747 870 1796 pluribus
901 1747 940 1784 id
972 1759 1135 1796 agemus.
1164 1759 1284 1785 extra-

236 1799 314 1837 here
335 1800 467 1837 dicitur
487 1800 658 1848 Orpheus
677 1798 842 1846 testudine
862 1797 947 1835 ibid.
968 1811 1047 1836 vers
1069 1810 1153 1845 277.
1180 1799 1286 1849 quod

238 1850 449 1888 Maniliano
468 1849 557 1886 loco
580 1850 768 1887 convenit.
784 1849 968 1899 producere
992 1850 1159 1899 Propert.
1182 1862 1284 1888 1.111.

241 1913 302 1952 39.
330 1901 392 1938 ubi
412 1900 497 1939 vide
516 1900 677 1938 Broukh.
701 1902 739 1938 ὅ(
756 1899 896 1938 infinita
918 1900 1012 1938 talia.
1040 1901 1078 1938 in
1098 1901 1216 1939 verbis
1228 1913 1293 1939 ve-

240 1963 286 1990 10
308 1963 412 1991 terere
438 1981 448 1997 ‚
475 1962 661 1996 conterere,
700 1952 866 2001 decipere,
891 1952 1064 1998 lacerare,
1091 1952 1291 2002 absumere,

240 2005 433 2052 consumere
454 2003 545 2039 diem
559 2031 570 2047 ,
600 2003 637 2039 8<
658 2014 752 2051 quae
772 2002 851 2039 sunt
872 2001 999 2040 similia
1014 2031 1024 2048 ‚
1051 2003 1193 2052 semper
1214 2003 1293 2041 sen-

240 2054 297 2092 sus
317 2053 377 2091 ille
397 2053 488 2090 inest
502 2082 513 2098 ‚
540 2061 580 2091 ut
601 2053 747 2090 brevior
768 2052 830 2090 fiat
848 2053 1150 2092 fabulationibus:
1179 2066 1293 2104 quare

241 2105 340 2142 forte
361 2105 422 2141 hic
445 2104 652 2153 recipienda
679 2103 814 2148 166110,
853 2116 963 2153 quam
999 2104 1201 2153 suppeditat
1227 2118 1292 2143 co-

242 2154 318 2194 dex
348 2154 507 2192 Urbinas
531 2183 542 2199 ,
576 2155 613 2192 in
645 2166 722 2204 quo
754 2154 826 2199 est,
855 2155 1011 2199 demuit,
1038 2156 1165 2205 scripta
1197 2167 1293 2194 voce

241 2217 309 2255 per
341 2205 636 2258 compendium,
663 2217 730 2254 pro
768 2205 955 2244 diminuit:
982 2205 1029 2245 fic
1060 2206 1120 2246 lib.
1152 2218 1212 2245 vr.
1234 2210 1294 2246 60.

270 2269 313 2298 ro
326 2286 336 2302 ‚

243 2269 268 2306 Ρ
300 2309 421 2345 Studio
433 2307 585 2356 fallente
603 2308 767 2348 laborem.

245 2357 336 2396 Erat
368 2359 406 2397 in
430 2358 616 2397 codicibus
647 2359 858 2404 nonnullis,
885 2359 1085 2407 minuente,
1113 2373 1209 2411 quae
1233 2372 1295 2399 ea-

249 2408 339 2446 dem
367 2411 519 2448 varietas
542 2410 590 2448 est
611 2411 649 2448 in
667 2410 726 2448 lib.
748 2423 801 2448 1v.
826 2423 910 2460 295.

304 2461 424 2498 Studio
444 2461 621 2497 minuente
642 2461 804 2499 laborem.

249 2508 299 2547 Et
319 2510 394 2547 hoc
415 2511 464 2549 est
485 2511 588 2559 quod
609 2513 783 2549 Horatius
804 2511 863 2550 lib.
881 2526 909 2551 1.
934 2514 1009 2552 Od.
1034 2526 1063 2552 1.
1091 2515 1204 2560 dixit,
1211 2525 1297 2566 par-

249 2570 322 2614 tem
345 2560 454 2608 solido
476 2562 606 2599 demere
638 2563 678 2599 de
700 2563 773 2608 die,
812 2563 872 2602 vel
893 2567 1058 2615 frangere
1080 2566 1180 2604 diem
1205 2595 1218 2612 ,
1255 2575 1297 2604 ut

248 2610 321 2657 palii.
357 2611 410 2648 Ita
431 2624 465 2648 v.
490 2611 597 2650 Trist.
619 2626 729 2651 xtrr.
749 2626 808 2655 27-

305 2666 416 2712 thue
427 2662 620 2710 solebamus
641 2666 830 2712 consumere
849 2665 948 2714 longa
971 2666 1134 2717 loquendo

358 2717 521 2761 Tempora
535 2741 545 2756 ‚
562 2714 754 2760 sermonem
776 2715 949 2762 deficiente
967 2718 1030 2754 die.

251 2763 304 2808 Et
331 2774 389 2801 11.
410 2774 456 2805 ex
479 2763 588 2800 Pont.
608 2776 640 2800 x,
664 2775 724 2812 37.

306 2819 405 2864 Saepe
425 2814 496 2853 dies
508 2814 665 2861 sermone
686 2814 800 2851 minor
811 2815 890 2862 fuit
904 2844 914 2860 ‚
938 2816 1044 2866 inque
1064 2818 1272 2870 loquendum

359 2866 478 2902 Tarda
491 2873 553 2914 per
574 2865 714 2911 aestivos
737 2866 848 2913 defuit
865 2865 949 2902 hora
970 2868 1050 2905 dies.

255 2916 328 2955 Ins.
347 2915 406 2955 lib.
421 2928 474 2953 1v.
487 2928 545 2963 41.
574 2917 665 2966 quod
686 2926 836 2966 tempora
857 2916 955 2965 longa
978 2919 1093 2960 videri
1111 2933 1179 2957 non
1188 2920 1298 2970 sinat.

251 2968 403 3017 propius
434 2966 617 3005 accedunt
648 2967 758 3004 verba
803 2967 992 3005 Ciceronis
1037 2969 1097 3007 lib.
1134 2982 1214 3008 111.
1257 2972 1302 3010 de

257 3019 364 3056 Orat.
384 3030 444 3067 49.
467 3019 532 3055 Sed
552 3032 586 3054 eo
608 3028 640 3054 te
659 3033 702 3056 ne
733 3018 906 3056 laudandi
937 3020 1074 3069 quidem
1104 3021 1217 3070 cauffu
1248 3023 1303 3059 in-

258 3069 466 3118 terpellavi,
504 3083 544 3106 ne
575 3069 662 3120 quid
691 3070 731 3106 de
751 3069 811 3106 hoc
831 3080 907 3106 tam
925 3071 1043 3119 exiguo
1056 3071 1226 3119 sermonis
1249 3075 1304 3111 tui

260 3129 403 3168 tempore
419 3148 429 3164 ,
456 3119 559 3159 verbo
579 3134 647 3157 uno
670 3134 740 3156 meo
764 3121 1025 3158 diminueretur.
1053 3123 1189 3171 implere
1211 3124 1301 3160 diem

251 3167 466 3215 sermonibus
488 3171 578 3208 dixit
599 3171 730 3208 Noster
756 3171 815 3208 lib.
850 3184 935 3208 vir.
968 3172 1052 3220 665.
1095 3173 1157 3210 ubi
1189 3175 1301 3214 etiam

257 3217 409 3273 quidam
442 3221 587 3260 codices
610 3250 621 3267 ,
647 3222 846 3267 Gebhardo
880 3223 919 3259 &
952 3222 1108 3261 Heinsio
1130 3224 1303 3273 inspeffi,

261 3268 456 3324 detinuere,
488 3274 569 3317 alii,
602 3273 804 3323 implicuere.
834 3274 929 3312 forte
961 3286 1052 3322 pro,
1090 3275 1306 3314 imminuere.

258 3318 322 3362 &ed
341 3318 391 3358 ibi
409 3320 498 3359 nihil
520 3325 740 3368 mutandum
765 3324 881 3371 sentio
895 3353 907 3372 ,
936 3336 1022 3379 cum
1043 3325 1142 3366 reete
1164 3327 1304 3378 longum

2292 1030 2387 1063 eam

1333 1136 1425 1174 diem
1446 1136 1583 1188 implere
1603 1134 1829 1176 sermonibus
1851 1134 2044 1181 dicantur,
2078 1137 2142 1186 qui
2162 1135 2253 1176 nihil
2272 1142 2387 1186 agunt

1334 1188 1401 1225 nifi
1432 1189 1596 1235 fabulari,
1635 1198 1675 1226 ut
1707 1188 1834 1226 Florus
1872 1200 1928 1226 It.
1965 1199 2022 1226 12.
2076 1189 2236 1236 Qorum
2252 1189 2388 1237 specia-

1335 1239 1408 1275 culo
1445 1240 1606 1277 triduum
1641 1239 1810 1289 implevit.
1869 1240 1923 1276 Ut
1961 1237 2050 1276 nihil
2086 1239 2194 1276 vacui
2239 1246 2392 1287 tempo-

1337 1290 1381 1326 ris
1416 1301 1436 1326 a
1473 1288 1681 1339 speetacul'o
1728 1289 1768 1328 sit
1815 1289 1995 1328 relietum.
2051 1288 2231 1338 Quinctil.
2280 1289 2392 1328 Decl.

1336 1351 1431 1377 vnx.
1477 1353 1534 1391 13.
1588 1349 1658 1379 Hoc
1696 1352 1736 1378 tu
1768 1350 1925 1391 parvum
1962 1339 2019 1390 effe
2063 1341 2170 1377 credis
2207 1340 2393 1390 spatium,

1337 1392 1429 1441 quod
1460 1390 1603 1442 diversis
1627 1392 1762 1444 pariter
1784 1391 1880 1428 rebus
1901 1391 2072 1440 impletur.
2110 1390 2136 1427 fi
2155 1399 2282 1429 tamen
2305 1402 2389 1439 per-

1337 1443 1505 1481 tinaciter
1535 1444 1615 1494 quis
1655 1445 1697 1481 τὸ
1739 1443 1912 1481 detinuere
1941 1441 2179 1480 retinendum
2212 1441 2355 1480 censeat
2376 1469 2392 1491 ,

1339 1493 1494 1533 mallem
1519 1507 1591 1546 ego
1612 1494 1757 1546 legere:

1676 1562 1725 1594 Et
1747 1568 1885 1595 euntem
1907 1555 2022 1594 multa
2049 1556 2212 1607 loquendo

1391 1608 1559 1648 Detinuit
1574 1607 1734 1657 sermone
1754 1610 1886 1646 ducem.

1338 1674 1489 1712 Ducem
1511 1685 1649 1721 nempe
1676 1674 1845 1723 Argum,
1874 1673 1938 1723 qui
1966 1672 2010 1710 Io
2043 1673 2211 1711 ducebat.
2248 1671 2390 1712 euntem

1339 1738 1431 1764 vero
1462 1724 1510 1763 est
1540 1725 1592 1761 ire
1614 1723 1831 1770 volentem,
1863 1731 2139 1773 properantem.
2180 1732 2221 1762 ut
2240 1724 2301 1764 lib.
2323 1736 2395 1768 vn:

1341 1787 1425 1826 323.

1696 1840 1883 1891 Gentisque
1904 1839 1997 1877 illius
2017 1840 2115 1877 eunti

1398 1890 1468 1940 Ipss’
1489 1891 1609 1928 ducem
1629 1891 1782 1929 dederat.

1350 1953 1420 1991 Sed
1433 1956 1470 1992 in
1493 1955 1614 2003 primo
1626 1955 1806 1993 Mediceo
1819 1956 2073 1993 erateundem.
2095 1955 2150 1994 Ita
2172 1953 2309 1992 tenebat
2320 1952 2396 2003 ser3

1349 2018 1447 2042 mone
1467 2007 1568 2043 deam
1583 2035 1593 2051 ,
1615 2006 1674 2043 lib.
1703 2019 1783 2044 111.
1807 2006 1889 2057 364.
1921 2015 1961 2045 ut
1985 2009 2024 2045 &
2047 2007 2181 2045 Cicero
2209 2005 2320 2045 &alii
2338 2005 2397 2051 105

1349 2056 1424 2093 cuti
1446 2056 1536 2094 sunt.
1567 2057 1701 2095 Noster
1722 2058 1880 2095 Remed.
1905 2069 1989 2104 271.

1399 2107 1534 2144 Diceris
1555 2107 1608 2145 his
1629 2109 1737 2146 etiam
1752 2137 1762 2154 ‚
1785 2122 1862 2146 cum
1877 2109 1958 2157 jam
1978 2109 2142 2158 discedere
2162 2108 2292 2153 vellet,

1453 2159 1661 2196 Dulichium
1684 2159 1797 2196 verbis
1819 2159 1994 2209 detinuiffie
2014 2161 2144 2197 ducem.

1352 2210 1422 2247 Sed
1440 2211 1609 2258 praefero
1628 2211 1791 2259 priorem
1815 2210 2131 2248 emendationem.
2159 2219 2247 2246 nam
2256 2205 2402 2245 sedebat

1352 2272 1439 2299 cum
1462 2260 1652 2298 Mercurio
1674 2262 1806 2308 Argus.
1832 2261 2096 2297 BuRMANNus.

1403 2311 1486 2356 684.
1516 2310 1683 2359 Tentat.]
1712 2310 1905 2347 Mediceus
1927 2322 2044 2355 unus,
2067 2320 2187 2347 certat.
2215 2308 2401 2357 eleganter

1351 2364 1390 2400 δε
1402 2361 1722 2399 accommodatius
1737 2363 1786 2407 τῷ
1803 2361 1948 2398 vincere.
1963 2361 2018 2398 Ita
2031 2363 2069 2398 ὃς
2082 2372 2147 2398 111.
2157 2359 2242 2412 663.
2258 2371 2302 2398 ex
2315 2359 2404 2409 MS.

1404 2414 1620 2463 Geminaque
1641 2422 1695 2462 ope
1718 2425 1852 2447 currere
1874 2421 2024 2448 certant.

1350 2464 1500 2514 Vulgo,
1523 2474 1676 2502 tentant.
1705 2461 1833 2510 Virgil.
1856 2474 1908 2500 1x.
1929 2461 2093 2500 Aene'id.
2107 2474 2192 2512 519.

1731 2513 1795 2551 Sed
1807 2512 1930 2563 pellere
1946 2513 2041 2550 vallo

1405 2566 1586 2615 Miffllibus
1608 2576 1755 2603 certant.

1354 2620 1431 2657 Ubi
1454 2620 1566 2657 etiam
1598 2618 1657 2655 alii
1679 2618 2010 2660 codices‚tentant.
2037 2614 2086 2652 fic
2116 2615 2221 2664 saepe
2235 2617 2396 2667 pugnat}

1352 2670 1458 2719 quod
1487 2681 1578 2709 mox
1599 2669 1782 2716 sequitur,
1818 2667 1893 2703 hoc
1911 2665 2012 2703 sensu
2033 2665 2123 2703 dixit
2144 2666 2302 2712 Noster,
2328 2678 2397 2714 pro

1354 2732 1432 2768 quo
1456 2720 1567 2755 etiam
1588 2717 1714 2766 passim
1737 2726 1853 2753 tentat
1875 2717 1912 2754 in
1934 2716 2146 2766 quibusdam
2158 2716 2303 2767 scriptis.
2316 2717 2403 2755 vide

1354 2770 1419 2807 inf.
1439 2781 1529 2807 vers.
1555 2781 1637 2819 349.
1672 2767 1797 2806 Heius.
1810 2767 1856 2804 ad
1873 2780 1949 2805 111.
1964 2767 2051 2805 Fast.
2067 2779 2150 2816 307.
2165 2769 2203 2805 ὃ(
2215 2769 2261 2806 ad
2274 2768 2405 2806 Claud.

1359 2833 1414 2858 11.
1448 2821 1556 2870 Rapt.
1595 2818 1673 2868 196.
1697 2819 1753 2856 ille
1782 2818 1843 2855 diu
1866 2818 1978 2856 etiam
2002 2817 2190 2857 Leidensis
2212 2831 2280 2870 pro
2301 2819 2402 2857 varia

1352 2871 1525 2909 ledtione.
1553 2871 1682 2909 Euam.

1414 2931 1429 2949 ²
1455 2923 1622 2971 syrim]
1654 2924 1696 2960 In
1707 2922 1866 2960 Birckm.
1893 2923 1936 2959 C.
1949 2922 1998 2959 V.
2020 2921 2325 2971 Syringa‚male‚
2351 2920 2406 2958 uti

1360 2973 1494 3022 colligo
1516 2986 1561 3011 ex
1584 2974 1696 3012 altero
1718 2974 1805 3011 loco
1827 2975 1921 3011 infra
1935 3002 1945 3018 ,
1973 2972 2035 3010 ubi
2057 2974 2105 3009 V.
2134 2973 2242 3010 habet
2265 2971 2406 3020 Syrinx.

1360 3023 1497 3062 Birkm.
1521 3026 1692 3073 syringas.
1717 3037 1784 3073 pro
1819 3024 2067 3074 Nympharum
2091 3023 2252 3060 Naidum
2283 3023 2320 3059 in
2353 3022 2405 3058 V.

1360 3075 1543 3113 maculose
1554 3076 1726 3125 scriptum
1738 3075 2036 3121 vifitur,Dearum
2049 3074 2294 3123 Nympharum
2307 3083 2407 3110 nata.

1357 3126 1395 3163 in
1418 3127 1460 3163 C.
1484 3127 1731 3177 Nympharum
1775 3128 2013 3164 Naiadarum.
2045 3125 2225 3162 GISELIN.
2262 3124 2408 3172 Syringa

1358 3188 1437 3213 non
1471 3177 1631 3214 dubitavi
1663 3178 1853 3215 rescribere
1883 3190 1928 3215 ex
1967 3176 2049 3214 MS.
2086 3186 2315 3225 quamquam
2346 3181 2408 3223 Sy-

1362 3228 1444 3264 rinx
1477 3231 1745 3276 repraesentant
1776 3228 1868 3266 Edd.
1898 3239 2041 3265 omnes.
2078 3227 2281 3264 Rationem
2317 3224 2411 3262 ultra

1362 3290 1437 3316 non
1462 3280 1626 3327 quaerit,
1654 3279 1678 3316 fi
1701 3282 1780 3330 quis
1799 3279 1926 3327 legerit
1941 3306 1950 3322 ‚
1977 3289 2074 3328 quae
2096 3278 2142 3315 ad
2164 3276 2409 3326 Hyginum&

1363 3330 1598 3380 Fulgentium
1619 3343 1699 3371 non
1723 3343 1800 3373 uno
1822 3331 1909 3371 loco
1933 3342 1954 3369 a
1983 3329 2090 3370 nobis
2117 3335 2304 3415 annotat}3
2317 3325 2408 3413 sursit.

2305 3386 2354 3416 On
2373 3384 2408 3413 e1
