2483 3616
208 165 314 233 644

683 159 750 216 P.
825 155 1028 215 Ovi
1064 148 1230 209 DII
1288 150 1354 206 'N
1392 151 1446 207 A
1483 151 1520 207 S
1557 150 1834 207 UNI-S

511 275 908 349 ⁴>Adpellantque
932 269 1157 324 Lichan.
1196 278 1248 319 at
1273 277 1360 327 tu,
1394 263 1542 334 Jovis
1577 265 2004 339 inclytaproleS„

366 368 397 403 2
406 368 472 427 3o
511 348 809 404 Arboribus
833 343 989 401 caesis
1004 379 1021 405 ,
1057 356 1184 414 quas
1207 336 1373 392 ardiua
1400 336 1621 409 gefferat
1647 339 1820 403 Oete,

211 571 280 615 -Ῠς,
311 581 397 621 303.
431 579 636 619 moturaque
659 566 766 604 duras
797 563 904 603 verba
932 574 1051 614 queror
1064 557 1188 612 filices..
1211 557 1261 594 ita

223 623 363 671 primus
401 622 553 659 Morcti.
595 620 808 658 Heinsius.
871 623 913 653 ln
949 612 1100 662 rigidum
1127 606 1262 658 filicem

223 674 390 730 quinque
410 672 503 710 libri.
1139 709 1146 715 ·
1240 706 1247 713 ·

275 724 356 761 226.
389 730 492 760 Nunc
512 735 642 772 quoque
662 721 700 758 in
718 718 861 756 Euboico
872 714 1027 766 scopulus
1047 711 1265 767 brevisxemz-

224 785 282 814 cat
303 773 416 823 alte]
456 773 545 810 Hoc
576 783 730 821 quoque
761 768 1030 807 dubitationem
1058 771 1193 799 merito
1212 760 1265 797 le-

227 825 321 863 61011
342 836 496 862 111ον616
515 824 630 872 potest
645 850 654 866 ‚
683 819 882 870 quomodo
902 815 1020 854 brevis
1038 812 1204 861 scopulus
1216 809 1267 847 al·

222 875 261 915 16
279 878 414 913 emicet
429 903 438 918 ‚
468 873 672 922 praesertim
689 882 773 908 cuin
785 871 895 907 tertio
909 866 1043 905 deinde
1054 863 1155 901 versu
1176 873 1267 899 nau-

222 937 283 966 tae
300 939 386 964 eum
410 925 545 962 calcare
563 930 768 961 vereantur.
806 915 1111 957 Commentatori
1137 914 1212 951 hoc
1230 924 1268 950 e-

221 978 442 1017 narrandum
466 983 560 1012 erat:
590 985 683 1016 nos,
710 971 796 1022 quia
816 969 1018 1007 lectionem
1047 965 1267 1012 nonsimpe-

222 1029 300 1073 dit,
327 1026 508 1068 studiosis,
537 1034 577 1063 ut
596 1024 778 1074 quaedam
797 1022 864 1059 alia
883 1022 920 1059 in
940 1020 995 1057 his
1014 1015 1266 1055 annotationi-

222 1080 303 1124 bus,
327 1075 567 1127 perquirenda
578 1073 1102 1125 relinquimusGLARiaANus.
1126 1069 1164 1104 ln
1180 1077 1267 1104 meo

225 1131 433 1179 antiquiore
477 1126 550 1164 alto
582 1156 591 1171 ,
627 1139 689 1176 per
708 1140 724 1162 ο
749 1154 760 1170 ,
798 1136 875 1162 11011
906 1123 978 1159 alte
998 1132 1060 1169 per
1087 1133 1102 1156 e
1127 1119 1269 1167 legitur.

226 1183 355 1230 Quam
378 1180 579 1217 lectionem
606 1178 719 1226 magis
744 1175 872 1225 probat
891 1172 1054 1212 Galesius
1081 1181 1185 1207 meus
1208 1197 1218 1213 ‚
1248 1166 1269 1206 3

228 1233 332 1281 cujus
359 1231 536 1269 sententia
567 1229 751 1266 discedere
779 1227 880 1264 nefas
911 1233 1014 1274 puto.
1050 1222 1268 1258 CloFANus.

229 1285 320 1322 Noti
335 1282 554 1329 obtempero
568 1281 652 1317 viris
666 1278 783 1316 doctis
796 1275 1043 1315 emendaturis
1063 1272 1135 1314 alto
1147 1288 1157 1308 „-
1178 1271 1267 1321 quid

228 1334 276 1372 sic
299 1341 420 1383 ageret
443 1335 485 1370 ’τὸ
501 1331 663 1380 gurgite?
691 1341 775 1368 nam
800 1332 836 1366 &
856 1325 1024 1375 scopulus
1045 1323 1268 1367 brevi5‚hoc

225 1385 275 1424 est
301 1386 451 1434 exiguus
467 1411 477 1427 ,
514 1395 593 1420 non
614 1382 705 1420 latus
733 1379 804 1418 3116
824 1380 988 1417 6111111616
1010 1374 1137 1425 potest.
1165 1374 1270 1412 dein-

226 1437 273 1475 de
294 1448 385 1474 unus
404 1436 485 1472 MS.
507 1433 579 1471 Pal.
600 1445 666 1481 pro
688 1433 836 1475 eminet,
854 1429 1005 1472 emicat,
1033 1428 1106 1464 hoc
1120 1425 1168 1464 est
1184 1425 1276 1467 ἁλὸς

226 1488 447 1532 ὑπερτέλλει
482 1485 550 1520 ἅνω
573 1512 583 1528 ,
627 1483 879 1533 repraesentat.
935 1478 1052 1528 Quod
1084 1489 1154 1526 ego
1188 1488 1274 1514 cum

229 1541 393 1577 Grutero
419 1548 506 1575 meo
528 1536 642 1584 longe
660 1535 812 1583 vulgato
834 1532 1047 1581 praeferam.
1077 1528 1192 1566 Recte
1211 1539 1274 1565 au-

228 1599 308 1630 tem
331 1591 519 1627 Riccartus
541 1588 660 1624 noster
678 1586 789 1624 literis
811 1584 855 1621 acl
875 1596 934 1621 ine
946 1582 1084 1618 brevem
1097 1578 1274 1629 scopulum

229 1644 483 1690 interpretatus
513 1637 561 1675 est
595 1637 759 1686 exiguum
780 1664 789 1680 ‚
818 1634 1016 1685 quomodo
1052 1632 1151 1679 apud
1177 1630 1274 1668 letos

232 1694 307 1741 (116
332 1703 441 1740 porro
465 1687 834 1738 ait)brevissupellex
848 1715 857 1730 ‚
887 1685 988 1730 breve
1007 1682 1165 1733 poculum
1178 1681 1273 1730 apud

234 1743 493 1792 Lampridium
521 1742 558 1778 iii
586 1740 736 1778 Severo.
765 1738 880 1775 brevis
909 1735 1048 1786 lapillus
1075 1733 1170 1783 apud
1194 1734 1275 1778 Ser-

232 1796 350 1832 vium.
379 1790 804 1835 Tacitus,breviauditu
831 1787 997 1838 quamvis
1018 1798 1146 1833 magna
1158 1796 1274 1827 trans-

231 1844 355 1895 igebat.
382 1845 473 1882 haec
494 1844 553 1881 ille
568 1871 578 1885 ,
609 1846 663 1880 vir
688 1842 902 1889 singularem
925 1839 973 1876 ob
994 1837 1199 1875 doctrinam
1221 1844 1276 1873 at-

232 1908 308 1946 que
328 1897 596 1934 humanitatem
628 1893 720 1930 mihi
746 1891 935 1929 colendus.
961 1889 1058 1927 addo
1086 1900 1156 1937 ego
1180 1886 1278 1936 apud

237 1948 422 1986 Ovidium
447 1946 601 1994 Epistola
626 1943 746 1981 Didus
762 1972 770 1986 ,
799 1942 914 1979 brevis
931 1941 1096 1991 impensa.
1137 1939 1280 1986 Instruis

233 1999 386 2047 impensa
407 1997 517 2044 nostra
530 1995 711 2046 sepulchra
732 1994 841 2031 brevi.
881 1993 938 2030 Sic
959 2001 1085 2030 contra
1108 1990 1203 2039 apud
1225 1990 1280 2027 A·

232 2051 398 2099 pulejum
413 2049 512 2097 longa
530 2049 597 2085 dos.
627 2047 661 2082 Si
682 2045 806 2082 mulier
827 2043 941 2080 vidua
958 2055 1001 2082 (φ
1030 2042 1192 2080 mediocri
1203 2042 1281 2087 for-

234 2100 297 2138 md
316 2099 439 2136 nubere
467 2101 583 2136 volens
605 2098 704 2145 longa
734 2097 809 2133 dote
837 2107 880 2134 (φ
900 2094 996 2131 molli
1014 2094 1205 2131 conditione
1225 2092 1280 2128 in-

234 2151 577 2200 vitaffetjicvenem,
607 2162 712 2198 neque
735 2157 862 2196 corpore
877 2175 886 2190 ,
915 2159 1021 2196 neque
1050 2145 1167 2181 animo
1187 2172 1196 2187 ‚
1223 2157 1283 2179 ne-

235 2217 300 2253 que
322 2204 443 2248 forma
470 2201 724 2251 poenitendum.
780 2198 881 2235 Nihil
908 2198 956 2235 ibi
976 2196 1210 2233 mutandum.
1235 2194 1283 2231 116

234 2266 257 2303 p
270 2254 359 2291 tullo
377 2262 461 2290 ante
475 2281 485 2297 ‚
514 2253 626 2289 dotem
639 2250 808 2300 grandem
829 2261 873 2288 φ’
892 2248 1027 2285 uberem
1049 2247 1152 2285 dixit.
1181 2246 1283 2282 Gen-

241 2319 362 2342 HARD.
393 2304 472 2341 Lib.
489 2317 550 2341 iii.
566 2307 742 2352 Crep.23.
766 2300 850 2337 Alto
872 2299 1085 2336 vetustiores
1102 2298 1283 2346 plerique,

239 2358 366 2394 Sci-1¹00
382 2383 391 2398 ‚
428 2355 465 2391 in
497 2354 634 2391 Euboici
659 2352 732 2390 alto
752 2350 904 2400 Gurgite.
939 2351 1021 2394 Vel,
1042 2348 1182 2385 Euboici
1204 2348 1284 2384 alti.

241 2406 425 2443 Euboicum
441 2435 450 2450 ,
479 2416 519 2443 ut
540 2410 718 2454 Aegaeum
733 2431 743 2449 ‚
769 2403 945 2446 icarium,
980 2400 1170 2446 81111111113.
1192 2399 1283 2436 Pris-

242 2459 333 2499 cian.
357 2456 493 2505 l'erieg.
515 2469 548 2505 p.
573 2457 659 2506 387.

297 2519 470 2555 Fluctibus
493 2522 620 2569 Aegaei
634 2518 758 2570 primis
775 2531 862 2570 quae
882 2517 1048 2556 tunditur
1069 2515 1149 2555 alti.

246 2581 453 2618 Haustus.
481 2581 719 2629 vid.xi.15o.

297 2643 379 2676 229.
409 2631 663 2681 Appellantqite
683 2630 853 2680 Licham]
885 2631 971 2668 Sive
991 2628 1012 2666 {t
1036 2627 1142 2675 λέξαι
1159 2625 1286 2676 ,quod

245 2682 494 2728 ὅρμῆσαι,1106
515 2682 783 2728 est,itnpellere
810 2691 920 2729 atque
951 2682 1133 2729 impetum
1166 2678 1286 2715 facere

245 2733 446 2783 significat,
474 2731 546 2768 sive
567 2732 677 2767 etiam
711 2730 731 2767 a
753 2733 882 2767 fornia.
912 2732 1026 2776 λῖχας
1049 2731 1151 2768 enim
1172 2730 1288 2765 Grae-

246 2788 296 2823 cis
316 2783 496 2826 όιπὲτομου
518 2809 527 2823 ,
556 2782 624 2818 1136
650 2781 750 2817 6111111
779 2781 971 2827 abruptum
992 2793 1033 2817 ac
1051 2790 1223 2817 truncum
1247 2778 1290 2815 fi-

245 2835 418 2885 gnificat,
444 2842 483 2870 ut
502 2832 744 2879 intelligamus
766 2830 954 2878 scopulum
976 2832 1074 2867 hunc
1097 2830 1117 2866 a
1143 2832 1286 2878 reliquo

248 2888 402 2925 Cenaeo
426 2885 527 2922 velut
545 2883 737 2929 abruptum
761 2881 944 2929 quendam
971 2883 1007 2917 &
1030 2881 1287 2918 detruncatum

246 2948 430 2987 apparere.
458 2947 499 2971 ac
518 2933 660 2971 videtur
674 2933 833 2969 Ovidius
855 2943 988 2967 vocem
1007 2930 1189 2974 ἀπότομον
1209 2929 1289 2966 recl-

249 2990 337 3027 dere
364 2984 517 3024 voluiffe
532 3014 541 3028 ‚
572 2984 722 3032 quando
742 2982 879 3018 brevem
903 2990 1013 3017 vocat
1035 2982 1145 3027 supra.
1185 2986 1290 3015 Nunc

248 3053 381 3091 quoque
400 3038 438 3074 in
467 3036 628 3081 Euboico,
657 3036 848 3083 inquiens,
868 3031 999 3080 ftopulo
1026 3030 1140 3066 brevis
1167 3031 1293 3066 emicat

248 3093 320 3129 alit>
348 3089 511 3137 Gurgite,
543 3090 613 3125 &c.
663 3097 748 3123 uani
778 3085 928 3122 verbum
952 3081 1076 3118 emicat
1102 3080 1194 3123 alte,
1227 3092 1293 3127 pro

247 3151 394 3192 apparet
418 3153 461 3177 ex
484 3139 580 3183 alto,
610 3137 669 3175 vel
688 3138 725 3174 in
746 3135 841 3179 alto,
869 3133 941 3183 ipse
961 3131 1216 3181 accipiendum
1227 3143 1294 3179 pu-

252 3203 305 3232 to.
336 3194 553 3239 Micrttus.

301 3256 384 3291 229.
414 3247 468 3278 At
490 3252 529 3278 tu
545 3239 673 3285 ‚Jovis
695 3237 826 3286 inclyta
840 3234 948 3285 proles
972 3262 981 3278 ‚
1002 3232 1195 3269 Arboribus
1225 3245 1297 3268 cae·

240 3293 310 3342 fis,
329 3293 428 3343 676]
459 3295 545 3342 Qua
568 3292 613 3330 de
636 3302 673 3329 re
695 3289 743 3328 fic
763 3290 901 3328 Seneca
925 3287 1035 3324 Herc.
1051 3285 1140 3323 Oet.
1163 3283 1269 3333 1483.

2194 408 2358 485 Inque

1366 554 1552 610 Caesia-tur
1561 554 1681 592 omnis
1699 555 1800 594 Silva
1817 585 1827 602 ,
1854 567 1898 597 (ρ’
1918 563 2062 594 Oeteum
2083 568 2205 593 nemus

1369 606 1536 654 suscipiat
1554 605 1678 654 ignem.
1732 607 1914 644 Herculem
1935 608 2080 657 accipiat
2102 620 2222 656 rogus:

1370 655 1433 691 Sed
1454 666 1536 710 ante
1558 667 1726 694 mortem:
1747 667 1787 693 tu
1802 670 1909 705 genus
1931 659 2137 695 Poeantium

1371 713 1443 743 Hoc
1462 706 1555 753 triste
1577 707 1670 745 nobis
1682 708 1828 757 juvenis
1844 707 1991 756 officium
2011 718 2150 758 appara⁰

1321 758 1369 797 Et
1395 759 1502 807 1603.

1653 810 1742 847 laeto
1760 809 1862 847 venit
1878 823 1947 847 ecce
1964 809 2076 846 vultu

1374 862 1489 909 Qem
1509 860 1594 897 tulit
1614 867 1738 906 Pecus,
1764 861 1984 909 humerisque
2004 860 2075 898 tela

1375 912 1515 958 Gestat,
1535 924 1577 952 69·
1598 922 1696 948 notas
1711 911 1840 962 populis
1856 912 2044 962 pharetras

1427 963 1584 1000 Herculis
1601 963 1707 1002 heres.

1325 1015 1373 1054 Et
1388 1013 1446 1057 Jl's.
1470 1014 1573 1060 1648.

1379 1071 1584 1114 Arcumqne
1600 1063 1702 1113 poscit
1717 1093 1727 1109 ,
1746 1064 1855 1115 accipe
1877 1064 1979 1109 haec,
2007 1065 2147 1117 inquit,
2166 1067 2246 1117 stlte

1376 1122 1525 1152 Poeante
1545 1117 1633 1152 dona
1649 1132 1659 1151 :
1689 1128 1732 1155 ω’
1750 1130 1879 1154 munus
1900 1116 2028 1155 Alcide
2047 1128 2134 1168 cape.

1327 1168 1374 1206 Et
1397 1167 1537 1204 Troad.
1556 1167 1617 1210 Ji'lS.
1642 1178 1720 1215 ¹35-

1375 1218 1434 1254 Bis
1449 1217 1581 1266 pulstzri
1607 1218 1783 1254 Dardana
1806 1219 1912 1268 Grajo

1374 1269 1516 1305 Moenia
1536 1270 1629 1313 ferro
1645 1297 1654 1311 ,
1673 1269 1789 1320 bisque
1801 1269 1988 1319 pharetras

1374 1320 1474 1368 Passa
1498 1319 1690 1358 Herculeas.

1330 1385 1438 1423 Haec
1457 1385 1616 1444 Senecae
1639 1385 1720 1424 loca
1742 1398 1826 1424 cum
1847 1386 1922 1424 hoc
1943 1385 2075 1425 Ovidii
2094 1387 2203 1427 nostri
2220 1389 2372 1441 jampri-

1331 1436 1415 1474 dem
1438 1449 1523 1474 cum
1545 1439 1594 1476 ita
1615 1437 1868 1482 contulissem,
1898 1438 2142 1478 animadverti
2163 1441 2373 1489 Apollodo-

1332 1500 1413 1544 rum
1435 1488 1495 1526 lib.
1523 1500 1576 1527 11.
1597 1490 1635 1526 &
1656 1487 1676 1527 3
1699 1492 1811 1538 poe'ta
1832 1488 1980 1534 nostro,
2010 1490 2048 1526 ὃ(
2073 1489 2094 1527 3
2125 1494 2251 1530 ceteris
2273 1494 2371 1539 aliisi,

1330 1550 1393 1588 qui
1412 1538 1457 1576 de
1478 1540 1546 1577 1136
1568 1551 1605 1577 16
1626 1541 1741 1577 1061111
1761 1540 1841 1578 sunt
1856 1568 1866 1584 ‚
1886 1538 2081 1578 dissentire.
2127 1541 2195 1580 Sed
2209 1572 2219 1588 ‚
2250 1553 2288 1582 ut
2300 1545 2374 1584 hoc

1330 1590 1476 1628 studiosi
1498 1591 1637 1639 plenius
1655 1591 1859 1639 intelligant
1873 1618 1883 1635 ,
1912 1602 1953 1628 ea
1967 1619 1976 1635 ‚
2007 1603 2102 1640 quae
2124 1594 2161 1631 in
2181 1594 2243 1633 illo
2256 1595 2376 1644 Apol·

1330 1641 1450 1679 lodori
1477 1642 1562 1679 loco
1586 1642 1624 1679 Β.
1648 1642 1788 1691 Aegius
1807 1643 2022 1685 annotavit,
2053 1643 2125 1681 huc
2150 1645 2278 1684 afferre
2296 1659 2375 1685 non

1333 1704 1394 1730 1116
1414 1694 1531 1742 piget:
1561 1693 1641 1731 sunt
1672 1695 1771 1730 enim
1801 1694 1952 1740 cognitu
1975 1693 2094 1742 digna.
2143 1697 2239 1736 aegii
2266 1699 2376 1736 verba

1331 1744 1435 1789 sunt,
1462 1743 1628 1792 superhis
1642 1744 1886 1792 Apollodori:
1916 1745 2022 1787 Ποίας
2040 1745 2161 1793 παριών
2185 1751 2229 1799 κζ’
2249 1747 2374 1800 {ianm

1329 1806 1480 1853 ’ποιμνίων
1500 1801 1620 1850 εἷφῖψε.
1640 1801 1729 1852 *drgo
1747 1803 1811 1840 καί
1826 1800 1874 1841 τὲ
1896 1802 1979 1847 τέξει
1998 1794 2179 1854 {doeens-awo
2198 1805 2376 1856 H‘gocnz'fiq.

1334 1858 1585 1906 Apollodorus
1621 1859 1681 1895 hic
1711 1858 1881 1894 Herculis
1910 1869 2037 1906 pyram
2067 1868 2087 1892 a
2119 1856 2284 1896 Poeante
2302 1860 2380 1897 suc·

1335 1908 1476 1946 censam
1500 1907 1602 1946 fuiffe
1622 1906 1843 1956 apertissime
1856 1908 1965 1950 dicit,
1995 1919 2112 1956 eaque
2133 1908 2178 1945 de
2203 1908 2318 1948 cauffa
2338 1910 2380 1948 il-

1334 1961 1412 1998 lum
1435 1960 1478 1996 ab
1501 1960 1663 1997 Hercule
1683 1959 1814 2006 sagittis
1832 1959 2012 1995 donatum
2037 1957 2139 1995 tuisse
2160 1959 2272 1997 dubio
2295 1973 2381 2010 pro-

1337 2012 1395 2049 cul
1416 2011 1582 2048 affirmat.
1611 2010 1724 2047 Hunc
1746 2009 1872 2046 locum
1897 2008 2139 2056 superioribus
2156 2010 2282 2049 diebus
2297 2024 2379 2051 cum

1332 2063 1531 2101 Gulielmo
1552 2061 1683 2118 Sirleto
1705 2072 1766 2097 me
1789 2057 1981 2097 contulili'e
1999 2062 2178 2106 memini,
2207 2063 2250 2099 ab
2260 2075 2381 2113 eoque
2401 2075 2403 2077 ’

1325 2112 1535 2163 quaesisse,
1573 2112 1749 2161 quidnam
1780 2110 1825 2148 de
1854 2123 1900 2148 60
1923 2111 2148 2159 Apollodori
2170 2113 2257 2151 loco
2277 2114 2383 2152 senti-

1338 2174 1404 2202 ret.
1429 2172 1509 2202 tuin
1541 2163 1600 2201 ille
1623 2162 1898 2211 Apollodorum
1927 2171 2054 2199 contra
2080 2167 2252 2202 omnium
2276 2164 2381 2214 plane

1338 2216 1579 2257 sententiam,
1609 2226 1690 2252 eam
1721 2213 1767 2251 de
1792 2214 1957 2250 Poeante
1981 2214 2167 2252 historiam
2199 2217 2382 2256 recensere

1340 2267 1454 2311 dixit,
1476 2267 1668 2316 mihique,
1690 2274 1730 2303 ut
1752 2265 1800 2302 est
1821 2265 1876 2301 vii·
1897 2266 2103 2302 memoriae
2123 2266 2328 2315 fingulari‘s‚
2342 2280 2382 2307 u-

1340 2330 1430 2356 num
1460 2318 1665 2356 alterumve
1693 2329 1738 2355 ex
1759 2316 1949 2365 Sophoclis
1963 2317 2165 2355 Philoctete
2182 2319 2287 2356 locos
2306 2331 2383 2357 me·

1341 2370 1494 2406 moriter
1521 2369 1699 2406 recitavit.
1736 2376 1815 2405 tum
1846 2378 2000 2416 quoque
2028 2368 2064 2404 111
2096 2378 2262 2407 mentem
2294 2370 2383 2409 mihi

1339 2420 1531 2458 revocavit
1551 2449 1561 2463 ,
1599 2429 1637 2457 ut
1661 2420 1698 2456 in
1728 2431 1773 2456 11.
1791 2418 1986 2456 Variarum
2008 2418 2113 2456 Lecst.
2142 2431 2218 2467 cap.
2236 2434 2290 2470 15·
2319 2418 2394 2459 Pe-'

1339 2481 1414 2509 trus
1450 2470 1636 2508 Victorius
1674 2470 1867 2508 Ciceronis
1903 2473 2097 2521 μνημονικὸν
2133 2469 2288 2523 capsiana
2325 2473 2381 2510 hic

1341 2526 1412 2565 effe
1429 2527 1567 2571 scribit,
1595 2526 1698 2576 quod
1719 2525 1739 2564 {1
1757 2525 1960 2564 Philocs’tcte
1984 2526 2155 2563 Herculis
2175 2539 2306 2576 rogum
2329 2528 2382 2565 in·

1340 2579 1572 2616 flammatum
1591 2577 1694 2616 fuisse
1708 2605 1717 2622 ,
1741 2579 1777 2615 &
1793 2579 1838 2615 ab
1860 2577 2024 2614 Hercule
2050 2577 2191 2627 sagittas
2211 2575 2382 2628 accepisse

1340 2631 1462 2667 retulit
1482 2631 1518 2666 in
1540 2642 1585 2665 11.
1617 2629 1767 2666 Τυ16111.
1807 2627 1958 2676 Quaest.
1984 2628 2076 2665 libro
2107 2640 2183 2676 cap.
2206 2641 2239 2674 7.
2269 2640 2382 2678 eaque

1341 2682 1378 2719 in
1403 2692 1439 2717 16
1463 2680 1622 2717 Victorii
1640 2680 1857 2716 sententiam
1879 2679 2086 2716 Gulielmus
2101 2679 2223 2717 noster
2243 2692 2319 2718 non
2334 2679 2384 2718 fas·
2424 2675 2425 2678 ¹

1342 2732 1386 2769 tis
1406 2730 1558 2778 probare
1579 2730 1671 2766 mihi
1692 2729 1785 2766 visus
1804 2730 1874 2766 est:
1894 2741 1965 2776 ego
1989 2729 2080 2766 vero
2093 2742 2216 2779 neque
2231 2732 2279 2769 ita
2292 2730 2382 2768 mul-

1346 2790 1387 2818 to
1417 2780 1494 2828 post
1525 2779 1762 2817 revolvendis
1783 2791 1904 2816 rerum
1922 2779 2152 2827 scriptoribus
2173 2790 2296 2820 totum
2324 2792 2384 2822 me

1345 2831 1500 2874 tradidi,
1529 2841 1568 2868 ut
1587 2842 1632 2867 an
1651 2830 1785 2867 Cicero
1807 2830 2051 2867 memoriolae
2073 2832 2165 2869 vitio
2187 2830 2383 2880 peccaffet,

1343 2882 1493 2919 tandem
1522 2882 1745 2928 reperirem:
1784 2881 1960 2917 revolutis
1986 2882 2110 2930 itaque
2140 2884 2231 2921 infra
2251 2884 2384 2930 scriptis

1343 2933 1440 2969 hisce
1458 2943 1542 2969 cum
1565 2932 1713 2968 Graecis
1741 2940 1820 2969 tum
1843 2932 1982 2969 Latinis
1999 2933 2227 2977 auctoribus,
2248 2943 2378 2970 eorum

1348 2983 1520 3019 omnium
1542 2982 1686 3020 calculis
1709 2983 1931 3019 Ciceronem
1962 2983 2060 3021 16616
2090 2981 2235 3025 dixisse,
2261 2993 2384 3032 neque

1349 3032 1424 3069 ullo
1446 3033 1650 3070 memoriae
1669 3033 1766 3080 lapsu
1788 3031 1962 3070 deerrasse
1982 3035 2119 3072 inveni.
2170 3034 2316 3080 Quare,
2333 3032 2387 3070 mi

1351 3083 1479 3125 Fulvi,
1509 3083 1532 3119 si
1552 3084 1645 3120 hanc
1669 3095 1745 3120 rem
1772 3085 1893 3132 paullo
1913 3115 1921 3126 ,
1947 3084 2061 3134 quam
2085 3084 2127 3121 ad
2153 3085 2388 3122 annotatiun-

1352 3132 1514 3170 cularum
1543 3146 1708 3190 mearum
1738 3135 1893 3172 modum
1923 3135 2078 3184 spediat,
2105 3135 2206 3171 latius
2234 3146 2386 3179 enarro,

1352 3195 1473 3232 aequo
1491 3196 1619 3241 antimo
1641 3186 1740 3221 feras.
1773 3198 1858 3223 nain
1882 3188 2014 3224 Cicero
2032 3185 2175 3229 noster,
2203 3186 2261 3222 cui
2279 3185 2390 3233 pluri-

1353 3235 1416 3271 bus
1436 3235 1648 3273 nominibus
1669 3247 1783 3272 nemo
1807 3249 1883 3273 non
1903 3237 2031 3280 debet,
2049 3235 2069 3273 'a
2092 3236 2312 3273 calumniola
2325 3235 2390 3272 de-

1351 3284 1556 3326 fendendus
1577 3286 1625 3324 est
1645 3288 1817 3326 omnino.
1844 3287 1914 3325 Sed
1926 3288 2006 3336 jam
2026 3286 2047 3325 a
2061 3286 2264 3336 Sophocle,
2277 3295 2387 3336 quem

2316 3334 2388 3388 ipse

2472 3118 2475 3204 l
