2483 3616
273 164 1508 244 METAMORP‘HosEoN
1581 167 1726 223 Lm.
1800 169 1898 226 vt,

2076 186 2170 236 421

186 303 286 357 435
323 276 577 337 Thracia:
617 273 824 345 Disque
850 268 943 341 ipsi
969 282 1141 341 grates
1167 285 1352 341 egere:
1394 267 1680 339 diemque,

330 354 556 424 Quaque
587 345 708 400 data
734 343 808 398 est
838 344 985 397 claro
1014 342 1290 397 Pandione
1314 353 1435 395 nata
1459 353 1716 413 tyrann0‚

327 424 555 494 Quaque
579 430 690 473 erat
716 429 863 471 ortus
887 414 1018 487 ItyS,
1055 414 1237 470 festam
1258 412 1449 485 jussere
1475 412 1674 467 vocari.

320 495 504 567 Usque
533 492 669 546 adeo
695 491 820 545 latet
845 488 1052 542 utilitas.
1084 487 1203 558 Jam
1228 499 1470 558 tempora
1492 484 1663 540 Titan

319 567 574 639 Quinque
598 582 694 637 per
715 576 998 617 autumnos
1022 560 1237 633 repetiti
1262 559 1488 614 duxerat
1513 557 1666 611 anni:

172 660 277 714 440
312 640 456 693 Cum
479 637 710 692 blandita
736 636 852 688 viro
878 634 1088 688 Procne
1104 672 1123 697 ‚
1160 632 1216 687 Si
1240 632 1429 704 gratia,
1467 629 1634 693 dixit,

319 711 434 765 Ulla
457 728 576 764 mea
602 709 702 772 est,
738 708 824 762 vel
849 724 936 761 me
961 704 1205 761 visendae
1231 705 1386 759 mitte
1410 703 1611 766 sorori;

323 784 430 839 Vel
456 783 604 837 soror
627 782 732 836 huc
758 779 949 834 veniat.
988 779 1279 833 redituram
1306 790 1550 848 tempore
1574 791 1741 847 parvo

316 856 608 912 Promittes
632 854 833 908 socerO.
871 851 1048 921 magni
1074 851 1203 904 mihi
1228 849 1459 905 numinis
1482 848 1641 903 instar

318 929 644 984 Germanam
670 922 851 981 vidisse
885 922 1049 976 dabis.
1082 921 1232 993 jubet
1258 923 1346 976 ille
1371 921 1569 976 carinas

174 1022 276 1076 445
314 1001 374 1056 ln
402 999 536 1054 freta
562 998 789 1058 deduci;
830 996 1058 1065 veloque
1084 994 1140 1047 &
1176 994 1380 1064 remige
1403 1007 1592 1065 portus

317 1072 614 1145 Cecropios
636 1071 827 1130 intrat;
867 1067 1158 1139 Piraeaque
1188 1066 1345 1121 litora
1370 1065 1558 1136 tangit.

27 1277 227 1328 susperstum
251 1275 298 1314 est
313 1303 322 1320 ‚
349 1286 419 1314 nec
437 1273 488 1321 τῷ
500 1271 591 1321 fidit
609 1278 692 1319 apte
714 1267 819 1325 jungi
837 1265 1062 1325 possevide-

24 1338 94 1368 tur.
123 1341 206 1367 cum
226 1328 366 1376 gravius
378 1325 419 1363 fit
438 1322 618 1365 incubare,
645 1332 757 1369 quam
778 1331 816 1356 ln
837 1319 997 1356 culmine
1008 1318 1061 1367 Je-

26 1379 149 1416 dere.s1
167 1377 318 1425 infimuit
336 1404 346 1421 ,
372 1375 432 1413 vel
446 1372 611 1421 ingemuit
625 1383 668 1408 ex
688 1370 794 1407 MSS.
813 1368 995 1418 possemus
1007 1381 1063 1406 re-

29 1429 204 1471 scribere,
231 1428 343 1475 magis
369 1427 536 1474 placeret.
563 1421 623 1459 sed
652 1420 894 1469 suspicionem
915 1428 1060 1457 tantum

25 1479 224 1528 prodimus.
250 1477 363 1514 fimile
383 1474 577 1513 infaustum
598 1483 713 1509 omen
732 1483 776 1508 ex
797 1470 1061 1508 Ammian.lib.

28 1541 113 1567 xxx.
135 1542 167 1578 ς.
187 1527 412 1576 adscripscrat
433 1522 603 1561 Heinsius
623 1522 711 1565 ubi,
737 1519 829 1557 Bubo
852 1520 1062 1557 culminibus

26 1579 107 1628 regii
133 1578 269 1616 lavacri
304 1575 452 1626 insediffe
481 1585 524 1614 <9¹
550 1571 725 1622 occentaffe
746 1570 913 1618 funebria
933 1583 1062 1608 narra-

31 1639 101 1668 tur.
126 1629 254 1668 ΒΗΜΛ.

77 1691 161 1727 434.
187 1685 262 1715 Hac
278 1691 346 1715 ave
367 1674 574 1727 conjuncti]
590 1681 663 1712 Hac
680 1686 746 1710 ave
759 1672 848 1722 sunt
860 1672 975 1722 junc‘Zi
985 1671 1062 1711 duo

29 1730 199 1768 Gronov.
220 1731 258 1766 &
276 1729 333 1766 sex
355 1729 425 1766 alii.

77 1791 160 1829 435.
185 1779 314 1828 Disque
339 1777 457 1828 ipsis.]
512 1777 637 1815 Immo
661 1803 671 1819 ,
706 1772 780 1824 ipsi-
800 1772 902 1823 quod
923 1774 1061 1822 primus

32 1829 290 1868 Gronovianus
312 1857 321 1872 ,
357 1841 448 1866 unus
467 1827 573 1865 Leid.
600 1828 638 1864 &
662 1826 808 1862 Lovan.
831 1824 1061 1862 confirmant.

30 1880 201 1929 superiori
222 1879 324 1917 versu
337 1907 346 1922 ‚
370 1889 581 1928 gratamque
591 1876 721 1926 scilicet
731 1874 822 1919 illis,
851 1886 928 1912 non
939 1884 1062 1923 grata-

30 1939 68 1966 ta
84 1930 126 1978 est
143 1931 280 1980 primus
299 1930 462 1975 Moreti‚
488 1930 733 1977 Langerman.
756 1926 794 1963 ὃς
812 1933 970 1975 quatuor
990 1926 1062 1963 alii.

28 1980 239 2018 Hemsms.

80 2031 164 2079 436.
191 2033 339 2080 Qaque
358 2030 446 2067 data
463 2029 542 2079 est.]
556 2031 701 2078 Quoque
717 2026 915 2076 legendum
928 2025 997 2064 effe
1011 2026 1065 2064 fa-

31 2079 99 2117 cile
121 2092 166 2117 ex
187 2093 233 2118 eo
247 2108 256 2123 ,
278 2080 381 2129 quod
397 2081 548 2118 infertur
562 2108 572 2124 ,
599 2078 783 2127 adjectivo
802 2077 924 2126 colligi
936 2077 1064 2125 potest.

31 2130 193 2167 Remus.
219 2132 365 2179 Qaque
381 2139 456 2167 tam
478 2131 575 2174 hoc,
599 2141 709 2179 quam
722 2128 888 2176 proxime
910 2127 1064 2175 sequen-

29 2179 58 2216 ti
86 2179 188 2216 versu
217 2180 407 2223 meliores,
443 2181 480 2217 ὃς
508 2188 587 2218 tum
610 2179 736 2227 festam
762 2177 896 2220 scribe,
923 2189 989 2225 pro
1015 2178 1066 2222 fe-

25 2227 132 2275 stum.
158 2229 353 2278 quomodo
383 2230 641 2269 Gronovianus
660 2229 808 2273 tertius,
836 2229 874 2265 ὃς
895 2227 970 2266 duo
991 2228 1066 2266 alii.

34 2279 244 2317 Hmusrus.

83 2329 169 2378 436.
200 2327 402 2378 Tyranno]
433 2328 564 2366 Marito
581 2337 650 2368 tres
668 2330 760 2368 libri.

48 2400 53 2403 ·
83 2379 169 2428 438.
195 2383 301 2429 Usque
323 2379 403 2416 adeo
423 2378 507 2415 latet
527 2380 674 2417 utilitas.
695 2381 711 2430 ]
743 2375 973 2426 Ε’πιφώνῆμοι
1005 2380 1066 2418 est.

33 2430 73 2467 δε
94 2441 163 2478 ego
184 2437 332 2473 tamen,
359 2429 446 2478 quid
467 2428 528 2466 fibi
550 2430 695 2477 proprie
715 2430 802 2466 velit
816 2458 824 2473 ‚
843 2432 906 2467 vix
928 2442 988 2467 me
1002 2442 1065 2467 ex-

33 2480 142 2527 plico.
182 2480 391 2516 Grani-iu.
444 2479 569 2516 Sensus
598 2480 753 2516 minime
789 2479 969 2516 obscurus.
1010 2480 1066 2516 ni—

34 2530 169 2567 mirum
188 2530 355 2578 Prognen
375 2527 591 2577 ignoravisse
606 2557 615 2573 ‚
643 2540 755 2578 quam
786 2529 913 2565 inutile
935 2528 998 2565 fibi
1016 2529 1067 2565 es-

32 2579 84 2617 set
123 2580 253 2618 sororis
287 2580 333 2617 ad
374 2581 409 2617 se
451 2580 653 2617 adventum
696 2591 717 2616 a
761 2579 894 2616 marito
949 2579 1068 2627 impe—

36 2637 137 2668 trare.

83 2692 167 2729 239.
194 2679 353 2729 Repetitis
381 2680 531 2717 duxerat
552 2678 696 2728 annia]
736 2677 878 2726 Repetiti
897 2680 984 2716 anni
1003 2676 1072 2716 {fe-

33 2730 206 2769 tustiores.
234 2732 444 2769 Hfimsms.
469 2736 635 2767 Auxerat
661 2728 806 2776 Junian.
832 2729 975 2777 torserat
994 2729 1067 2767 Bo-

36 2791 123 2818 non.

83 2842 164 2876 441.
192 2837 272 2868 Mea
292 2831 370 2881 effi]
401 2832 473 2869 Mei
495 2831 537 2879 est
556 2831 630 2870 duo
650 2828 817 2868 Medicei
837 2829 874 2866 &
897 2836 967 2867 tres
996 2830 1068 2869 alii.

33 2879 108 2919 vid.
126 2881 187 2918 lib.
207 2894 240 2917 v.
263 2883 345 2929 653.

80 2943 166 2978 441.
191 2931 371 2979 Visendam
384 2931 484 2968 mitte
497 2930 642 2980 fhrori.]
672 2930 833 2977 Vifiena’ae
850 2929 1064 2978 legendum,

35 2980 209 3029 quicquid
242 2980 440 3018 dissuadent
467 2983 546 3019 libri
575 2990 728 3019 veteres.
781 2982 890 3018 Certe
921 2980 1064 3028 visenda

35 3030 74 3065 in
95 3032 212 3077 primo
233 3031 401 3068 Strozzae
421 3032 458 3067 8<
476 3044 551 3069 uno
570 3032 710 3070 Medic.
738 3032 885 3071 Heius.
905 3030 1064 3078 Visuram

40 3078 185 3115 Lovan.
206 3088 246 3116 ut
263 3081 327 3117 inf.
348 3081 404 3124 jos.
425 3082 503 3125 476.

91 3139 174 3175 443.
202 3130 322 3177 Magn-i
341 3130 428 3167 mihi
448 3131 596 3168 muneris
618 3131 761 3181 iustam]
792 3133 958 3171 Numinis
970 3134 1067 3182 opti-

39 3187 124 3231 mus
139 3177 359 3223 Thuaneus,
385 3180 675 3225 Arondettanus,
703 3183 740 3219 ἃ
762 3182 820 3220 sex
845 3184 915 3220 alii.
942 3184 1067 3232 probe.

39 3226 148 3274 Epist.
167 3238 229 3262 111.
243 3239 319 3274 105.

87 3282 217 3324 Perque
237 3277 345 3314 trium
357 3279 461 3324 form
482 3281 633 3326 animas,
649 3292 724 3318 mea
740 3281 887 3320 numina
898 3283 1070 3328 fratrum.

2085 1134 2163 1192 Ut

1116 1266 1165 1305 Et
1187 1266 1253 1315 Ep.
1273 1275 1364 1303 xxxx.
1389 1276 1471 1314 159.

1168 1323 1233 1354 Per
1248 1317 1399 1360 reditus,
1429 1317 1606 1366 corpusque
1622 1324 1724 1354 tuum
1743 1315 1754 1361 3
1781 1326 1857 1353 mea
1878 1313 2028 1354 numina
2038 1315 2136 1366 jurm'

1119 1367 1200 1406 Lib.
1215 1381 1295 1405 xxv.
1316 1367 1402 1412 408.

1171 1417 1339 1455 Numinis
1355 1416 1464 1466 instar
1482 1416 1547 1455 eris
1555 1417 1688 1469 semper
1706 1415 1810 1455 mihi.

1114 1469 1162 1507 Et
1182 1468 1270 1507 ibid.
1290 1469 1375 1518 843.

1579 1530 1624 1559 ω’
1650 1518 1729 1568 offer

1169 1569 1332 1620 Conjugis
1352 1584 1410 1608 ora
1431 1570 1542 1614 mihi;
1571 1570 1698 1607 coelum
1715 1569 1867 1619 aspexisse
1878 1569 2029 1617 fatebor.

1117 1633 1234 1666 mox,
1270 1621 1460 1670 Piraeaque
1498 1621 1642 1667 littora,
1669 1632 1748 1659 non
1767 1627 1982 1672 Pyraeaque.
2012 1621 2162 1660 Graecis

1120 1673 1276 1717 πειραῖοι.
1304 1672 1444 1709 Herus.

1166 1723 1250 1769 446.
1276 1722 1467 1772 Piraeaque
1486 1722 1606 1760 littora
1626 1721 1779 1772 tangit.]
1818 1721 1955 1760 Attica.
1993 1733 2080 1759 nam
2103 1722 2168 1761 Pi-sf

1117 1785 1241 1811 raeeus
1263 1774 1564 1821 promontorium
1587 1773 1634 1810 est
1657 1774 1802 1810 Atticae
1818 1800 1828 1816 ,
1854 1781 1895 1810 ut
1905 1772 2023 1811 scribit
2039 1773 2164 1811 Ptolo.

1116 1823 1228 1861 Unde
1254 1823 1486 1861 Athenarum
1516 1833 1641 1872 portus
1671 1823 1816 1861 Piraeus
1844 1823 1914 1860 fuit
1951 1822 2164 1872 appellatus.

1117 1875 1289 1912 Remus.
1341 1874 1423 1923 Ego
1451 1885 1567 1919 vero,
1599 1873 1789 1924 Piraeaque
1817 1872 1939 1910 littora
1963 1873 2166 1923 legendum

1117 1933 1231 1973 puto,
1258 1924 1307 1963 fic
1328 1924 1530 1974 postulante
1549 1924 1665 1963 versu.
1693 1925 1795 1962 Nam
1814 1924 1852 1961 ὃ(
1874 1924 2078 1973 Stephanus
2101 1935 2167 1962 au-

1118 1984 1178 2013 tor
1196 1975 1265 2020 est,
1297 1975 1452 2014 Veteres
1478 1975 1643 2013 Piraeum
1672 1973 1799 2013 dixisse
1816 2002 1827 2018 ,
1863 1975 1901 2011 δε
1922 1974 2009 2013 inde
2029 1973 2164 2024 poffes-

1118 2025 1235 2064 fivum
1261 2054 1270 2070 ,
1309 2026 1450 2063 Piraeus
1477 2039 1524 2071 a,
1551 2039 1635 2070 um,
1662 2025 1784 2063 tribus
1801 2024 1962 2074 syllabis,
1989 2037 2057 2073 pro
2085 2037 2163 2074 quo

1120 2077 1334 2124 posteriores
1366 2076 1527 2114 Pireaeus
1548 2104 1558 2119 ‚
1599 2077 1776 2113 fecerunt.
1830 2075 1878 2112 Et
1895 2075 1991 2123 apud
2013 2075 2162 2112 Teren-

1118 2129 1211 2165 tium
1229 2128 1380 2176 legitur:
1410 2127 1492 2164 Heri
1508 2126 1642 2177 aliquot
1663 2124 1905 2174 adolefientuli
1916 2125 2043 2162 coimus
2054 2125 2092 2161 in
2104 2126 2165 2161 Pi-

1120 2191 1262 2223 raeum,
1289 2177 1387 2223 five,
1415 2187 1456 2216 ut
1477 2185 1752 2215 commentator
1774 2175 1873 2219 vult,
1901 2175 2032 2211 Piraeo.
2060 2177 2162 2213 Nam

1118 2240 1239 2278 neque
1259 2230 1320 2267 hic
1340 2228 1459 2266 versus
1476 2227 1780 2278 quadrisyllabum
1803 2226 1983 2262 Piraeeum
2004 2226 2131 2274 recipit
2152 2253 2164 2268 ,

1120 2291 1205 2317 cum
1226 2279 1267 2317 fit
1284 2287 1496 2318 tetrameter
1515 2277 1753 2316 catalecticus.
1806 2277 2032 2324 Quanquam
2048 2276 2164 2324 vulgo

1120 2330 1157 2367 in
1176 2330 1332 2379 epistolis
1363 2330 1409 2367 ad
1432 2331 1598 2368 Atticum
1625 2329 1718 2366 libro
1748 2327 1904 2375 septimo
1924 2326 2070 2374 epistola
2092 2335 2166 2364 ter-

1121 2381 1170 2417 tia
1185 2408 1201 2425 ‚.
1222 2381 1282 2418 ubi
1302 2380 1401 2417 idem
1421 2380 1481 2417 hic
1500 2380 1604 2418 locus
1625 2378 1795 2416 Terentii
1808 2378 1958 2420 citatur,
1981 2376 2165 2413 Pirae'e'um

1122 2431 1246 2477 paffim
1268 2439 1426 2479 quatuor
1444 2430 1583 2479 syllabis
1597 2457 1607 2473 ,
1634 2440 1701 2478 pro
1723 2427 1888 2464 Piraeum
1913 2426 2058 2475 legitur.
2087 2427 2159 2465 Sed

1120 2479 1193 2517 illic
1210 2480 1398 2527 proprium
1428 2480 1477 2517 est
1498 2507 1509 2524 ,
1547 2479 1611 2516 hic
1638 2476 1868 2527 poffeffivum
1883 2505 1893 2522 ,
1921 2477 1996 2515 five
2015 2478 2164 2526 gentile,

1121 2530 1158 2565 A
1179 2530 1338 2566 Piraeeus
1358 2538 1482 2567 autem
1496 2557 1506 2574 ‚
1536 2530 1591 2578 cuj
1601 2541 1638 2566 us
1665 2529 1806 2578 obliqui
1837 2536 1994 2577 quatuor
2013 2528 2164 2577 syllaba-

1121 2591 1203 2617 rum
1224 2579 1340 2622 fiunt‚
1369 2580 1570 2629 Stephanus
1599 2580 1733 2617 format
1763 2578 1935 2627 gentilia,
1962 2577 2164 2622 Piraeates,

1125 2631 1163 2666 &
1197 2630 1377 2675 Piaeeites,
1411 2631 1501 2667 item
1524 2630 1703 2674 Pira'z’cus,
1730 2628 1909 2678 nusquam
1930 2637 2054 2666 autem
2078 2633 2165 2664 Πει-

1126 2681 1266 2725 ραεὶειος,
1294 2688 1357 2718 aut
1375 2680 1544 2718 Piraeeus.
1581 2680 1651 2718 Sed
1672 2689 1795 2718 tamen
1818 2680 1857 2716 &
1879 2679 2084 2728 Piraeeaque
2103 2679 2166 2716 lit-

1125 2741 1224 2776 tora,
1261 2730 1287 2768 fi
1317 2731 1521 2775 diceretur,
1546 2731 1585 2769 in
1618 2731 1722 2768 versu
1753 2729 1901 2767 defendi
1922 2739 2065 2779 poterat
2086 2759 2097 2775 ‚
2134 2730 2160 2768 fi

1125 2783 1205 2829 quis
1225 2781 1478 2828 συνεκφώνησιν
1501 2781 1694 2826 admittat,
1721 2780 1785 2818 nisi
1814 2780 1916 2830 quod
1939 2782 2163 2829 compositio

1124 2832 1246 2869 durior
1281 2833 1467 2882 aliquanto
1506 2831 1568 2870 fiet
1590 2860 1598 2876 ‚
1636 2833 1672 2870 δι
1701 2832 1745 2868 ab
1775 2832 1962 2869 Ovidiana
1992 2833 2165 2869 facilitate

1122 2882 1284 2920 alienior.
1347 2884 1522 2921 Ceterum
1563 2883 1608 2920 de
1650 2881 1915 2931 significatione
1948 2884 2051 2920 vocis
2081 2885 2166 2916 Πει’

1122 2936 1256 2978 occaso-3,
1285 2934 1396 2971 etiam
1417 2933 1514 2983 apud
1536 2934 1759 2972 Ciceronem
1792 2935 1975 2982 quaeritur
1998 2933 2083 2969 loco
2107 2931 2161 2968 su-

1119 2995 1181 3031 pra
1201 2985 1326 3022 citam.
1378 2984 1439 3022 De
1459 2993 1567 3033 portu
1583 2993 1707 3021 tamen
1722 2983 1937 3021 Atheniensi
1948 2984 2164 3030 plerumque

1120 3035 1355 3083 intelligitur,
1384 3036 1421 3073 in
1442 3047 1557 3085 eaque
1576 3035 1840 3084 significatione
1872 3033 2095 3086 potiffimhum
2121 3042 2165 3085 u-

1121 3084 1294 3134 surpatur.
1324 3086 1395 3123 Pro
1417 3097 1547 3124 monte
1565 3094 1686 3124 autem
1704 3113 1713 3130 ‚
1741 3084 1842 3134 quod
1861 3085 1921 3120 hic
1944 3084 2079 3129 Regius
2098 3087 2174 3134 aitffl

1121 3146 1200 3172 non
1229 3136 1334 3173 facile
1359 3138 1455 3184 apud
1477 3137 1634 3175 idoneos
1663 3145 1807 3173 autores
1825 3132 1983 3182 positum
2004 3131 2092 3186 alibi·
2107 3142 2164 3167 m-

1122 3186 1260 3223 veuies.
1294 3187 1470 3224 Mrcnt.
1523 3189 1707 3231 Πειραιὲυς
1739 3193 1862 3232 portus
1886 3181 1933 3218 est
1956 3182 2165 3218 Athenien-

1124 3234 1216 3271 sium
1238 3236 1456 3272 notiffimus.
1482 3236 1579 3272 unde
1600 3236 1789 3276 Πειραιέως
1817 3234 1936 3268 forma
1966 3230 2051 3268 effet
2071 3230 2178 3268 deri*

1126 3285 1261 3332 vativa..
1316 3285 1387 3337 Sed
1414 3287 1614 3335 Stephanus
1640 3284 1839 3329 admonet,
1864 3283 1988 3328 sitit-2333
2017 3283 2055 3320 3<
2082 3293 2178 3330 POY‘

2087 3341 2180 3370 tum»
