2483 3616
783 73 1333 178 PJOVIDII
1407 114 1935 175 NASONIS
2463 153 2465 212 ξ

568 236 929 292 Armeniaeve
954 237 1145 306 tigreS,
1184 231 1449 289 Austrove
1473 234 1667 305 agitata
1691 229 2012 304 Charybdis.

567 308 684 365 Nec
703 310 840 380 Jove
865 323 925 362 tu
948 321 1126 361 natus:
1166 323 1267 359 nec
1295 317 1466 360 mater
1493 306 1724 378 imagine
1749 306 1885 359 tauri

568 381 743 436 Ducia
768 396 857 435 tua
881 381 969 434 est.
1012 378 1257 451 (generis
1281 376 1400 431 falsa
1423 377 1498 433 est
1525 396 1585 433 ea
1608 378 1780 432 fabula
1805 377 1998 445 vestri)

573 451 645 508 Et
668 455 836 515 ferus,
879 454 933 505 δε
960 466 1143 524 captus
1170 449 1360 505 nullius
1386 467 1571 504 amore
1592 449 1851 520 juvencae

427 544 523 594 125
563 526 674 596 Qui
701 540 753 580 te
779 527 1096 598 progenuit,
1134 537 1313 577 taurus
1339 522 1455 576 fuit.
1497 522 1655 592 exige
1680 539 1908 593 poenas;

570 599 697 654 Nise
721 613 889 671 pater.
931 598 1162 669 gaudete
1185 594 1332 650 malis
1357 594 1528 649 modo
1557 593 1775 667 prodita
1799 594 1988 648 nostris

569 671 821 726 Moenia:
863 689 987 726 nam
1013 671 1215 732 fateor,
1253 668 1458 733 merui;
1499 666 1555 720 &
1578 666 1692 720 sum
1715 666 1877 738 digna
1898 665 2091 738 perire.

567 743 667 799 Me
694 758 873 798 tamen
898 762 966 798 ex
996 743 1093 797 illis
1118 741 1332 814 aliquis,
1370 758 1506 813 quos
1530 740 1692 811 impia
1716 738 1867 803 laesi,

570 815 671 870 Me
696 818 936 887 perimat.
977 833 1100 878 cur,
1140 815 1233 887 qui
1259 814 1427 868 vicisti
1450 813 1677 868 crimine
1701 811 1912 875 nostr-0,

426 906 524 954 130
562 888 855 959 Insequeris
878 888 1113 942 crimen?
1154 887 1319 945 scelus
1333 887 1438 941 hoe
1464 887 1772 958 patriaeque
1787 884 2032 957 patrique
2050 922 2066 946 ‚

572 960 837 1015 Officium
862 960 1058 1015 tibi'fit.
1099 974 1153 1015 te
1177 959 1305 1015 vere
1330 959 1558 1031 conjuge
1586 959 1744 1030 digna
1769 957 1844 1011 est
1861 997 1877 1021 ‚

571 1033 728 1108 Quae
751 1047 967 1091 torvum
995 1034 1144 1106 ligno
1170 1033 1386 1106 decepit
1411 1033 1650 1088 adultera
1674 1045 1917 1093 taurum3

277 128 375 194 556

2229 1100 2430 1160 Dissor-

275 1248 337 1288 De
368 1246 529 1298 Syrtibus
560 1246 676 1285 multa
707 1245 835 1285 Strabo
867 1254 1037 1285 extremo
1057 1246 1118 1285 lib.
1139 1259 1239 1285 xvix.
1265 1245 1329 1285 ubi
1383 1256 1478 1283 unus
1498 1256 1603 1283 meus
1623 1273 1634 1289 ,
1671 1256 1787 1281 rerum
1807 1271 1818 1288 ‚
1853 1241 1913 1280 vel
1939 1240 2029 1280 veri.
2081 1239 2271 1281 Affentior
2295 1242 2432 1290 Joanni

277 1301 408 1338 eadem
438 1299 604 1337 describit
627 1297 799 1347 pericula.
839 1298 900 1335 De
918 1298 974 1335 his
994 1299 1105 1336 etiarn
1126 1297 1328 1347 Dionysius
1386 1296 1591 1334 Guilielmo
1613 1295 1843 1344 Capoferreo
1857 1322 1868 1340 ‚
1897 1294 1961 1344 qui
1978 1293 2067 1332 dum
2077 1293 2148 1330 hae
2165 1293 2435 1335 observationes
2460 1312 2466 1332 ι

274 1350 320 1388 de
332 1352 409 1388 Situ
429 1350 546 1395 orbis,
576 1350 615 1387 δε
639 1349 717 1398 ejus
734 1350 910 1398 interpres
948 1349 1164 1387 Eustathius.
1215 1350 1329 1387 C1or.
1385 1348 1510 1396 praelo
1531 1347 1831 1392 committuntur,
1844 1352 2055 1395 opportune
2074 1343 2344 1385 rescribendum
2354 1357 2436 1387 mo-

274 1402 418 1440 Lucan.
435 1401 495 1438 lib.
520 1413 551 1439 1.
575 1401 660 1450 367.
1384 1401 1490 1438 nuit:

323 1459 405 1489 Duc
427 1465 487 1500 age
500 1460 560 1502 per
571 1450 730 1501 Scythiae
746 1451 881 1502 populos
895 1479 905 1497 ,
927 1460 988 1500 per
1014 1449 1184 1500 inhospita
1198 1451 1308 1500 Syrtis

325 1504 459 1541 Litora.

329 1567 411 1593 121.
439 1555 631 1593 Armeniae
661 1554 785 1603 Tigres.
809 1553 825 1603 ]
879 1553 966 1593 Lib.
991 1566 1036 1591 11.
1057 1553 1146 1590 Am.
1169 1565 1246 1591 mv.
1266 1564 1324 1602 35.

272 1616 426 1656 quoque
447 1605 506 1642 hic
524 1606 657 1644 Noster
677 1606 790 1643 docet
813 1605 947 1654 Tigres
969 1606 1006 1642 in
1028 1604 1208 1642 Armenia
1230 1603 1320 1642 esse:

324 1663 416 1692 Haec
439 1669 544 1706 neque
564 1657 603 1693 in
627 1656 809 1692 Armeniis
834 1656 937 1705 tigres
949 1657 1061 1703 fecere
1081 1654 1234 1693 latebris.
1294 1656 1299 1660 ⁴

271 1707 320 1746 Et
342 1708 550 1755 Propertius
570 1707 631 1744 lib.
654 1720 681 1744 1.
699 1720 754 1747 1x.
781 1720 838 1756 19.

325 1762 415 1794 Tum
438 1757 546 1806 magis
565 1758 762 1794 Armenias
782 1757 889 1807 cupies
910 1756 1088 1794 accendere
1110 1757 1223 1806 tigres.

272 1807 488 1846 emmaus.
542 1809 781 1845 Armeniaeve
814 1810 961 1846 Lovan.
990 1808 1082 1856 Reg.
1103 1809 1140 1846 &
1164 1808 1319 1858 Berneg.

269 1859 468 1896 Armeniae
507 1858 607 1906 tigres
635 1859 783 1907 plurimi
819 1859 889 1896 alii.
933 1859 1105 1897 Heinsius
1142 1860 1319 1898 maluerat

269 1910 583 1955 olim‚Armeniae
599 1920 662 1945 aut
683 1910 805 1957 Tigres.
823 1910 883 1948 sed
897 1910 988 1947 mihi
1000 1910 1238 1947 Armeniaeve
1261 1911 1319 1948 Ti-

265 1973 339 2010 gres
356 1961 475 2009 placet
487 1975 498 2003 ;
529 1972 615 1997 nam
630 1960 799 2009 syllabam
822 1962 977 2009 primam
996 1961 1033 1998 in
1054 1962 1166 2010 Tigres
1184 1963 1318 2010 corripi

270 2011 462 2049 {Manilio
482 2010 638 2049 ostendit
659 2011 703 2048 ad
725 2012 857 2050 Horat.
884 2024 915 2049 1.
938 2012 1006 2061 Ep.
1028 2024 1164 2050 xviri.
1186 2013 1315 2061 56.C1.

265 2061 585 2111 Bentlejus.sed&
605 2062 649 2098 ab
670 2061 746 2110 ipso
768 2063 930 2101 Horatio
951 2064 1165 2112 exemplum
1186 2075 1316 2113 capere

265 2112 373 2157 licet,
401 2114 465 2162 qui
486 2114 566 2150 Art.
587 2113 693 2150 Poe't.
722 2124 805 2162 393.

314 2164 439 2200 Dictus
459 2163 497 2199 ob
517 2162 578 2200 hoc
598 2163 703 2200 lenire
721 2164 822 2212 tigres
835 2192 845 2209 ,
874 2164 1076 2216 rabidosque
1103 2165 1224 2206 leones.

266 2214 313 2253 Et
332 2214 352 2251 a
375 2214 581 2252 Claudiano
603 2226 659 2252 vr.
673 2215 783 2253 Cons.
795 2216 992 2266 Hon.619.

318 2266 473 2313 Cingunt
493 2278 584 2302 arva
601 2265 712 2314 tigres.

265 2315 312 2353 Et
350 2318 398 2353 ita
431 2318 544 2355 etiam
583 2316 687 2355 fluvii
718 2329 862 2356 nornen
892 2318 1043 2368 corripit
1083 2320 1219 2361 Horat.
1259 2334 1318 2363 1v.

267 2378 345 2404 xiv.
365 2370 421 2413 ψ’.

370 2435 412 2465 Te
432 2431 570 2479 rapidus
592 2430 701 2480 Tigris
714 2461 724 2478 ,
754 2444 826 2473 eye.

265 2488 354 2526 vid.
372 2490 416 2527 ad
435 2491 493 2528 lib.
518 2504 575 2529 xv.
597 2491 655 2530 86.
683 2494 814 2532 Euam.

322 2552 399 2576 122.
424 2547 490 2578 Nec
501 2553 612 2579 mater
622 2543 770 2592 imagine
786 2544 882 2581 tauri
897 2543 988 2594 Lufiz
1000 2553 1064 2582 tua
1087 2544 1140 2592 est.
1162 2544 1315 2594 (generis

254 2588 354 2645 falffi
375 2590 416 2635 est
438 2605 474 2627 ea
486 2592 623 2637 fabula.
640 2594 656 2642 ]
688 2595 727 2631 ln
749 2595 809 2632 lib.
829 2596 1023 2634 Dominic.
1043 2596 1197 2645 legitur:
1212 2596 1314 2645 Falsa

265 2653 324 2676 nec
342 2641 490 2688 imagine
516 2644 610 2679 tauri
632 2645 721 2690 Lufiz
744 2655 806 2681 tua
827 2645 868 2692 est
883 2647 1057 2694 genitrix.-
1077 2646 1177 2695 falsa
1206 2647 1249 2694 est
1274 2661 1314 2684 ea

251 2690 395 2734 fabula.
430 2692 468 2727 In
494 2703 569 2728 uno
590 2704 701 2736 meo,
730 2693 819 2742 Falfi
839 2708 897 2732 nec
913 2697 1064 2745 imagine
1084 2699 1193 2735 tauri.
1234 2698 1308 2735 Ce-

261 2749 338 2779 tera
359 2750 398 2779 ut
418 2741 613 2779 Dominic.
641 2743 871 2790 Quaelefflo
895 2747 1098 2785 admodum
1114 2750 1306 2797 mihipro-

262 2791 557 2830 batursmiem.
587 2792 627 2829 In
648 2794 853 2842 cantabrig.
876 2797 913 2832 δε
937 2798 1059 2834 multis
1078 2800 1154 2837 aliis
1173 2801 1304 2838 eadem

260 2841 374 2899 lectio
395 2871 405 2888 ,
444 2854 557 2893 quam
592 2843 772 2881 Ciofanus
800 2846 922 2883 laudat
949 2859 994 2884 ex
1021 2848 1089 2885 suis
1110 2877 1121 2893 ,
1163 2851 1307 2899 conspi-

261 2901 365 2932 citur.

315 2956 396 2994 123.
427 2950 549 2981 Verum
569 2957 612 2984 cs*
630 2945 768 2995 serua]
810 2946 852 2984 In
872 2947 1057 2984 nonnullis
1085 2962 1209 2991 veras,
1230 2961 1308 2987 non

259 3004 408 3032 verum:
440 2996 531 3033 mihi
562 3010 686 3032 verum
720 2999 834 3046 magis
865 2998 992 3045 placet.
1048 2999 1306 3038 NAUGERHJS.

261 3046 302 3083 In
327 3047 441 3084 altero
463 3059 550 3084 meo
565 3075 573 3090 ‚
602 3061 706 3084 verus
721 3076 729 3090 ‚
759 3050 924 3094 &ferm
977 3050 1068 3096 Quo
1091 3050 1208 3085 modo
1233 3049 1303 3098 legi

1611 1449 1742 1498 generis
1752 1447 1851 1497 falsa
1870 1446 1914 1492 est
1934 1460 1973 1484 ea
1990 1447 2114 1492 fabula
2134 1446 2251 1495 vestri.

1381 1513 1447 1549 pro
1472 1512 1585 1538 mater
1608 1501 1683 1550 lusa
1703 1512 1767 1537 tua
1785 1501 1828 1548 est
1846 1500 1884 1537 in
1906 1500 2066 1548 Neapol.
2087 1509 2199 1548 capta.
2225 1499 2264 1537 in
2284 1499 2430 1548 optimo

1382 1552 1416 1589 S.
1433 1553 1574 1597 Marci,
1604 1553 1845 1595 Florentino,
1876 1552 2005 1587 Dubia.
2033 1551 2220 1599 eleganter
2229 1550 2346 1595 muci
2367 1562 2432 1600 pro

1383 1605 1490 1647 trahi,
1513 1607 1623 1641 etiam
1646 1616 1712 1653 pro
1730 1603 1857 1641 induci
1877 1601 1936 1638 vel
1956 1601 2090 1639 seduci.
2143 1601 2242 1638 Vide
2263 1602 2433 1640 Nonium
2464 1634 2465 1638 ,

1380 1654 1600 1693 Marcellum
1625 1655 1670 1693 de
1692 1667 1739 1692 eo
1760 1653 1887 1692 verbo.
1939 1652 2052 1690 Unde
2073 1652 2212 1689 ducturi
2231 1651 2317 1689 dolis
2334 1652 2430 1701 apud
2464 1671 2465 1675 ¹

1381 1705 1572 1743 Comicos.
1609 1706 1679 1744 Sed
1704 1707 1765 1743 hic
1791 1717 1859 1754 pro
1891 1703 1983 1741 trahi
2005 1704 2042 1741 &
2064 1703 2143 1752 capi
2162 1703 2323 1751 ponitur.
2377 1703 2428 1742 A.

1377 1757 1516 1794 Gellius
1550 1757 1665 1794 Noe.
1696 1757 1810 1794 Attic.
1831 1755 1924 1793 libro
1946 1766 2007 1792 xv.
2032 1766 2109 1803 cap.
2135 1764 2168 1798 7.
2212 1767 2290 1791 cum
2319 1753 2430 1802 episto-

1376 1806 1429 1844 las
1457 1814 1502 1845 D.
1539 1807 1686 1855 Augusti
1717 1808 1900 1855 legeremus
1920 1833 1930 1850 ‚
1959 1805 2228 1856 duceremurque
2259 1803 2428 1854 elegantia

1365 1858 1545 1907 sermonis.
1576 1858 1709 1895 Noster
1732 1859 1858 1895 denuo
1880 1856 1940 1894 lib.
1962 1869 2042 1894 xiv.
2062 1868 2146 1903 229.

1429 1910 1590 1946 Invidiae
1600 1909 1705 1958 socios
1723 1908 1938 1958 praedaeque
1959 1906 2115 1955 cupidine
2133 1905 2262 1943 duc‘t'os.

1373 1961 1424 1998 ita
1445 1961 1535 1998 liber
1562 1962 1736 2008 optimus.
1771 1957 1869 2006 apud
1903 1957 2105 1994 Horatium
2133 1957 2194 1993 lib.
2218 1969 2265 1994 11.
2285 1957 2359 1995 Sat.
2377 1970 2425 1999 Π.

1372 2011 1484 2048 Ducit
1512 2021 1545 2048 te
1563 2011 1715 2061 species;
1754 2009 1866 2047 video.
1919 2008 2130 2056 Propertius
2158 2007 2220 2045 lib.
2241 2019 2287 2045 11.
2320 2008 2424 2059 Eleg.

1373 2074 1445 2100 VH.

2476 2038 2483 2046 2
2478 1987 2481 1997 ,.

1427 2119 1518 2150 Uxor
1539 2127 1592 2150 me
1613 2125 1820 2162 nunquam,
1849 2122 2034 2159 nunquam
2056 2122 2110 2147 me
2128 2109 2226 2147 ducet
2245 2109 2376 2149 amica.
2459 2110 2464 2181 i·

1375 2163 1487 2213 Apud
1501 2165 1661 2202 Persium
1686 2166 1811 2212 Satyra
1831 2176 1867 2199 v.

1427 2215 1501 2260 Jus
1520 2214 1624 2251 habet
1645 2214 1703 2251 ille
1715 2214 1772 2261 sai
1788 2213 1885 2264 palpo
1899 2240 1910 2258 ‚
1938 2225 2040 2263 quem
2063 2211 2161 2250 ducit
2184 2210 2344 2250 hiantem

1425 2272 1572 2303 Cretata
1592 2265 1758 2309 ambiti03

1375 2318 1477 2354 Male
1508 2319 1676 2355 Pithaeus
1704 2315 1900 2365 reposuit,
1928 2314 2022 2352 tollit
2049 2313 2220 2352 hiantem.
2257 2314 2422 2355 Lucilius
2475 2334 2483 2353 ι

1372 2368 1469 2417 apud
1490 2368 1725 2406 Macrobium
1743 2396 1753 2412 ,
1796 2366 1903 2404 Illum
1930 2365 2070 2403 lumina
2098 2364 2294 2411 ducebant,
2319 2376 2442 2418 atque-,-

1370 2420 1529 2456 altilium
1547 2420 1645 2456 lanx.
1700 2418 1772 2457 Sed
1811 2417 1892 2456 finis
1920 2417 2180 2466 exemplorum
2217 2428 2295 2454 non
2327 2416 2432 2469 effeti
2469 2427 2483 2448 i·

1369 2482 1438 2518 pro
1457 2471 1602 2520 vulgata
1623 2479 1751 2507 tamen
1770 2469 1935 2508 lectione
1956 2480 2052 2518 quae
2069 2469 2226 2513 faciant,
2253 2468 2340 2507 vide
2352 2467 2422 2507 no-.J
2471 2482 2483 2502 ι

1370 2530 1443 2558 tata
1463 2533 1483 2558 a
1505 2522 1610 2558 nobis
1627 2521 1673 2559 ad
1694 2521 1754 2559 lib.
1783 2532 1838 2558 1v.
1868 2520 1959 2558 vers.
1982 2519 2066 2568 698.
2095 2519 2168 2568 Agi
2189 2531 2255 2568 pro
2277 2519 2361 2558 duci
2380 2519 2420 2559 ὅτ’
2469 2519 2483 2557 «ἢ

1370 2571 1543 2610 delectari
1577 2573 1722 2610 Solinus
1752 2571 1901 2610 videtur
1929 2568 2084 2619 posuiffe
2109 2598 2119 2614 ‚
2147 2578 2188 2608 ut
2209 2569 2257 2606 est
2277 2570 2314 2607 in
2335 2571 2417 2620 qui·
2467 2584 2481 2613 *t

1370 2622 1517 2660 busdam
1555 2623 1779 2660 membranis
1806 2633 1884 2669 cap.
1915 2634 2058 2659 xxvm.
2094 2620 2155 2656 hoc
2181 2632 2346 2668 aguntur.
2372 2621 2417 2664 de
2467 2620 2483 2645 -9

1368 2674 1572 2710 amantium
1604 2681 1726 2721 gente.
1762 2671 1927 2710 Barthius
1954 2670 2147 2710 Adversar.
2167 2671 2228 2709 lib.
2246 2684 2312 2711 111.
2340 2684 2416 2723 cap.
2468 2684 2481 2719 3

1362 2735 1423 2761 21.
1442 2723 1671 2762 scribendum
1698 2722 1915 2760 contendit:
2403 2738 2406 2741 ·

1413 2793 1459 2825 Et
1469 2790 1571 2836 ferus
1588 2800 1631 2829 ω’
1654 2797 1771 2838 captus
1788 2788 1921 2826 nullius
1939 2802 2055 2825 amore
2068 2787 2215 2840 puellae.

1366 2850 1471 2888 ldem
1507 2851 1629 2899 postea
1658 2852 1697 2888 δε
1726 2849 1772 2889 ad
1801 2850 1886 2888 alias
1908 2851 2137 2901 conjecturas
2154 2850 2188 2888 se
2208 2851 2411 2890 convertit,
2469 2858 2478 2888 t

1364 2902 1495 2950 quibus
1507 2900 1725 2939 abstinuisset
1753 2901 1915 2939 mallem.
1949 2909 2074 2946 ferus,
2103 2902 2246 2951 inquit,
2268 2911 2409 2941 taurus,

1364 2952 1439 2988 hoc
1461 2952 1508 2988 est
1530 2964 1635 2995 urus,
1649 2954 1687 2989 &
1707 2952 1859 3001 quidem
1883 2953 2014 2990 nullius
2040 2964 2171 2990 vaccae
2194 2963 2320 2989 amore
2341 2962 2408 2988 un·
2467 2963 2476 2985 ἐ

1365 3013 1476 3049 quam
1502 3011 1712 3050 correptus,
1742 3011 1778 3039 te
1800 3005 2008 3050 progenuit.
2045 3004 2192 3041 Heius.
2249 3001 2302 3040 Ita
2324 3003 2408 3039 infr.
2466 3000 2480 3036 'i

1360 3051 1421 3088 lib.
1440 3064 1472 3088 X.
1502 3052 1581 3089 182.
1608 3054 1644 3089 in
1666 3052 1776 3089 MSS.
1806 3053 1963 3102 Ludique
1986 3054 2139 3104 cupidine
2160 3054 2291 3090 duetus.
2311 3052 2409 3091 Vide

2475 2386 2483 2400 *a

259 3097 394 3151 placuit
419 3098 648 3145 Mariangelo
678 3100 741 3144 (in
764 3099 914 3136 Diatrib.
935 3098 1074 3143 Ovid.)
1098 3100 1303 3146 cujushaec
1358 3113 1453 3150 quae
1474 3114 1540 3140 nos
1561 3102 1605 3139 ad
1625 3102 1805 3151 Quimstil.
1825 3115 1896 3141 vn.
1919 3105 2000 3142 inst.
2035 3105 2139 3142 Orat.
2160 3116 2192 3139 2.
2221 3103 2408 3153 sequentia

260 3150 339 3201 iunt
356 3159 378 3204 :—
396 3149 473 3197 Legi
491 3149 648 3204 equidem
667 3149 792 3186 malim
809 3178 818 3193 ‚
849 3156 961 3186 Verus.
989 3161 1030 3186 ut
1051 3151 1216 3186 concinna
1241 3166 1302 3187 ve·
1357 3155 1370 3199 (
1392 3153 1523 3201 generis
1544 3153 1634 3201 salsa
1654 3154 1695 3200 est
1715 3168 1753 3190 ea
1786 3153 1916 3200 fabula
1950 3155 2053 3203 vestri
2074 3155 2086 3192 l
2113 3153 2316 3201 parenthefi
2353 3155 2410 3191 in-

259 3209 289 3250 νς
308 3200 444 3247 ferique
484 3201 722 3236 [innominatio
746 3201 954 3237 commodius
987 3201 1095 3247 etiam
1129 3202 1176 3237 ad
1197 3203 1299 3251 supe·
1357 3203 1535 3242 cludenda
1556 3205 1709 3248 sunu&
1739 3204 1873 3243 deinde
1893 3204 2112 3254 legendum,
2138 3204 2198 3251 sed
2217 3206 2336 3249 seras,
2365 3215 2409 3244 <9-

258 3259 347 3293 riom
368 3250 531 3298 respiciat.
560 3251 729 3291 C10FAN.
784 3258 886 3290 Verus
904 3253 941 3290 in
965 3252 1089 3290 multis
1101 3253 1296 3293 Veterum.
1354 3265 1471 3305 captus
1485 3283 1496 3302 ,
1526 3257 1599 3295 &c.
1627 3258 1663 3294 in
1684 3268 1760 3295 uno
1781 3255 1924 3295 Heinsri
1947 3264 2021 3293 erat
2041 3255 2152 3293 etiam
2166 3254 2318 3302 ‚sabula
2338 3267 2403 3290 ve·
2452 3287 2453 3293 ,

2313 3303 2402 3350 stri»
2451 3304 2453 3311 Α
