2483 3616
308 150 1549 234 METAMoRPHosEON
1622 166 1762 227 Lm.
1837 173 1984 234 v111.

2098 181 2200 255 585

344 276 602 350 Imposuit¹
617 289 815 336 nerVO,
854 271 1165 343 sinuatoque
1189 269 1391 342 expulit
1415 285 1554 324 arcu,

342 350 470 405 Fixa
493 345 583 401 sub
610 363 736 400 aure
762 345 861 399 feri
886 345 1151 399 summum
1178 343 1453 415 destringit
1479 342 1687 398 arundo

340 421 580 492 Corpus:
626 418 682 472 δε
709 419 908 490 exiguo
935 417 1198 472 rubefecit
1224 416 1478 489 sanguine
1509 416 1658 471 setaS.

338 494 456 547 Nec
482 506 662 546 tamen
685 493 769 546 illa
797 492 873 546 sui
896 489 1130 546 successu
1159 491 1348 544 laetior
1374 489 1537 553 ierim

196 566 296 636 385
336 566 516 638 Quam
543 565 848 636 Meleagros
874 577 1000 619 erat.
1039 564 1239 636 primus
1264 561 1447 617 vidiffe
1470 573 1716 634 putatur3

339 638 412 694 Et
437 639 637 711 primus
666 638 817 693 sociis
845 638 1011 693 visum
1038 634 1317 691 ostendisse
1341 653 1621 690 cruorem:

338 711 441 775 Et,
479 711 769 774 Meritum,
809 709 1022 774 dixisse,
1060 709 1199 764 feres
1224 709 1435 764 virtutis
1462 708 1743 764 honorem.

342 783 625 839 Erubuere
651 786 767 838 viri.
806 785 966 856 seque
991 782 1368 842 exhortantur,
1411 781 1467 836 δε
1497 781 1704 836 addunt

335 858 480 912 Cum
507 858 739 912 clamore
764 857 994 910 animos:
1031 854 1339 927 jaciuntque
1367 854 1473 909 fine
1498 855 1690 909 ordine
1717 854 1834 907 tela.

195 947 296 1000 390
334 929 524 984 Turba
551 946 710 986 nocet
731 928 906 1001 jactis:
948 928 1033 991 δε,
1072 945 1206 1000 quos
1232 929 1398 999 petit,
1437 928 1663 1000 impedit
1690 924 1836 981 ierus.

337 1001 485 1058 Ecce
514 1003 693 1058 furens
717 1015 903 1056 contra
927 1001 1014 1055 sua
1037 999 1142 1054 fata
1167 1000 1470 1069 bipennifer
1496 1005 1702 1064 ArcaS,

339 1076 544 1130 Discite
571 1075 814 1130 femineis
841 1073 973 1147 quid
1000 1074 1104 1127 tela
1126 1072 1289 1128 virilia
1317 1073 1580 1144 praestent
1597 1113 1612 1136 ,

343 1148 396 1203 O
417 1148 666 1218 juvenes,
707 1148 967 1219 operique
995 1163 1120 1200 meo
1148 1146 1463 1209 concedite,
1502 1146 1655 1200 dixit.

337 1220 447 1293 Ipsa
470 1221 570 1276 suis
597 1221 721 1276 licet
747 1222 888 1275 hunc
919 1219 1148 1274 Latonia
1172 1230 1422 1290 protegat
1449 1218 1638 1282 armis;

54 1421 259 1473 Cantabrig.
295 1421 482 1462 Ochiadae.
510 1423 570 1462 alii
596 1423 710 1461 aliter.
737 1429 878 1472 praeter
898 1423 1090 1460 Ancaeum

50 1475 160 1514 etiam
184 1474 330 1524 Hyleus
351 1475 394 1512 ab
421 1487 510 1524 apro
532 1474 746 1524 Calydonio
773 1474 984 1512 interfectus
1004 1473 1091 1511 teste

46 1586 114 1625 pro
137 1575 265 1620 Τλεῦς
282 1577 455 1615 scribitur.
482 1578 539 1615 sed
574 1579 602 1615 is
632 1576 733 1626 cujus
762 1576 871 1614 fuerit
893 1575 983 1613 filius
1003 1587 1090 1613 nec-

8 1639 9 1669 }
47 1626 138 1664 dum
177 1628 379 1677 exploravi.
433 1628 628 1666 Thersiten
662 1627 705 1664 ab
736 1626 824 1675 apro
856 1628 1087 1664 vulneratum

8 1688 9 1691 ’
47 1676 153 1723 fuiffe
181 1678 309 1717 audior
335 1678 385 1716 est
411 1678 572 1716 Tzetzes
607 1679 644 1716 in
679 1677 912 1715 Chiliadibus.
943 1678 981 1714 ὅ(
1009 1686 1088 1714 turn

48 1728 228 1777 Agriadae
249 1729 288 1767 sit
305 1729 547 1767 scribendum.
600 1729 735 1777 Agrios
770 1729 867 1765 enirn
894 1727 1086 1766 Thersitae

48 1786 169 1827 pater,
190 1780 235 1818 de
257 1792 333 1829 quo
351 1781 394 1818 ad
425 1780 532 1830 Epist.
550 1794 601 1818 xx.
631 1781 845 1817 HEINslus.
898 1779 1088 1816 Actoridae

47 1840 203 1878 quatuor
230 1831 309 1868 libri
335 1831 492 1876 habent,
517 1840 556 1869 ut
585 1831 805 1879 intelligatur
828 1831 1011 1879 Eurytion
1039 1831 1083 1868 Iri

45 1878 158 1926 filius,
180 1881 325 1919 Actoris
343 1894 481 1930 nepos,
506 1882 564 1919 vel
586 1883 769 1930 Eurytus,
799 1881 857 1918 vel
878 1882 954 1929 ejus
976 1882 1085 1919 frater

48 1930 196 1970 Cteatus
215 1932 362 1970 Actoris
383 1932 458 1971 filii.
476 1945 598 1982 neque
632 1932 793 1970 occisum
813 1932 912 1969 hunc
935 1931 1085 1969 Actori-

43 1979 118 2070 l<len
133 2011 142 2027 ,
165 1983 224 2070 sgd
250 1986 286 2021 in
316 1985 459 2022 femore
477 1984 709 2022 vulneratum
730 1982 849 2021 modo
881 1983 1085 2032 intelligere

59 2043 142 2070 icet.
199 2046 297 2071 unm.

102 2093 184 2130 372.
213 2084 380 2121 Nondum
401 2085 544 2133 coelestia
558 2084 712 2135 fidera.]
755 2092 903 2134 Corpora
929 2085 1086 2133 Neapol.

7 2141 9 2169 l
51 2132 181 2169 Urbin.
201 2133 268 2170 sec.
291 2136 426 2173 Medic.
480 2136 576 2174 Vide
597 2136 767 2174 Not-asad
794 2136 901 2184 Epist.
928 2137 1088 2173 Helenes

50 2181 108 2225 sss.
133 2195 212 2231 119.
241 2196 352 2228 mox,
382 2186 464 2222 nive
484 2187 737 2224 candidioribus
768 2186 849 2223 alba
869 2186 1030 2224 Florem.
1054 2187 1088 2224 S.

43 2232 164 2288 Marci
210 2236 247 2271 ὃς
276 2247 367 2272 unus
405 2247 507 2274 meus
528 2266 537 2280 ,
576 2250 638 2285 pro
659 2237 770 2274 ambo.
798 2239 842 2274 ab
881 2237 966 2274 albis
987 2239 1090 2286 equis

48 2283 206 2341 Pandaro
228 2289 446 2322 λευκσπῶλοι
466 2287 551 2326 dicti
573 2289 678 2337 Pyth.
699 2288 773 2325 Od.
795 2288 910 2336 prima
932 2289 1090 2326 Dioscu-

50 2345 90 2391 ri.
118 2334 178 2372 dat
202 2348 354 2385 quoque
393 2348 508 2385 equos
530 2339 628 2377 albos
647 2340 729 2376 Val.
752 2340 856 2375 Max.
874 2338 935 2376 lib.
955 2352 983 2376 1.
1002 2351 1093 2376 viu.

52 2386 171 2423 mitio.
187 2386 331 2424 Hssms.
361 2388 522 2424 Numina
543 2398 612 2426 tres
631 2389 723 2426 libri.
749 2389 849 2425 ambo
868 2391 1001 2426 mutari
1022 2390 1090 2427 mi-

6 2442 9 2467 ‘r
50 2436 150 2474 nime
171 2437 300 2475 debet:
330 2439 461 2486 periret
483 2440 581 2476 enim
613 2439 776 2476 venustas
798 2440 1025 2486 repetitionis
1047 2439 1090 2476 il-

6 2499 9 2525 ι
49 2484 116 2524 lius
133 2488 330 2533 Poeticae,
363 2497 403 2526 ut
436 2489 533 2526 reete
562 2488 653 2526 vidit
678 2490 709 2535 J.
741 2489 912 2526 Gronov.
936 2489 981 2526 ad
1003 2489 1088 2526 Ma-

50 2537 147 2576 crob.
167 2539 309 2576 Somrn.
324 2540 417 2588 Scip.
433 2552 462 2577 1.
477 2552 509 2588 3.

49 2589 614 2679 Tvissifflaiss‘lsss'effi⁶iilgd]
639 2591 754 2678 &53¹3
776 2589 917 2677 ἕξῗὲἓ·
937 2590 1086 2677 ὃὲἐῗὲἔ

53 2689 160 2727 etiam
182 2655 283 2729 uisus]
294 2670 465 2728 Moreti.·
493 2653 516 2690 q
614 2653 635 2689 p
737 2669 744 2677 ·
912 2669 920 2678 ο
1008 2650 1029 2690 p

102 2740 184 2788 378.
218 2741 471 2791 Persequitur.]
502 2741 724 2791 Prosequitur
735 2741 846 2778 Palat.
861 2741 1087 2779 Oxon.Me-

6 2810 8 2846 j
53 2787 120 2828 dic.
138 2793 174 2828 &
199 2792 286 2830 οᾶὶο
308 2794 377 2830 alii.
406 2792 619 2842 consequitur
641 2804 732 2830 unus
758 2792 897 2829 Medic.

101 2852 185 2889 379.
212 2849 344 2879 Pronus
359 2843 401 2879 ab
422 2843 603 2892 arborea.]
638 2845 688 2880 lta
706 2851 847 2880 veteres
868 2842 959 2881 libri.
997 2842 1093 2879 Clo-

6 2903 7 2910 *
49 2900 188 2931 FANus.
215 2892 376 2929 Protinus
395 2894 534 2930 arborea
552 2893 626 2931 duo
652 2894 744 2931 libri.

5 3085 7 3109 l

102 2941 187 2991 380.
216 2942 368 2979 Celerem
400 2949 540 2992 Tegeaea
564 2944 734 2992 sagittam
761 2944 920 2993 Imposuit
947 2943 1091 2994 nervo.]

50 2989 126 3030 Hic
142 2993 243 3030 locus
265 2993 487 3041 superiorem
512 2995 654 3032 versum
680 2993 873 3032 confirmat
905 3006 946 3032 ac
970 2995 1091 3032 decla-

52 3050 125 3088 rat,
143 3044 364 3091 Nemorisuue
384 3043 481 3080 decus
502 3050 643 3093 Tegeaea
664 3046 771 3094 Lycei.
801 3047 913 3082 C10F.

101 3093 182 3142 381.
210 3093 460 3142 sinuatoque]
490 3095 692 3145 Sinuosoque
715 3096 949 3143 pr.Gronov.

102 3144 185 3192 382.
214 3144 300 3181 Fixa
315 3144 381 3193 suh
401 3145 603 3194 aureferi.j
633 3147 675 3183 ln
691 3146 842 3184 Caelest.
858 3148 968 3193 ferae.
996 3147 1090 3185 C10-

7 3222 9 3224 -
55 3202 192 3231 FANU&

107 3243 189 3290 382.
215 3244 404 3291 Distrinxit
435 3244 617 3294 aranda]
676 3246 718 3282 In
751 3246 892 3284 duobus
921 3248 1012 3285 meis
1041 3255 1093 3284 at-

58 3303 130 3342 que
157 3293 232 3332 aliis
260 3295 473 3344 quibusdam
496 3323 508 3343 ‚
546 3294 764 3345 Destrinxit,
792 3308 855 3343 per
884 3301 925 3336 E.
975 3299 1093 3348 inem.

2021 1291 2193 1348 Hunc

1152 1418 1337 1468 Distringit
1354 1419 1491 1468 septem
1515 1426 1670 1457 veteres.
1698 1417 1825 1467 probe.
1860 1420 2027 1459 nonnulli
2050 1433 2094 1459 ex
2115 1433 2197 1459 me-

1152 1471 1301 1509 lioribus
1326 1499 1336 1515 ‚
1371 1470 1562 1519 destrinxit.
1600 1469 1648 1508 sic
1678 1470 1772 1508 libro
1798 1483 1831 1507 x.
1863 1473 1944 1519 526.
1972 1483 2019 1510 ex
2046 1473 2195 1521 optimis

22 1572 25 1576 ἢ
47 1525 296 1574 Apollodoro.
316 1527 411 1575 apud
434 1539 546 1576 quem
573 1526 668 1564 male
702 1528 818 1566 Πύλος
837 1528 898 1560 καῖ
921 1521 1095 1570 Α’γκαῖος
1150 1522 1305 1570 scriptis:

1204 1573 1331 1621 Inscius
1360 1572 1508 1620 exstanti
1535 1572 1718 1620 destrinxit
1751 1571 1924 1610 arundine
1945 1575 2072 1623 pefius.

1151 1624 1366 1661 H131Ns1us.

1204 1675 1286 1724 383.
1315 1674 1487 1722 Rubefecit
1499 1675 1668 1723 sanguine
1680 1675 1810 1725 setas.]
1842 1674 2045 1712 Rubuerunt
2059 1675 2194 1724 sifilae

1141 1734 1210 1763 tres
1239 1726 1330 1763 libri.
1358 1725 1539 1773 madefecit
1568 1728 1601 1774 fi
1628 1732 1721 1775 setas
1743 1726 1833 1764 duo.
1870 1725 2015 1775 rubescit
2040 1726 2073 1775 s
2096 1727 2193 1775 fletae

1144 1777 1290 1824 Junian.
1311 1778 1347 1814 ὃ(
1371 1777 1488 1814 Gron.

1197 1828 1278 1876 384.
1306 1827 1365 1863 Sui
1378 1827 1524 1878 successu
1546 1827 1667 1863 laetior
1682 1827 1807 1877 istus]
1839 1827 1882 1866 In
1902 1828 2024 1876 priore
2049 1826 2193 1865 Moreti

1142 1888 1238 1922 erat,
1264 1879 1426 1926 succeffus
1442 1905 1451 1920 ‚
1471 1888 1509 1916 ut
1522 1878 1633 1915 laetus
1655 1878 1879 1915 construatur
1906 1889 1990 1915 cum
2013 1879 2194 1926 genitivo.

1141 1929 1185 1967 de
1206 1941 1283 1979 quo
1306 1929 1390 1967 vide
1411 1928 1455 1966 ad
1476 1930 1536 1967 lib.
1563 1942 1642 1966 111.
1665 1941 1749 1977 292.
1781 1930 1818 1966 δε
1843 1928 1888 1966 ad
1906 1929 1989 1966 Val.
2021 1928 2117 1966 Flac.
2138 1941 2191 1966 vr.

1146 1981 1228 2017 266.
1259 1981 1331 2017 Hic
1354 1989 1476 2017 tamen
1500 1980 1620 2023 malo,
1643 1978 1814 2028 succeffu,
1842 1991 1889 2017 ne
1921 1979 1997 2017 duo
2029 1979 2196 2017 vocabu-

1142 2031 1176 2068 la
1191 2030 1349 2079 successus
1370 2031 1409 2068 δί
1445 2032 1533 2068 ἰθέης
1556 2030 1696 2068 malum
1725 2031 1857 2067 sonum
1879 2029 2050 2067 efficiant.
2086 2030 2193 2067 Bur.-

1148 2095 1325 2119 MANNU&

1197 2133 1279 2182 385.
1308 2132 1519 2182 Meleager.]
1573 2131 1769 2180 Meleagrus
1784 2130 1873 2173 Qc'sto
1894 2130 1986 2168 libri.
2005 2130 2194 2178 Meleagros

1147 2184 1276 2272 (ῗὶοη.
1316 2185 1355 2221 &
1392 2184 1539 2231 Junian.
1579 2183 1653 2221 vid.
1691 2182 1783 2230 supr.
1824 2193 1908 2227 270.
1944 2181 1982 2217 ὃς
2020 2191 2105 2228 299.
2152 2180 2191 2217 ὃς

1145 2247 1190 2272 ai
1218 2247 1241 2273 1.

1202 2286 1285 2335 387.
1315 2290 1361 2322 Et
1385 2284 1591 2334 meritum]
1622 2289 1666 2321 Et
1687 2295 1819 2321 mecum
1841 2289 1923 2320 tert.
1944 2279 2113 2318 Leidens.

1200 2337 1286 2386 389.
1313 2334 1620 2386 Jacffantquefine
1645 2336 1762 2371 ordine
1782 2332 1893 2382 tela.]
1948 2332 1990 2369 In
2019 2331 2192 2371 omnibus

1148 2387 1226 2425 fere
1271 2389 1430 2436 antiquis
1462 2415 1473 2433 ,
1527 2387 1756 2435 Jaciuntque.
1818 2382 1911 2421 Illud
1958 2381 2192 2432 probabilius.

1149 2439 1369 2475 CIOFANUS.

1200 2499 1286 2535 391.
1314 2486 1510 2534 Ripenniser
1537 2484 1694 2534 Arcas.]
1723 2485 1971 2523 Securiferum
1990 2482 2094 2522 fuisse
2111 2484 2194 2522 An-

1144 2536 1481 2584 caeum.Apollon.
1512 2538 1548 2574 in
1581 2549 1635 2574 11.
1654 2536 1798 2584 Argon.
1827 2536 1970 2580 scribit,
1999 2535 2096 2572 unde
2115 2535 2190 2572 hoc

1141 2588 1263 2636 potuit
1305 2585 1460 2624 sumsiffe
1491 2587 1662 2625 Ovidius.
1716 2586 1951 2624 CONSTANT.
1981 2585 2194 2624 Fannnsxs.

1143 2638 1314 2675 Ancaeus
1329 2665 1338 2682 ,
1359 2645 1400 2675 ut
1422 2637 1541 2675 scribit
1560 2637 1835 2681 Aristomenes,
1867 2638 2028 2687 Lycurgi
2051 2638 2088 2674 ὃς
2113 2638 2193 2674 An-

1143 2689 1262 2726 tiones
1281 2687 1393 2732 filius,
1417 2688 1514 2736 apud
1541 2688 1702 2726 Arcades
1738 2688 1936 2726 colebatur.
1989 2688 2194 2737 Pherecydi

1143 2751 1234 2777 vero
1263 2738 1495 2788 adstipulatur
1516 2738 1675 2777 Ovidius
1690 2766 1699 2782 ,
1720 2739 1785 2787 qui
1802 2739 1933 2783 scribit,
1956 2739 2148 2776 Ancaeum
2172 2736 2191 2775 a

1147 2790 1358 2839 Calydonio
1379 2802 1467 2839 apro
1488 2787 1691 2839 percussum
1716 2788 1898 2827 interiiffe.
1930 2790 2028 2827 Nam
2057 2789 2193 2826 Aristo-

1145 2852 1272 2878 menes
1293 2841 1393 2878 aliter
1412 2840 1457 2878 de
1477 2842 1633 2879 Ancaeo
1646 2840 1773 2878 scribit.
1800 2841 1902 2878 illum
1927 2842 2027 2878 enim
2041 2838 2192 2888 agricul-

1145 2899 1247 2929 turae
1277 2901 1463 2929 amantem
1501 2890 1605 2931 fuisse
1637 2893 1710 2934 ait,
1757 2903 1842 2928 cum
1878 2900 2002 2929 autem
2041 2892 2189 2927 vineam

1145 2942 1344 2991 plantaret,
1374 2943 1532 2980 nimium
1561 2944 1665 2992 gravi
1697 2942 1819 2980 labore
1840 2941 1960 2979 servos
1982 2939 2191 2989 premebat,

1144 3005 1256 3042 quare
1277 2993 1424 3031 illorum
1460 2993 1609 3043 quidam
1630 2993 1742 3037 dixit,
1763 2993 1957 3030 dominum
1982 3003 2026 3026 ex
2059 2989 2114 3025 illa
2136 2988 2191 3025 vi-

1144 3056 1214 3081 nea
1235 3044 1394 3082 fructum
1417 3056 1607 3093 nunquam
1619 3052 1874 3093 percepturum
1890 3044 2077 3078 :Ancaeus
2098 3037 2188 3075 vero

1147 3095 1383 3143 posteaquam
1404 3107 1476 3133 uva
1498 3097 1566 3133 fuit
1585 3104 1724 3132 matura
1738 3121 1747 3137 ‚
1776 3094 1888 3130 laetus
1912 3089 2190 3145 vindemiabat,

1146 3146 1367 3195 servumque
1384 3146 1484 3195 juffit
1505 3147 1634 3184 vinum
1657 3144 1715 3181 fibi
1741 3143 1903 3180 fundere.
1931 3139 2106 3188 poculum
2123 3150 2190 3189 lglss

1148 3204 1207 3233 tur
1233 3196 1318 3233 cum
1339 3199 1394 3233 ori
1419 3204 1622 3245 apponeret
1646 3222 1656 3237 ,
1692 3193 1829 3230 dictum
1859 3192 1951 3228 illius
1983 3203 2016 3227 in
2043 3201 2192 3227 memo-

1149 3247 1240 3282 riam
1263 3248 1476 3288 revocavit,
1506 3247 1564 3282 cui
1591 3245 1710 3282 servus
1739 3241 1943 3290 respondit,
1973 3244 2100 3277 πολλοὶ
2128 3253 2192 3285 με-

1153 3294 1250 3343 ταξὺ
1283 3297 1392 3333 πέλει
1423 3297 1565 3338 κύλικος
1592 3296 1655 3328 καὶ
1688 3293 1832 3337 χείλεος
1863 3291 1990 3338 ἄκρου,
2018 3291 2092 3329 lioc
2120 3291 2194 3335 est,

1598 3343 1727 3381 Ecce
1756 3354 1776 3379 2.
2044 3340 2197 3381 multum
