2483 3616
245 194 351 246 24÷

761 172 820 230 Ρ.
896 169 1306 231 OVIDII
1379 168 1909 227 NASONIS

532 265 796 322 Notitiam
813 305 829 330 ,
867 267 1181 339 primosque
1203 261 1398 334 gradus
1421 262 1614 317 vicinia
1637 263 1785 324 fecit;

437 342 505 393 60
543 339 826 412 Tempore
851 341 1020 394 crevit
1047 355 1226 398 amor,
1271 334 1460 389 taedae
1490 353 1708 408 quoque
1728 336 1847 407 jure
1871 333 2131 399 coissent}

543 412 651 468 Sed
675 427 897 468 vetuere
921 424 1125 484 patre8‚
1149 408 1297 482 quod
1323 425 1433 461 non
1455 422 1683 478 potuere
1707 421 1903 463 vetare.

537 484 628 541 Ex
653 503 826 558 aequo
853 484 1018 556 captis
1044 483 1300 538 ardebant
1326 479 1593 534 mentibus
1619 481 1792 535 ambo,

540 557 802 613 Conscius
828 558 1001 611 omnis
1025 554 1181 610 abest.
1221 566 1354 608 nutu
1382 550 1649 634 fignisque
1664 553 1974 625 loquuntur.

545 631 785 705 Quoque
810 630 976 702 magis
1003 629 1232 701 tegitur,
1272 623 1442 679 tetius
1466 640 1631 698 magis
1656 626 1849 683 aestuat
1875 629 2024 700 ignis,

252 799 410 849 Neapol.
440 799 656 847 Bernegger.
695 799 802 847 prim.
842 798 964 835 Vatic.
1006 797 1114 845 prim.
1148 793 1288 832 Medic.

251 852 358 899 prim.
388 848 672 897 Hamburgensis
697 876 706 892 ‚
745 850 784 885 &
815 847 874 885 sex
907 848 966 884 alii
1004 859 1049 884 ex
1083 846 1294 884 melioribus

252 913 339 938 cuin
364 899 540 948 Spirensi,
569 900 608 935 ὃς
631 899 773 936 Norico
789 926 799 943 ,
825 909 972 935 tenuere.
999 899 1036 935 &
1064 897 1174 935 16616.
1205 908 1294 934 nam

254 954 374 988 Oriens
392 950 517 986 habuit
538 947 785 998 praecesserat.
814 949 1020 987 Heinsrus.
1047 948 1198 986 Plurimi
1218 948 1298 985 libri

252 1002 432 1039 continuas
453 1001 588 1038 habent
602 1028 611 1045 ,
639 999 677 1038 id
698 1000 747 1037 est
761 1028 770 1044 ‚
798 1011 892 1049 quae
915 1000 1092 1048 parietem
1123 1010 1298 1037 commu-

252 1064 340 1090 nem
372 1051 588 1096 habebant,
615 1059 655 1088 ut
692 1063 737 1088 ex
766 1051 996 1101 sequentibus
1029 1059 1188 1099 apparet.
1224 1049 1300 1087 vid.

253 1104 342 1140 vers.
367 1115 427 1151 99.
456 1102 631 1151 contiguae
653 1103 753 1139 enim
775 1100 923 1150 possunt
943 1100 1013 1139 effe
1036 1101 1142 1139 aedes
1167 1129 1177 1144 ,
1205 1112 1300 1150 quae

252 1162 379 1191 tamen
412 1165 560 1190 murum
588 1164 666 1190 non
687 1153 824 1190 habent
855 1163 1114 1190 communem.
1141 1153 1191 1189 ita
1223 1165 1301 1187 con-

254 1204 405 1241 tinentia
425 1204 580 1251 aedificia
612 1205 650 1240 in
677 1204 760 1252 jure
792 1204 814 1240 l.
846 1216 880 1240 2.
912 1202 950 1240 ff.
979 1202 1024 1240 dc
1055 1203 1105 1240 V.
1135 1203 1169 1239 S.
1196 1202 1304 1238 conti-

253 1255 316 1292 nui
337 1265 466 1291 montes
488 1255 621 1292 Horat.
642 1254 842 1302 Ep.xv1.5.
865 1254 1018 1290 continui
1029 1254 1105 1301 agri
1122 1253 1303 1290 Suetonio

249 1303 395 1343 Caesar.
410 1317 439 1342 6.
470 1306 527 1354 38.
551 1305 715 1341 continua
736 1305 863 1341 humus
887 1304 1022 1341 Nostro
1042 1304 1103 1341 lib.
1115 1315 1204 1341 V111.
1219 1303 1303 1352 588.

256 1357 295 1393 δε
318 1355 445 1392 similia
468 1357 528 1392 &ex
556 1357 656 1395 κόνις.
679 1358 716 1393 111
740 1355 925 1393 codicibus
939 1366 1029 1392 vero
1051 1354 1185 1403 scriptis
1200 1368 1300 1399 ‚con-

251 1407 368 1455 tiguus
400 1408 439 1443 ὃς
472 1407 654 1443 continuus
685 1414 938 1455 permutantur
969 1405 1108 1454 paffim.
1138 1404 1212 1442 vid.
1247 1416 1302 1441 iv.

252 1456 343 1494 Fast.
369 1456 452 1506 378.
482 1457 543 1494 lib.
575 1470 609 1494 v.
635 1457 768 1494 ultimo
800 1456 902 1493 versu
933 1457 970 1493 ὃς
1003 1456 1099 1505 apud
1130 1456 1301 1493 Curtium

249 1507 312 1548 lib.
335 1519 371 1545 v.
395 1519 472 1556 cap.
499 1521 529 1545 1.
558 1508 603 1545 de
622 1508 695 1556 ipsa
716 1508 905 1557 Babylone
934 1535 945 1551 ,
971 1510 1060 1543 tetta
1095 1520 1152 1544 nec
1184 1507 1301 1544 omnia

253 1558 420 1596 continua
432 1559 531 1608 sunt.
555 1558 616 1596 ubi
638 1560 676 1596 δε
697 1559 755 1596 11111
777 1558 923 1595 codices
938 1586 948 1602 ‚
976 1557 1147 1606 contigua.
1175 1556 1201 1594 si
1222 1558 1301 1606 quis

255 1617 383 1648 tamen
404 1610 578 1659 contiguas
608 1610 710 1646 malit
733 1638 744 1654 ,
770 1621 846 1647 non
869 1609 1107 1646 contendam.
1139 1609 1188 1646 ita
1215 1607 1303 1644 atti-

252 1673 340 1710 guas
361 1661 456 1697 aedes
480 1660 625 1709 Apulej.
652 1660 711 1698 lib.
740 1672 792 1697 1v.
816 1661 877 1709 qui
902 1671 944 1697 ea
966 1671 1062 1697 voce
1090 1658 1225 1707 saepius
1247 1659 1301 1696 uti

256 1711 358 1748 solet.
394 1710 454 1748 sed
475 1710 501 1748 fi
522 1712 702 1748 continuas
724 1710 923 1759 legendum
949 1739 960 1755 ‚
996 1710 1109 1747 etiam
1143 1709 1302 1747 Habuere

255 1761 552 1810 praeferendum.
572 1762 647 1800 vid.
666 1762 712 1799 ad
730 1761 791 1799 lib.
816 1775 850 1798 v.
875 1773 942 1808 197
980 1761 1109 1798 Eum.

314 1824 372 1859 57.
410 1813 473 1848 Ubi
505 1813 633 1849 dicitur
664 1812 780 1848 altam
809 1812 995 1848 Coffrilibas
1029 1811 1139 1849 muris
1167 1810 1302 1861 cinxiffe

254 1863 459 1914 §emiramis
479 1862 638 1911 urbem]
669 1863 875 1911 Propertius
898 1875 960 1899 111.
983 1875 1034 1899 ix.
1055 1862 1116 1899 'zr.

309 1914 496 1963 Persarum
509 1914 645 1960 stravit
663 1913 841 1961 Babylona
862 1913 1061 1950 Semiramis
1084 1913 1206 1950 Urbem
1222 1942 1236 1960 ‚

364 1971 409 2001 Ut
427 1964 575 2011 solidum
599 1966 685 2002 roffio
707 1963 838 2001 tolleret
859 1978 974 2013 aggere
995 1974 1072 2013 opus
1086 1981 1096 2000 .-

310 2020 360 2052 Et
381 2016 447 2052 duo
468 2016 507 2052 in
527 2015 718 2063 adversum
741 2013 828 2062 miffi'
841 2025 902 2064 per
927 2015 1060 2051 moenia
1083 2029 1226 2062 currus,

365 2072 420 2102 Ne
432 2065 559 2115 poſjent
581 2068 672 2102 tatto
684 2065 849 2114 stringere
867 2065 911 2103 ab
933 2079 998 2104 axe
1019 2065 1124 2104 latus.

258 2116 437 2157 Martialis
458 2116 517 2153 lib.
540 2129 593 2153 ix.
617 2128 677 2163 77.

314 2175 398 2205 Non
408 2165 501 2216 filice
523 2168 630 2212 duro,
649 2167 847 2215 struuilive
869 2178 1015 2205 cemento
1029 2197 1040 2214 ,

248 2236 259 2252 ¹.
313 2225 388 2256 Nec
409 2218 515 2255 latere
536 2221 622 2254 coeio
636 2246 646 2263 ,
674 2232 740 2269 quo
761 2219 960 2257 Semiramis
981 2220 1120 2269 longam

316 2269 495 2319 Babylona
516 2269 639 2308 cinxit.

262 2321 436 2372 Hyginus
459 2333 535 2370 cap.
557 2333 741 2360 ccxxxnr.
769 2328 897 2362 Murus
918 2323 956 2360 in
976 2322 1169 2372 Babylonia
1183 2337 1306 2374 ‚quem

256 2374 344 2419 fecit
373 2372 572 2409 Semiramis
595 2376 748 2411 Dercetis
771 2374 877 2422 filia,
905 2374 1010 2411 latere
1043 2377 1129 2410 corfio
1163 2387 1205 2414 (9⁹
1230 2375 1307 2423 sul-

256 2426 365 2471 fizre,
384 2426 480 2470 ferro
511 2423 672 2461 vinetum
696 2453 706 2469 ,
735 2425 848 2462 latum
873 2425 971 2475 pedes
1002 2437 1086 2462 xxv.
1119 2426 1235 2461 altum
1251 2435 1308 2475 pe-

266 2475 322 2510 des
347 2486 405 2510 Lx.
429 2475 465 2510 in
488 2475 632 2512 circuitu
647 2476 841 2522 stadiorum
875 2487 949 2512 ccc.
998 2476 1059 2512 De
1081 2475 1270 2525 Babylone
1296 2503 1306 2519 ,

264 2523 412 2572 ejusque
440 2536 632 2562 murorum
663 2526 836 2564 aedificiis
856 2526 905 2563 ita
924 2525 1041 2563 scribit
1076 2528 1126 2574 Q.
1161 2528 1308 2563 curtius

264 2573 326 2610 lib.
350 2586 383 2610 V.
410 2575 609 2612 Semiramis
627 2590 704 2613 eam
737 2577 960 2621 condiderat,
989 2576 1046 2614 vel
1077 2578 1142 2625 (ut
1157 2577 1309 2627 plerique

269 2625 463 2670 credidere)
491 2626 613 2663 Belus:
642 2628 736 2676 cujus
767 2628 857 2676 regia
876 2627 1074 2675 ostenditur.
1104 2634 1232 2665 Murus
1254 2630 1310 2665 iri-

259 2673 412 2722 flrue'lus
431 2674 592 2712 laterculo
619 2678 751 2722 coctili,
778 2678 947 2715 bitumine
977 2678 1152 2715 interlitus
1176 2707 1185 2723 ‚
1226 2679 1310 2728 spa-

270 2725 364 2761 tium
387 2725 535 2772 triginta
567 2739 610 2765 <9⁹
639 2728 787 2764 duorum
812 2729 940 2776 pedum
972 2728 1161 2766 latitudine
1183 2729 1310 2778 ample-

269 2776 388 2811 e'titur.
431 2776 632 2824 Qadrigae
658 2777 749 2814 inter
762 2778 800 2824 se
831 2789 1038 2814 occurrentes
1060 2778 1135 2827 fine
1158 2779 1305 2829 periculo

269 2839 456 2862 commeare
486 2826 661 2863 dicuntur.
700 2827 868 2864 Altitudo
889 2828 983 2864 muri
1013 2840 1149 2867 centum
1178 2830 1306 2866 cubito-

269 2889 351 2912 rum
372 2876 509 2913 eminet.
546 2881 667 2913 Turres
696 2878 790 2913 denis
815 2879 959 2926 pedibus
981 2907 991 2922 ,
1019 2894 1126 2928 quam
1151 2894 1271 2916 murus
1295 2908 1305 2924 ,

268 2926 407 2963 altiores
419 2927 519 2974 sunt.
546 2928 661 2964 Totius
683 2929 785 2976 operis
802 2928 955 2964 ambitus
977 2939 1052 2965 ccc.
1077 2942 1217 2966 vaiu.
1234 2930 1312 2976 sta-

269 2978 329 3013 dia
360 2977 600 3026 compleci‘itur.
638 2978 854 3026 Singulorum
878 2978 1072 3025 stadiorum
1095 2979 1311 3026 straeiuram

262 3026 409 3076 stragulis
438 3027 553 3064 diebus
570 3030 755 3076 perfieiam
786 3030 842 3077 esse
862 3029 1043 3065 memoriae
1059 3030 1237 3078 proditum
1255 3029 1309 3077 est.

269 3078 444 3125 ‚Aedificia
467 3091 535 3114 non
555 3079 643 3126 sunt
666 3079 809 3115 admota
840 3080 973 3123 muris,
992 3079 1056 3127 sed
1067 3081 1141 3126 fhre
1153 3081 1309 3128 spatium

269 3129 373 3165 unius
385 3129 499 3177 jugeri
519 3129 669 3178 abfiint,
697 3142 739 3169 ey
760 3130 856 3180 reliq.
883 3130 1105 3166 Ammianus
1126 3140 1249 3166 autem
1272 3131 1310 3167 in

272 3178 369 3214 hunc
404 3178 562 3216 modum
592 3180 650 3216 lib.
673 3192 786 3217 xxm.
824 3187 865 3216 In
885 3180 1025 3230 Affijria
1040 3179 1311 3229 splendidiffima

273 3227 351 3263 urbs
373 3228 414 3282 est
434 3228 589 3277 Babylon
605 3258 615 3275 ‚
641 3231 736 3280 cujus
762 3232 901 3268 moenia
921 3232 1090 3268 bitumine
1111 3232 1312 3268 Semiramis

265 3275 421 3324 struxit,
447 3292 559 3319 arcem
590 3281 683 3320 enim
716 3280 969 3332 antiquiffimus
991 3295 1052 3321 rex
1075 3282 1228 3322 condidit
1248 3287 1312 3331 Be:

2180 706 2212 754 6
2218 719 2244 768 ς
2284 700 2316 755 P
2330 700 2393 755 is-

1350 791 1416 829 lus.
1452 793 1652 832 Semiramis
1667 796 1784 844 prima
1806 796 1961 833 omnium
1980 805 2108 832 teneros
2129 806 2240 830 mares
2262 794 2392 841 castra-

1351 845 1419 881 vit.
1445 844 1551 882 Ideni
1570 845 1630 882 lib.
1653 857 1733 883 xxv.
1771 848 1896 895 Atque
1927 858 1971 884 ex
1998 846 2073 883 1106
2100 844 2186 883 1060
2206 844 2394 882 illustratur

1354 895 1414 932 ille
1437 893 1457 932 ὲ
1476 895 1535 932 lib.
1558 908 1603 933 11.
1624 896 1759 933 Amor.
1786 897 1886 945 Eleg.
1912 910 1992 934 111.

1403 946 1478 995 Qi
1491 947 1629 995 primus
1646 948 1758 997 pueris
1776 946 1944 996 genitalia
1965 947 2119 984 membra
2143 946 2264 984 recidit
2278 974 2289 991 ,

1459 997 1609 1034 Vulnera
1623 1027 1634 1043 ‚
1661 1012 1748 1048 quae
1761 999 1849 1045 fecit
1862 1027 1872 1042 ,
1897 997 2014 1034 debuit
2030 998 2092 1047 ipse
2106 999 2194 1047 pati.

1353 1047 1460 1085 Haec
1484 1047 1615 1086 eadem
1640 1076 1649 1090 ,
1684 1049 1763 1097 post
1794 1049 1884 1086 Nini
1908 1077 1918 1092 ,
1953 1048 2029 1097 ejus
2061 1049 2128 1086 viri
2154 1078 2164 1094 ,
2199 1055 2358 1086 mortem
2383 1050 2406 1091 ζ,

1353 1098 1479 1148 quoad
1502 1100 1577 1148 ejus
1607 1099 1698 1137 filius
1728 1099 1970 1144 adolesceret,
1998 1100 2119 1136 virum
2140 1100 2317 1137 ementita
2337 1098 2396 1137 est.

1358 1149 1579 1189 claudianus
1599 1150 1637 1187 in
1659 1150 1880 1199 Eutropium
1902 1149 1963 1187 hb.
1984 1162 2011 1187 1.
2037 1160 2124 1198 399.

1681 1208 1744 1239 Seu
1758 1202 1876 1251 prima
1897 1201 2097 1238 Semiramis
2116 1201 2192 1248 astu

1410 1251 1559 1301 Affssiriis
1582 1253 1731 1289 mentita
1753 1253 1874 1290 virum
1888 1280 1899 1297 ,
1928 1266 1968 1289 ne
1989 1252 2080 1288 vocis
2101 1263 2222 1288 acutae

1410 1303 1600 1348 Mollities,
1627 1303 1803 1354 mollefijue
1818 1318 1924 1353 genae
1935 1305 1973 1352 se
1986 1303 2126 1352 prodere
2136 1302 2265 1352 poffcnt

1409 1360 1478 1390 Hos
1492 1351 1559 1402 fibi
1578 1355 1756 1403 conjunxit
1766 1353 1898 1403 similes
1918 1367 1988 1394 676.

1359 1405 1438 1452 Qui
1464 1404 1566 1452 plura
1587 1405 1709 1453 cupit,
1735 1405 1830 1453 legat
1850 1405 2029 1452 Justinum
2059 1404 2119 1442 lib.
2153 1417 2179 1442 1.
2214 1405 2251 1442 &
2275 1405 2400 1454 Hygiss

1359 1467 1463 1492 num.
1492 1454 1711 1493 Observavit
1729 1456 1819 1494 haec
1840 1457 2001 1505 optimus
2022 1456 2131 1492 frater
2162 1467 2266 1492 meus
2291 1484 2300 1499 ‚
2340 1457 2396 1493 M.

1356 1505 1554 1543 Antonius.
1594 1507 1631 1543 Si
1652 1507 1731 1555 quis
1754 1514 1939 1555 praeterea
1967 1506 2053 1543 scire
2074 1514 2158 1542 avet
2179 1535 2190 1552 ,
2213 1518 2290 1555 quo
2313 1518 2399 1544 mo-

1357 1556 1406 1593 do
1421 1585 1431 1601 ,
1456 1568 1582 1605 quove
1604 1556 1679 1594 astu
1701 1557 1910 1596 Semiramis
1931 1557 1978 1594 ad
1998 1568 2154 1605 regnum
2177 1558 2400 1604 pervenerit,

1355 1607 1452 1655 legat
1472 1609 1666 1645 Muretum
1691 1608 1750 1645 lib.
1765 1619 2029 1656 vr.cap.xvri.
2052 1607 2247 1643 Vari-arum
2268 1607 2402 1644 leetio·

1356 1670 1461 1695 1111111.
1498 1659 1573 1695 Ubi
1599 1659 1736 1702 multa,
1765 1670 1860 1708 quae
1882 1659 1961 1695 sunt
1988 1657 2140 1706 cognitu
2172 1657 2398 1706 digniffima,

1359 1720 1405 1745 ex
1434 1709 1583 1746 Graecis
1603 1709 1809 1747 audioribus
1830 1707 1998 1747 accurate
2035 1710 2073 1745 &
2109 1707 2300 1757 diligenter
2323 1737 2333 1753 ,
2359 1716 2401 1746 ut

1356 1759 1446 1797 solet
1469 1760 1597 1798 omnia
1611 1789 1620 1804 ‚
1633 1760 1791 1809 collegit.
1824 1761 1902 1808 Qui
1920 1770 2020 1797 nunc
2040 1758 2206 1796 maximo
2227 1760 2402 1797 omnium

1358 1822 1444 1848 cum
1479 1810 1649 1860 applausu
1668 1812 1706 1848 in
1736 1812 1827 1857 Jure
1843 1811 1941 1848 civili
1960 1807 2102 1858 publice
2125 1809 2330 1847 illustrando
2351 1810 2404 1846 ita

1359 1861 1518 1899 versatur
1542 1890 1553 1906 ,
1579 1869 1619 1899 ut
1642 1861 1805 1899 excellat.
1852 1862 1913 1899 De
1944 1872 2021 1909 quo
2056 1860 2285 1897 meritissimo
2316 1859 2405 1898 illud

1359 1912 1431 1950 dici
1453 1912 1570 1961 potest
1583 1940 1601 1957 ,r
1620 1911 1722 1961 quod
1750 1912 1840 1949 olim
1876 1911 1922 1950 de
1948 1911 2106 1949 Isocrate
2137 1911 2324 1960 proditum
2356 1909 2404 1949 est

1359 1963 1506 2002 litteris:
1537 1962 1646 2011 Cujus
1667 1964 1684 1999 ἒ
1702 1963 1806 2006 ludo,
1834 1972 2020 2011 tamquam
2053 1974 2093 1997 ex
2118 1975 2199 2012 equo
2223 1962 2368 2009 Trojano
2393 1988 2404 2006 ‚

1361 2014 1447 2052 meri
1472 2014 1638 2064 principes
1678 2013 1847 2050 exierunt.
1886 2013 2100 2050 Crosa-Nm.
2146 2012 2406 2060 Aristophanes

1362 2070 1440 2108 Ορν.
1464 2067 1534 2101 πᾶν
1559 2065 1663 2101 τουτὶ
1695 2065 1737 2100 τὶ
1764 2062 1907 2109 μεταξὺ
1938 2062 2202 2109 Περιτειχῑζειν
2223 2064 2409 2107 μεγάλαις

1361 2116 1514 2157 πλίνθοις
1525 2116 1671 2158 ὀπταῖς,
1685 2113 1794 2158 ὥσπερ
1809 2112 2131 2156 Βαβυλῶνα.1)ΑΝ.
2150 2113 2294 2150 ΗΕΙΝε.
2318 2113 2408 2150 Huc

1360 2166 1512 2215 respexit
1536 2167 1647 2206 etiarn
1670 2165 1852 2214 ‚luvenalis
1875 2165 1945 2202 Sat.
1958 2177 1992 2202 x.
2009 2163 2057 2202 vs.
2085 2176 2168 2211 171.
2201 2163 2263 2201 ubi
2283 2162 2328 2201 de
2351 2162 2408 2211 Ag

1361 2218 1562 2257 lexandroz

1417 2274 1511 2307 Cum
1534 2281 1652 2308 tamen
1675 2284 1697 2307 a
1712 2271 1831 2320 figulis
1848 2270 2029 2308 munitam
2050 2268 2244 2306 intraverit
2262 2266 2393 2305 urbem·

1415 2321 1621 2370 Sarcophago
1642 2333 1818 2358 contentus
1837 2322 1913 2358 erit.

1364 2371 1440 2408 Ubi
1463 2371 1640 2409 videndus
1664 2372 1889 2409 Scholiastes.
1912 2382 2025 2420 quem
2044 2370 2172 2409 locum
2195 2369 2410 2408 Ludovicus

1366 2422 1557 2460 d'Orleans
1585 2423 1630 2459 ad
1652 2423 1774 2460 Tacit.
1802 2435 1865 2459 111.
1896 2423 1995 2460 Ann.
2018 2433 2097 2470 pag.
2126 2433 2210 2470 329.
2250 2420 2412 2468 corrupit

1361 2473 1545 2522 legendo,
1573 2474 1766 2510 intraverit
1787 2486 1929 2513 urnam.
1963 2471 2023 2509 sed
2054 2471 2252 2508 temerario
2284 2470 2410 2518 paflim

1362 2524 1421 2562 ille
1448 2533 1583 2562 conatu
1604 2525 1687 2562 loca
1716 2523 1798 2561 sana
1819 2523 2006 2561 sollicitat:
2034 2522 2113 2570 quis
2136 2521 2236 2558 enim
2256 2548 2272 2564 ,
2298 2531 2412 2569 quae-

1363 2574 1402 2612 so
1428 2603 1436 2619 ,
1484 2576 1663 2612 munitam
1693 2588 1824 2612 urnam
1862 2584 2043 2622 umquam
2075 2571 2189 2609 fando
2232 2567 2409 2608 audivit?

1365 2625 1525 2675 denique
1558 2626 1581 2663 fi
1605 2639 1734 2663 urnam
1764 2625 1976 2667 intraverit,
2005 2622 2092 2670 quid
2124 2633 2216 2670 opus
2237 2629 2326 2658 tunc
2348 2619 2412 2664 ade

1366 2677 1451 2714 dere
1474 2676 1680 2725 sarcophago
1703 2684 1878 2710 contentus
1900 2674 1977 2710 erit.
2005 2683 2118 2720 apage
2139 2672 2227 2709 tales
2248 2671 2413 2727 ineptias?

1365 2726 1497 2763 dicitur
1519 2738 1538 2763 a
1558 2726 1674 2774 figulis
1705 2725 1848 2762 munita
1871 2725 1952 2761 urbs
1974 2722 2140 2772 Babylon
2154 2751 2164 2767 ‚
2192 2722 2294 2771 cujus
2316 2731 2410 2758 1111111

1366 2788 1410 2814 ex
1434 2775 1546 2813 coeco
1568 2776 1690 2812 latere.
1719 2775 1804 2812 vide
1826 2776 1865 2811 &
1886 2773 2049 2811 Vitruvii
2071 2773 2130 2810 lib.
2153 2785 2181 2809 1.
2204 2784 2282 2820 cap.
2304 2783 2340 2809 v.
2372 2771 2432 2809 &⁴

1360 2826 1523 2864 infinitos
1556 2825 1656 2863 alios.
1693 2837 1760 2873 pro
1795 2824 1929 2873 cinxiffi
1972 2835 2065 2861 unus
2098 2822 2290 2861 Mediceus
2316 2820 2376 2859 hic
2395 2825 2412 2865 ,'

1357 2877 1504 2927 posuiffe.
1537 2875 1641 2926 quod
1671 2874 1807 2914 firmari
1838 2873 1956 2924 posset
1976 2875 2065 2912 loco
2087 2873 2255 2912 Prisciani
2275 2873 2314 2910 in
2343 2871 2409 2915 Peg

1367 2939 1454 2976 neg.
1480 2938 1568 2976 930.

1648 2978 1805 3027 Babylon
1819 3006 1829 3022 ‚
1858 2991 1967 3028 quam
1986 2975 2160 3015 moenibus
2182 2974 2265 3011 olim

1423 3028 1602 3065 Mirandis
1620 3030 1729 3077 posuit
1743 3029 1925 3079 firmisque
1944 3027 2145 3065 Semiramis
2167 3024 2300 3061 urbem.
2362 3072 2369 3079 ι
2401 3071 2410 3081 5

1366 3079 1471 3116 multi
1492 3090 1584 3116 vero
1607 3080 1689 3123 alii,
1710 3080 1879 3128 struxiffi.
1905 3079 1965 3116 sed
1988 3089 2057 3126 ego
2080 3075 2170 3113 nihil
2190 3082 2309 3129 muto.
2339 3086 2418 3110 cm·-

1361 3143 1436 3178 gere
1458 3131 1558 3167 6111111
1582 3132 1691 3167 muris
1713 3130 1831 3167 urbem
1856 3128 1983 3168 usitata
2004 3130 2043 3166 &
2065 3126 2164 3165 resta
2185 3126 2326 3164 locutio
2350 3122 2409 3170 (fig

1367 3181 1495 3218 Senec.
1520 3179 1656 3217 oetav.
1677 3194 1761 3228 401.

1668 3275 1674 3278 ,
1779 3233 1922 3284 Cin-gere
1941 3229 2115 3281 assuerant
2128 3233 2215 3279 fleas

1419 3282 1537 3321 Muris
1559 3296 1617 3321 uec
1637 3282 1746 3322 urbes,
1900 3282 1919 3284 ⁷*

2365 3317 2415 3361 Et
