2483 3616
264 168 367 221 4270

713 147 788 206 P.
848 143 1278 205 OVIDII
1350 143 1887 206 NASONIS

548 239 767 300 &Partim
791 239 1016 296 succidit
1039 234 1347 294 curvamine
1372 235 1517 291 falcis
1543 241 1720 294 aenae.

557 313 737 372 Multa
760 330 978 386 quoque
1005 307 1239 381 Apidani
1265 306 1578 376 placuerunt
1604 309 1841 380 gramina
1870 309 2025 383 ripiS,
2322 375 2325 377 ,

561 385 740 443 Multa
767 401 986 459 quoque
1010 378 1321 453 Amphryfi:
1362 397 1537 452 neque
1563 399 1675 436 eras
1699 383 1977 449 immuniS,
2015 381 2268 455 Enipeus

419 479 523 526 230
561 461 677 515 Nec
705 477 814 514 non
840 459 1079 518 Peneae,
1117 470 1217 507 nec
1246 468 1356 508 non
1380 452 1737 523 Spercheides
1756 455 1938 510 undae

562 531 926 592 Contribuere
950 525 1148 600 aliquid
1167 562 1181 586 ,
1215 523 1539 596 juncosaque
1568 525 1724 579 litora
1751 525 1976 583 BoebeS.

565 604 752 678 Carpit
778 603 832 657 &
858 602 1104 661 Euboica
1130 598 1286 653 vivax
1310 597 1643 653 Anthedone
1669 615 1919 671 gramen,

266 809 367 850 libris
384 835 393 850 ‚
420 807 459 845 δί
476 807 637 851 Aldino,
668 811 715 843 Et
744 806 842 843 cretis
867 803 1066 854 regionibus.
1093 803 1314 842 Cromnos.

269 858 386 896 Cretis
405 857 593 906 regionibus
611 858 729 905 scripti
751 858 826 893 fere
850 868 980 894 omnes
995 883 1005 898 ‚
1034 854 1100 892 nifi
1119 855 1222 904 quod
1245 868 1314 891 cer-

274 909 320 946 tis
341 909 521 946 nonnulli.
551 909 612 944 An
627 908 724 944 cretis
740 919 808 954 pro
829 905 1014 944 discretis?
1027 905 1225 954 quomodo
1245 919 1314 942 cer-

269 973 346 996 nere
359 972 425 1008 pro
439 959 636 997 discernere
648 957 780 1006 Apulej
789 970 849 996 um
871 955 996 995 dixisse
1016 956 1140 994 libello
1160 957 1205 994 de
1227 957 1313 994 Deo

272 1009 429 1048 Socratis
459 1021 526 1047 nos
545 1008 691 1046 monuit
709 1009 823 1056 Josias
844 1010 1031 1046 Mercerus
1044 1036 1054 1052 ‚
1081 1009 1149 1045 Vir
1169 1007 1314 1056 elegan-

271 1061 315 1097 tis
332 1060 492 1110 ingenii,
516 1072 602 1110 quae
621 1071 664 1099 ω’
678 1059 748 1108 ipfiz
769 1073 837 1096 non
855 1073 921 1096 uno
939 1058 1037 1095 modo
1049 1087 1059 1103 ,
1079 1058 1141 1107 sed
1155 1057 1314 1107 pluribus

269 1111 388 1148 cernit.
415 1112 464 1148 ita
484 1112 583 1148 enim
598 1111 834 1148 membranae
847 1120 999 1148 veteres.
1024 1110 1124 1158 plura
1144 1109 1314 1158 exempla

270 1173 291 1199 a
311 1162 558 1210 grammaticis
578 1161 725 1199 vetustis
745 1162 993 1210 proferuntur.
1020 1160 1079 1198 sed
1092 1161 1129 1197 δε
1143 1160 1235 1196 crevi
1247 1172 1314 1209 pro

267 1213 371 1257 vidi,
400 1213 445 1250 de
465 1225 542 1261 quo
572 1220 711 1261 praeter
745 1213 847 1250 Non.
875 1211 1095 1250 Marcellum
1118 1210 1316 1248 Priscianus

269 1263 331 1302 lib.
350 1278 385 1301 x.
417 1264 457 1300 In
482 1263 833 1311 Rottendorphiano
849 1264 898 1310 τῷ
916 1263 1012 1300 cretis
1021 1263 1112 1300 haec
1122 1260 1234 1311 gloffa
1245 1270 1320 1300 erat

271 1314 416 1358 addita,
447 1313 503 1363 Isti
524 1325 655 1351 montes
676 1314 890 1351 circumeunt
920 1313 1136 1362 Thessaliam.
1163 1313 1319 1361 optime.

272 1364 496 1414 Legendum
530 1366 630 1403 enim
646 1394 656 1410 ‚
694 1365 810 1402 creteis
829 1364 1039 1413 regionibus,
1066 1376 1133 1413 pro
1155 1363 1316 1401 cretosis.

272 1425 384 1465 atque
406 1417 454 1454 ita
473 1417 610 1465 primus
630 1418 843 1454 Vaticanus.
871 1416 1071 1453 Politianus
1101 1416 1137 1452 in
1157 1426 1221 1451 ora
1238 1415 1319 1452 libri

271 1467 325 1505 sui
352 1479 397 1504 ex
427 1469 581 1515 antiquo
613 1467 835 1516 exemplari,
873 1477 984 1504 cretes.
1011 1466 1210 1516 quomodo
1234 1465 1319 1502 Flo-

269 1518 434 1556 rentinus
450 1518 483 1556 S.
498 1519 626 1556 Marci.
663 1530 757 1556 unus
777 1518 972 1556 Mediceus
988 1546 997 1562 ‚
1017 1517 1167 1554 Graecis.
1203 1516 1321 1553 Thes-

270 1568 394 1606 saliam
407 1578 526 1607 cretae
546 1568 648 1607 fuiffe
662 1569 915 1607 feraciffimam
928 1570 1008 1618 quis
1020 1567 1160 1606 nescit?
1189 1566 1322 1605 Noster

273 1620 367 1658 infra
387 1620 475 1658 vers.
498 1623 583 1670 463.
604 1633 682 1658 non
707 1620 866 1658 diffimili
885 1621 1026 1658 modo:

513 1672 702 1722 cretosaque
721 1685 806 1711 rura
823 1670 973 1720 Cymoli.

277 1726 399 1757 Creten
415 1722 554 1771 perfhna
575 1724 752 1761 Lucretio
774 1723 842 1760 lib.
865 1735 919 1760 xv.
939 1721 1023 1767 298.
1051 1722 1100 1759 ita
1120 1722 1219 1758 enim
1235 1732 1325 1758 con-

278 1772 408 1809 stanter
431 1774 557 1810 vetusti
587 1774 757 1819 codices,
783 1785 877 1822 quos
896 1772 994 1818 vidi,
1016 1785 1082 1822 pro
1103 1773 1225 1810 forma
1249 1783 1326 1810 cre-

283 1830 354 1860 tea.
383 1823 425 1860 In
445 1824 639 1861 Cataleffis
659 1825 911 1867 Petroni-anis,

333 1879 432 1911 Dum
445 1875 559 1921 sumit
580 1885 725 1911 creteam
737 1875 866 1921 faciem
888 1874 1071 1919 Sertoria‚'
1086 1884 1215 1912 cretam

387 1925 547 1961 Perdidit
565 1925 630 1961 illa
644 1924 753 1974 fimul
766 1954 776 1971 ,
798 1926 952 1976 perdidit
973 1926 1167 1973 &facietm

280 1976 338 2014 Ita
383 1984 475 2024 puto
520 1976 750 2017 scribendum
796 1977 893 2026 apud
937 1977 1158 2024 Juvenalem
1202 1978 1329 2028 Satyra

277 2039 333 2065 vl.
353 2027 414 2064 66.

333 2078 449 2116 Dicite
473 2092 533 2115 vos
552 2087 661 2128 neptes
682 2078 820 2128 Lepidi,
849 2079 983 2117 caecive
1003 2080 1163 2124 Metelli;

270 2130 454 2167 *vetustus
484 2130 603 2167 codex
625 2131 842 2176 Pulmanni,
880 2132 1024 2168 creteive
1045 2131 1202 2176 Metelli,
1231 2133 1335 2170 exhi-

279 2179 355 2223 bet,
371 2192 436 2228 pro
458 2180 582 2218 cretici.
602 2181 662 2218 sed
686 2182 723 2218 ὅς
744 2182 888 2230 vulgata
904 2182 1017 2220 leffio
1046 2182 1094 2219 est
1119 2183 1335 2220 commoda.

284 2232 398 2268 creteis
418 2239 542 2269 autem
573 2231 654 2268 elisa
686 2232 842 2271 secunda
873 2246 900 2270 e.
920 2233 968 2270 fic
987 2233 1024 2269 in
1043 2233 1181 2280 igneus,
1209 2247 1335 2270 aureus

280 2282 386 2331 saepe
415 2294 478 2330 per
507 2283 764 2332 synalaephen.
791 2283 839 2321 fic
860 2284 955 2320 &in
982 2293 1131 2319 cretacea
1152 2284 1248 2331 apud
1271 2284 1333 2322 Se-

279 2344 357 2370 ren.
379 2333 559 2371 Sammon
579 2346 587 2371 :
617 2338 820 2370 Cretaceam
839 2333 938 2370 dabis
955 2334 994 2370 in
1010 2333 1130 2380 testam
1144 2362 1154 2379 ‚
1172 2346 1257 2372 nam
1279 2334 1332 2372 se-

284 2384 402 2420 cunda
432 2385 469 2421 in
503 2395 671 2421 cretaceus
698 2386 858 2424 omnino
885 2384 935 2422 est
955 2384 1206 2434 producenda.
1232 2385 1336 2435 supra

282 2433 342 2471 lib.
360 2446 419 2471 vx.
436 2436 513 2472 166.

340 2489 479 2521 Aureus
497 2496 534 2522 ut
559 2490 714 2524 Danaen
728 2516 738 2534 ,
760 2487 912 2538 Asopida
937 2485 1057 2536 luserit
1071 2487 1205 2537 igneus.

290 2534 373 2571 Lib.
395 2547 429 2572 x.
450 2548 534 2583 275.

467 2600 533 2622 non
555 2601 601 2623 au
619 2602 656 2624 us
674 2589 821 2626 eburnea
836 2590 939 2639 virgo

343 2637 461 2672 Dicere
485 2639 696 2686 Pygmalion.
721 2638 850 2689 fimilis
869 2654 944 2684 moa
962 2640 1056 2678 dixit
1075 2640 1253 2679 eburneae.

292 2685 347 2773 Itla
382 2695 537 2737 utroque
564 2690 651 2726 loco
672 2691 933 2739 castigatissimi
960 2693 1118 2731 codices.
1165 2692 1277 2731 Trist.
1309 2704 1340 2732 1.

294 2748 315 2774 e
332 2765 340 2773 .
367 2748 421 2772 1x.

351 2785 417 2823 Illa
439 2788 672 2826 Corinthiacis
688 2791 843 2838 primum
864 2792 953 2829 mihi
973 2794 1106 2842 cognita
1121 2795 1316 2837 Cenchreis.

292 2837 348 2875 Ita
369 2838 405 2874 δέ
431 2838 502 2875 illic
523 2839 752 2879 scribendum
773 2844 931 2889 monui,
957 2856 1036 2885 non
1060 2847 1238 2887 Cenchris.
1265 2848 1344 2886 Sta-

294 2890 364 2926 tius
384 2889 505 2927 Theb.
528 2902 583 2927 rv.
601 2903 686 2938 429.

575 2953 634 2990 ubi
653 2953 781 2991 limina
798 2957 917 3003 patrui

346 3002 496 3052 Effitgit‚
524 3003 628 3053 inque
648 3018 759 3041 novae
783 3006 903 3043 melier
921 3007 1009 3045 redit
1029 3022 1088 3045 ora
1101 3010 1250 3050 Dianae.

290 3068 473 3106 Horatius
502 3069 562 3107 lib.
595 3082 623 3107 r.
647 3069 717 3108 Sat.
745 3082 855 3109 v11r.

348 3130 558 3168 Abdiderim
570 3133 703 3178 furtim
730 3134 828 3170 terris
850 3146 893 3173 ΟΝ
912 3134 1062 3185 imagine
1083 3138 1175 3174 cereri
1189 3166 1198 3182 ,

297 3182 355 3219 Sic
379 3183 416 3218 &
446 3183 482 3219 in
509 3183 611 3229 ostrea
639 3183 727 3221 elisit
752 3185 812 3221 lib.
840 3198 893 3222 11.
925 3187 996 3225 Sat.
1023 3200 1080 3227 11.
1120 3189 1201 3238 Ipso
1227 3189 1346 3230 versus

288 3232 405 3277 initio
427 3233 599 3282 Virgilius
621 3246 675 3272 vx.
698 3235 781 3272 280.

355 3293 532 3343 serni-jue
552 3296 786 3342 Eumenidum
807 3297 970 3341 thalami.

2263 674 2408 736 Non-'

1370 801 1449 850 Qui
1468 800 1596 850 plenus
1624 802 1760 840 horum
1776 830 1787 848 ,
1814 809 1857 841 ut
1885 801 2160 841 &¹Lucretius.
2197 800 2408 845 Siliusitalb

1371 864 1433 890 cus
1456 853 1518 890 lib.
1542 865 1630 890 xm.
1653 865 1738 902 250.

1496 908 1720 940 Conversum
1734 904 1857 953 gressus
1872 933 1881 948 ,
1908 905 2074 955 recipique
2088 914 2257 953 petentes,

1423 955 1667 1002 (Infandum)
1696 955 1886 992 excludunt
1896 957 2012 1004 socios.
2040 967 2117 993 tum
2141 956 2279 993 cardine
2298 961 2385 1010 verso*

1422 1005 1552 1042 obnixi
1570 1006 1771 1056 intorquent
1790 1006 1890 1044 obicis
1909 1007 2113 1044 munimina
2122 1008 2269 1054 ferreae.

1369 1056 1445 1094 Ubi
1468 1069 1656 1105 perperam
1677 1059 1715 1094 &
1732 1056 1835 1094 nullo
1856 1057 1955 1096 sensu
1969 1086 1980 1103 ‚
2007 1058 2112 1095 obices
2144 1059 2340 1097 munimina
2357 1061 2409 1112 se·=

1371 1122 1430 1144 rae
1450 1120 1550 1145 nunc
1569 1108 1710 1156 legitur.
1737 1106 1853 1156 poffet
1873 1118 1999 1147 tamen
2024 1111 2062 1147 ὃς
2094 1108 2196 1147 obicis
2215 1109 2343 1149 ahenae
2357 1124 2408 1162 re-⁸

1371 1159 1474 1207 poni.
1498 1158 1665 1196 Priscian.
1688 1159 1878 1207 Periegefi.

1424 1214 1546 1246 Aurea
1561 1210 1729 1259 specierur
1750 1210 1814 1246 tibi
1829 1209 2013 1261 pinguibus
2037 1210 2153 1260 insula
2171 1211 2308 1261 glareis.

1356 1259 1433 1297 ’Sic
1455 1261 1568 1298 scribo
1584 1289 1593 1305 ,
1623 1274 1707 1298 cum
1735 1263 1772 1299 in
1802 1270 2004 1300 veterrimo
2028 1263 2157 1300 codice
2177 1265 2321 1313 reginae
2331 1264 2414 1306 Sue-³

1375 1322 1506 1348 corum
1525 1313 1731 1350 invenerim
1746 1341 1755 1357 ‚
1778 1312 1914 1361 glaros:
1936 1314 2048 1363 vulgo
2067 1312 2183 1362 glebis.
2211 1315 2416 1356 Hnmsxuscl

1375 1362 1512 1399 Durius
1541 1364 1631 1400 mihi
1661 1364 1749 1402 illud
1780 1364 1895 1401 creteis
1917 1365 2063 1403 videtur
2082 1393 2092 1409 ‚
2121 1377 2244 1414 neque
2268 1366 2419 1420 Ovidiaag
2468 1387 2471 1403 r

1375 1424 1444 1451 nae
1466 1425 1582 1450 venae
1596 1429 1607 1457 ;
1632 1426 1716 1451 cum
1740 1415 1808 1453 alia
1839 1417 1930 1454 ratio
1954 1416 1993 1453 sit
2021 1417 2058 1453 in
2082 1417 2267 1454 vocabulis
2284 1419 2418 1465 aureus,-

1376 1464 1516 1513 igneus,
1545 1466 1583 1502 δε
1602 1464 1773 1504 fimilibus
1790 1467 1867 1511 ‚in
1897 1467 2029 1516 quibus
2059 1467 2119 1504 illa
2144 1468 2346 1506 coiitraerio
2362 1480 2412 1508 re-

1377 1516 1538 1563 peritur,
1565 1515 1627 1554 sed
1655 1517 1731 1554 fere
1761 1517 1904 1566 semper
1929 1519 1965 1555 in
1998 1518 2126 1556 ultima
2169 1519 2289 1557 versus
2320 1515 2418 1565 voce,⁴⁴

1380 1566 1478 1602 cretis
1499 1578 1588 1604 vero
1601 1579 1667 1614 pro
1678 1567 1759 1605 vifis
1773 1596 1782 1612 ‚
1804 1568 2042 1606 archaismum
2066 1570 2175 1607 nimis
2195 1570 2282 1608 olet.
2293 1563 2418 1618 quani-i

1380 1617 1434 1654 vis
1454 1618 1492 1654 ὃ(
1514 1619 1551 1655 in
1573 1617 1679 1655 MSS.
1697 1619 1786 1656 illud
1798 1619 1951 1658 verbum
1965 1619 2062 1669 apud
2073 1620 2264 1660 Claudian.
2279 1618 2426 1718 1.Rapt}·
2462 1675 2464 1683 Ι

1379 1768 1457 1806 Ubi
1479 1781 1569 1806 creta
1585 1771 1702 1809 codex
1723 1773 1906 1829 antiquus,
1928 1774 2024 1811 mihi
2046 1775 2202 1812 minime
2213 1762 2427 1918 dubiumr&
2455 1776 2481 1830 Ἣ,

2452 1842 2459 1858 t

1383 1679 1463 1716 19⁷--
1483 1671 1703 1717 reppererim
1720 1683 1728 1707 ε
1748 1670 1810 1708 ubi
1834 1672 1947 1720 vulgo
1961 1699 1972 1716 ,

1507 1720 1651 1767 Qoties
1678 1721 1787 1757 oculos
1813 1721 1860 1758 ad
1886 1725 1976 1758 tecla
1997 1720 2139 1772 retorsit.

1379 1820 1491 1858 latere
1514 1833 1655 1859 nomen
1676 1835 1881 1871 proprium.
1907 1826 2102 1874 praecipue
2133 1838 2292 1863 moveor
2316 1827 2375 1875 glo

1383 1872 1651 1920 Rottorphiani
1677 1874 1837 1919 codicis,
1866 1876 2120 1924 quaenotabat
2131 1877 2175 1914 ad
2194 1877 2406 1924 hocverbuv

1383 1921 1440 1971 effe
1452 1933 1581 1959 montes
1594 1951 1603 1968 ‚
1620 1925 1680 1974 qui
1694 1925 1911 1962 circumeunt
1922 1925 2142 1974 Theffaliam.
2170 1928 2206 1964 &
2219 1926 2421 2015 {militerffi
2454 1936 2455 1942 ¹

2175 2005 2186 2022 ,
2214 1978 2225 2014 i
2269 1978 2339 2024 est,
2361 1979 2422 2027 teni}i
2464 2023 2465 2027 Ἰ

1387 1973 1529 2011 Codice
1550 1986 1601 2022 pr.
1629 1975 1806 2013 Mediceo
1829 1984 1903 2013 erat
1921 1975 2044 2013 Gloffa
2067 1988 2148 2014 crett

1386 2037 1444 2061 rae
1463 2023 1569 2062 illius.
1598 2027 1847 2073 cogitaveram
1876 2027 2052 2075 quidem:

2466 1445 2471 1464 i

2466 1484 2471 1520 i

1440 2075 1613 2125 Despicit;
1645 2078 1778 2113 Oetaeis
1800 2077 1988 2126 regionibus
2010 2077 2159 2127 applicat
2181 2092 2322 2128 angues.
2388 2084 2420 2110 Ἀ
2465 2072 2469 2111 2

1390 2127 1490 2164 Nam
1511 2127 1694 2165 notiffima
1713 2128 1771 2165 illa
1792 2130 1892 2177 regio
1914 2128 1958 2166 ad
1981 2129 2119 2166 Oetam
2133 2127 2422 2178 montenuundev
2460 2114 2467 2168 l

1392 2176 1528 2214 Οἰταῖοι
1549 2178 1606 2224 ’όρη
1627 2179 1796 2216 Straboni
1814 2180 1874 2217 lib.
1902 2182 1956 2216 1'x.
1981 2191 2062 2228 pag.
2083 2192 2168 2228 429.
2195 2181 2255 2219 sed
2268 2175 2422 2231 copulati}
2452 2170 2469 2223 3

1391 2237 1482 2278 puto
1501 2241 1578 2267 non
1600 2230 1697 2267 ret‘ie
1717 2231 1777 2268 hic
1808 2229 2011 2267 desiderari.
2038 2243 2150 2280 quare
2172 2232 2265 2270 nihil
2286 2223 2419 2274 definio.

1391 2281 1506 2316 Circes
1525 2281 1561 2318 in
1583 2281 1841 2330 Argentinenfi
1859 2291 1945 2318 erat.
1974 2283 2086 2319 Certis
2110 2284 2148 2321 in
2166 2285 2332 2333 quinque
2350 2281 2423 2322 alin.

1392 2331 1482 2368 Non
1496 2332 1590 2369 male
1605 2347 1615 2376 ;
1632 2341 1672 2370 ut
1685 2342 1775 2369 certa
1786 2332 1849 2382 offa
1863 2332 1971 2380 Epist.
1982 2345 2042 2370 vr.
2053 2346 2112 2382 90.
2123 2334 2383 2378 BuuMANNus,

1441 2394 1526 2430 225.
1555 2389 1735 2432 Otrquue
1756 2396 1799 2423 cy
1820 2384 1968 2428 Pindus,
1988 2396 2031 2423 (φ
2055 2385 2199 2435 Pincia]
2231 2376 2421 2430 Librimess
2457 2372 2474 2530 ἑ

1395 2547 1480 2573 mus
1498 2536 1606 2574 Palat.
1624 2546 1705 2575 tert.
1727 2538 1765 2574 δί
1789 2547 1906 2585 quart.
1926 2537 2102 2575 Medicei.
2132 2537 2424 2586 priorHamburg.
2461 2538 2464 2542 ’

1391 2441 1503 2482 atque
1529 2434 1670 2484 aliquot
1686 2435 1745 2472 alii
1766 2435 1924 2481 habent,
1952 2441 2135 2486 Graisque,
2162 2433 2422 2488 Pindusque‚‘o·

1394 2484 1518 2522 Pindo.
1548 2486 1706 2523 Reclius.
1735 2486 1907 2524 CioFAN.
1959 2489 2129 2535 Otrysqae
2156 2488 2352 2538 Pindusque
2364 2485 2425 2536 pri-

1397 2587 1577 2625 Arondel.
1596 2589 1704 2636 prim.
1732 2588 1832 2626 Basil.
1860 2589 2070 2638 Cantabrig.
2091 2589 2274 2639 multique
2293 2589 2359 2627 alii.
2376 2588 2426 2638 Ne

1396 2636 1544 2684 dubita,
1572 2640 1662 2688 quin
1691 2652 1786 2676 vere.
1815 2640 1961 2678 Hfims.
2390 2639 2393 2642 ’

1449 2691 1534 2727 226.
1563 2689 1719 2726 placitas
1741 2691 1856 2727 radice
1876 2691 2058 2742 revellis]

1396 2741 1459 2778 tic.
1479 2740 1655 2779 secundus
1685 2742 1900 2787 Mediceus,
1930 2744 2060 2781 Oxon.
2079 2744 2115 2780 δε
2137 2752 2208 2782 tres
2229 2744 2299 2782 alii.
2323 2738 2426 2780 revel·

1397 2792 1439 2830 lit
1459 2803 1543 2829 cum
1566 2792 1696 2840 placita
1712 2793 1844 2831 radice.
1874 2794 1993 2832 IDEM.

1451 2854 1535 2887 227.
1564 2844 1784 2880 Curvamine
1806 2844 1913 2891 falcis
1930 2845 2097 2896 ahenae.]
2126 2846 2271 2895 Signate
2289 2842 2428 2884 dicstum,¹

1399 2895 1579 2942 quoniam
1602 2893 1792 2932 senecintis
1815 2897 1988 2934 morbum
2013 2897 2160 2935 volebat
2189 2898 2340 2945 exigere.
2356 2893 2427 2940 lege
2456 2887 2461 2964 3

1402 2945 1571 2982 Macrob.
1593 2958 1625 2992 ς.
1644 2945 1784 2983 Saturn.
1808 2959 1862 2993 ις).
1914 2948 2205 2985 Cous-munus
2234 2948 2428 2984 Fanensis.
2455 2970 2459 3040 i

1404 2996 1574 3032 Imitatur
1603 2997 1676 3032 hoc
1701 2996 1789 3034 ioco
1814 2997 2008 3046 Virgilium
2029 3003 2152 3047 poe'ta.
2205 2999 2300 3035 Nam
2320 2991 2428 3032 &ille

1404 3045 1450 3082 de
1472 3046 1624 3082 Didone
1643 3046 1777 3084 eodem
1800 3049 1918 3085 modo
1937 3050 2078 3098 inquit,
2096 3050 2154 3087 lib.
2177 3061 2229 3086 iv.
2249 3058 2328 3097 5¹3·

1458 3096 1619 3132 Pultibus
1640 3108 1683 3135 ω’
1703 3100 1821 3147 meffize
1841 3100 1889 3135 ad
1908 3106 2044 3137 Lunam
2062 3109 2278 3148 quaeruntur
2299 3092 2408 3134 abent}
2455 3074 2459 3146 3

1452 3146 1621 3184 pubentes
1645 3147 1768 3185 herbae
1787 3150 1877 3193 niori
1906 3164 1983 3187 cum
2003 3151 2089 3186 lacre
2109 3150 2258 3194 veneni,
2286 3150 2353 3185 &Q

1403 3197 1518 3246 Cujus
1541 3199 1592 3235 rei
1614 3191 2052 3247 exemplummacrobius
2065 3200 2220 3238 ostendit
2239 3211 2281 3237 ex
2299 3198 2430 3234 Graeco
2454 3208 2457 3242 .j

1404 3248 1589 3296 Sophocle
1611 3260 1803 3298 acceptum
1824 3251 1894 3289 effe
1909 3280 1919 3295 ,
1946 3252 2008 3300 qui
2032 3253 2069 3288 &
2091 3252 2162 3299 ipse
2182 3250 2352 3288 Medeam
2370 3244 2432 3282 fins-
2454 3259 2456 3265 ·

1390 3299 1456 3353 ‘git
1482 3299 1587 3339 nudis
1609 3301 1760 3351 pedibus
1780 3304 1818 3341 ὃς
1840 3302 1964 3346 ahenis
1991 3302 2140 3344 falcibus
2158 3298 2332 3341 maleficas
2356 3297 2435 3385 hg}
2454 3336 2455 3341 ,

2089 2691 2229 2729 placita
2249 2692 2350 2741 prim.
2361 2687 2427 2727 Va·
2458 2638 2462 2732 3

2461 2240 2470 2272 l.

2462 2272 2468 2282 Ι
