2483 3616
327 197 1553 261 METAMORPHOSEON
1625 204 1919 264 L1B.VIII.
2081 227 2180 283 559

6 341 8 367 l
43 322 146 376 rat}
181 321 305 366 tertio
316 319 521 381 stipendio
543 313 747 378 Thestius,
781 315 799 342 Β
821 319 950 380 AEgei
971 319 1025 371 δέ
1049 321 1240 368 AEthrae
1251 322 1402 383 filius,
1436 323 1482 367 in
1506 319 1688 383 insulam
1712 323 1889 369 Cretam
1924 330 1938 348 ⁰
1953 325 2146 376 devotius
2162 363 2178 387 ,

6 375 7 387 ¹
48 379 64 409 ἢ
97 384 322 432 Ariadnae
343 384 509 432 Mnus
531 381 585 434 ἔθ’
611 381 848 444 Pastphac's
855 385 1009 444 filiae,
1045 390 1062 410 ⁶
1084 401 1190 447 quae
1207 386 1522 447 pulchritudine
1541 387 1629 447 ejus
1643 386 1888 447 exarserat,
1911 405 2049 435 amore
2065 397 2180 450 peri-

6 453 7 498 }
39 451 176 498 'culum
200 449 351 508 capitis
377 445 538 508 cffugit.
603 447 861 510 Digrediens
905 452 1046 510 itaque
1061 451 1259 499 Athenas
1282 467 1374 499 cum
1394 453 1559 513 virgine
1581 450 1784 498 ‘abducta
1798 485 1813 510 ,
1850 457 1868 484 Β
1891 464 1939 498 ut
1952 455 2092 500 Diam
2114 460 2179 502 iu-

5 518 8 563 ἑ
28 513 172 577 siclam
195 514 389 578 contigit,
423 508 440 534 ¹³
464 512 672 558 Liberum
696 524 866 573 patrem
891 514 1043 561 habuit
1065 517 1111 562 in
1132 519 1284 563 malis:
1319 515 1526 577 desertam
1548 520 1657 563 enim
1681 518 1709 562 a
1736 515 1888 577 Theseo
1910 520 1997 579 fibi
2018 523 2180 579 copula—

40 582 110 627 vit
129 579 279 634 Deus,
314 582 323 600 ¹
343 586 469 638 utque
479 576 557 638 sici
579 580 622 624 in
646 594 738 624 eam
759 582 916 626 amoris
950 583 1152 629 memoria
1186 580 1424 644 exfisteret‚
1459 597 1650 629 coronam
1674 583 1834 629 nomine
1854 582 1940 643 ejus
1964 584 2009 629 in
2033 586 2181 631 coelum

41 644 272 693 transtulit.

328 770 560 913 VOta
585 771 700 837 iovi
733 773 919 828 Minos
948 785 1223 830 taurorum
1250 793 1479 849 corpora
1508 789 1728 833 centum

453 845 652 909 Solvit,
689 858 750 900 ut
780 846 1009 919 egressus
1035 848 1231 903 ratibus
1259 848 1518 905 Curetida
1548 863 1747 905 terram

5 1323 7 1339 ¹
37 1315 139 1360 nuit,
165 1315 293 1354 Nisum
327 1318 465 1369 ubique
498 1319 663 1368 persequi
694 1320 852 1369 Scyllam
876 1348 886 1364 ,
927 1320 965 1359 id
985 1320 1085 1359 idem

38 1363 98 1403 ille
115 1365 219 1404 latius
241 1368 399 1417 explicat
420 1370 474 1408 his
497 1369 674 1408 versibus:

85 1444 303 1493 Qacunque
325 1444 388 1481 illa
413 1444 524 1484 levem
554 1444 689 1494 fugiens
712 1447 806 1494 ficat
837 1448 920 1484 a‘efra
942 1444 1084 1496 pennis,

84 1498 168 1531 Ecce
186 1495 350 1532 inimicus
370 1506 473 1534 atrox
490 1526 500 1542 ‚
530 1509 653 1545 magno
667 1497 815 1544 stridore
833 1506 890 1547 per
911 1509 1017 1535 auras

84 1544 282 1594 Insequitur
302 1547 409 1595 Nisus
424 1564 435 1584 .·
465 1547 538 1597 qua
555 1549 593 1596 se
605 1549 680 1593 fert
704 1548 808 1597 Nisus
824 1547 871 1584 ad
896 1562 1001 1585 auras
1015 1577 1026 1594 ,

4 1613 7 1637 i
84 1594 153 1632 illa
173 1595 286 1634 levem
297 1597 438 1646 fugiens
456 1599 587 1647 raptim
602 1598 698 1646 secat
721 1599 862 1635 aethera
877 1599 1011 1649 pennis.

32 1676 213 1714 chru..
242 1678 352 1726 Quae
375 1687 498 1717 autem
517 1679 562 1718 de
582 1680 673 1718 Niso
702 1680 741 1717 &
759 1680 855 1718 urbis
874 1681 1084 1729 captivitate

36 1724 59 1765 a
88 1731 200 1776 poeta
226 1739 513 1775 memorantur,
536 1730 767 1780 Megarenses
806 1731 868 1779 (ut
893 1731 1080 1770 Pausanias

39 1778 178 1826 1cribit)
211 1790 299 1817 vera
326 1778 429 1818 fuisse
450 1789 595 1830 negant.
648 1781 793 1820 Nolunt
827 1783 928 1820 enim
966 1783 1007 1819 iis
1034 1783 1087 1820 as-

39 1827 189 1872 sentiri,
223 1830 287 1880 qui
316 1831 445 1869 urbem
482 1833 579 1870 suam
612 1832 703 1870 Niso
735 1840 909 1881 regnante
940 1842 1083 1881 captam

36 1877 138 1917 fuiffe
156 1880 271 1929 ajunt.
323 1881 394 1920 Sed
417 1883 634 1931 Megareum
665 1881 743 1921 Nifi
767 1894 945 1931 generum
968 1885 1005 1921 in
1027 1896 1084 1922 re-

34 1940 148 1978 gnum
169 1930 385 1977 succeffiffe,
413 1933 452 1969 ὃς
470 1933 640 1982 deinceps
661 1934 887 1971 Alcathoum
910 1934 1079 1983 Megarei

37 1979 153 2018 filium
194 1980 362 2021 afferunt.
415 1983 572 2022 Videtur
609 1984 761 2033 quidem
797 1985 999 2023 Alcathous
1037 1998 1084 2024 eo

37 2037 209 2079 tempore
232 2044 277 2070 ex
298 2034 403 2073 Elide
421 2033 558 2072 veniffe
572 2064 581 2079 ‚
608 2036 751 2084 inquit,
772 2047 849 2084 quo
865 2036 969 2074 Nisus
985 2048 1086 2075 mor—

35 2088 120 2119 tuus
149 2082 197 2119 est
218 2109 229 2124 ‚
266 2084 537 2132 Megarensium
567 2087 671 2124 rebus
699 2086 866 2124 afflictis:
903 2088 1006 2135 cujus
1032 2089 1084 2125 rei

38 2140 298 2179 argumentum
334 2135 381 2172 est
401 2164 411 2181 ,
450 2135 553 2184 quod
591 2137 707 2174 statim
738 2149 887 2174 murum
914 2137 1085 2176 aedifica-

39 2183 118 2269 ἷζπ,
153 2182 257 2230 quod
286 2192 389 2223 vetus
411 2187 490 2235 jam
521 2187 658 2226 dirutus
685 2186 770 2226 esset
800 2186 820 2224 a
841 2188 1083 2228 Cretensibus.

81 2243 208 2269 rems.

97 2295 181 2330 151.
210 2288 247 2320 A
267 2285 398 2336 tonfii.]
452 2292 491 2324 A
514 2298 608 2339 rapto
635 2302 728 2328 unus
749 2290 891 2330 Medic.
917 2290 962 2328 ah
988 2300 1084 2342 rapto

42 2332 152 2372 Palat.
173 2347 278 2373 unus.

91 2392 106 2410 a
133 2386 343 2434 antanm's.
366 2387 380 2437 ]
438 2389 491 2427 Ita
518 2390 669 2438 quidem
700 2393 737 2429 &
768 2393 940 2442 Hyginus
960 2395 1087 2443 Myth.

46 2445 122 2483 cap.
149 2448 208 2482 41.
231 2438 268 2474 &
298 2438 358 2475 alii
386 2440 555 2478 nonnulli
586 2441 748 2478 voluere.
803 2447 853 2480 At
886 2444 984 2480 Naso
1015 2457 1090 2482 vn.

45 2485 140 2524 Met.
158 2487 214 2529 fils.
240 2499 321 2533 171.
345 2501 450 2527 nono
474 2503 626 2540 quoque
649 2503 746 2528 anno
766 2491 926 2530 solutum
947 2493 1028 2531 vult
1049 2494 1089 2532 id

45 2535 217 2575 tributum
240 2539 283 2576 ab
301 2538 597 2578 Atheniensibus.
651 2543 777 2589 Quam
809 2543 1024 2580 sententiam
1044 2544 1086 2585 ,ὃς

45 2584 251 2626 Plutarchus
278 2590 509 2639 amplectitur
538 2592 576 2628 in
610 2590 760 2630 Theseo
781 2619 792 2636 ‚
820 2594 858 2631 ὃς
879 2592 898 2631 a
921 2593 1084 2641 plurimis

43 2645 211 2682 ‚veterum
233 2638 332 2678 afferi
355 2642 418 2679 ait.
457 2643 679 2680 MUNCKER.

94 2686 112 2714 b
137 2690 283 2740 Aegei.]
312 2692 417 2741 Aegei
436 2692 521 2741 regis
541 2693 681 2730 Colon.

43 2771 55 2794 .·
90 2746 106 2765 ‘²
133 2742 348 2792 Devectus]
377 2743 555 2780 Deductus
574 2752 670 2793 opera
693 2749 762 2782 Ar.
775 2745 912 2783 Colon.
932 2745 971 2783 &
992 2756 1084 2783 mox

46 2801 158 2827 amore
178 2801 330 2831 omittlt.

93 2838 111 2866 d
138 2842 359 2893 Ariadnae]
388 2845 567 2883 Ariadnes
587 2847 703 2884 Raen.
724 2847 762 2884 &
784 2847 867 2884 Col.

4 2929 5 2934 ¹
94 2897 112 2917 e
138 2894 240 2938 Qae
253 2893 546 2945 pulchritudine.]
584 2900 684 2944 §guae
704 2899 774 2946 ejus
795 2897 968 2946 exarserat
985 2911 1083 2934 amo-

3 2955 5 2957 ·
46 2939 102 2986 re,
118 2943 310 2990 periculum
340 2945 455 2983 Raen.
507 2949 608 2995 Qae
636 2949 674 2984 in
694 2947 991 2996 pulchritudinem
1011 2950 1082 2998 ejus

0 2997 2 3006 ²
49 2992 241 3040 exarserat,
263 2994 455 3043 periculum
472 2998 595 3034 mortis
617 2997 725 3049 evasit
749 2999 886 3037 Colon.

95 3040 112 3067 f
135 3043 339 3094 Abducta]
369 3046 537 3083 Adducta
560 3049 677 3086 Parm.

45 3142 50 3146 Ι
96 3099 114 3127 g
140 3098 184 3130 Ut
194 3095 344 3146 Diam]
375 3102 416 3132 In
437 3097 546 3133 Diam
564 3098 629 3145 infi
638 3099 792 3150 appulit,
818 3099 1081 3152 ‘ibiqueAriad-

0 3131 7 3190 i
47 3154 116 3179 nen
132 3143 354 3182 dormientem
371 3146 451 3184 inde
462 3147 603 3195 solvens
620 3151 773 3201 reliquit.
826 3152 1007 3199 Desertam
1017 3166 1083 3190 au-

0 3201 7 3239 i
47 3201 118 3228 tem
137 3191 163 3228 αὶ
180 3194 247 3248 ,Τὰ
270 3195 366 3233 Liber
379 3206 478 3246 pater
486 3195 555 3246 fibi
573 3200 757 3247 copulavit.
787 3201 943 3240 Raener.

0 3243 7 3314 ¹¹
98 3240 118 3267 h
144 3242 303 3280 Liberum
324 3249 501 3297 Patrem.]
524 3248 582 3286 Sic
600 3249 751 3297 quidem
771 3251 879 3288 MSS.
899 3264 983 3290 cum
1004 3254 1083 3290 Ve-

3 3339 7 3358 l

0 3359 6 3399 i

3 3317 7 3330 ι,
50 3298 145 3328 neta.
158 3292 298 3331 Plenius
317 3296 528 3346 Micylliana
545 3326 555 3342 ‚
583 3309 623 3335 ut
640 3298 751 3335 Diam
769 3299 923 3346 insulam
944 3302 1084 3349 contigit

48 3352 131 3428 eamr
145 3341 300 3432 deferZi't.
350 3348 451 3396 Qae
465 3348 535 3399 post
555 3348 685 3387 multas
707 3347 904 3398 lachrymas
921 3350 1083 3389 Liberum

128 3404 195 3432 om.
261 3421 270 3431 .

38 1263 136 1302 'varie
155 1265 336 1305 coloratis.
385 1267 433 1306 Et
462 1268 565 1318 quod
591 1268 653 1306 hic
685 1269 845 1308 Ovidius
871 1269 1003 1307 leviter
1032 1271 1088 1308 in-

326 917 609 989 Contigit3
653 918 706 972 &
731 919 906 992 spoliis
933 919 1184 975 decorata
1207 922 1281 975 est
1304 923 1448 992 regia
1473 922 1604 977 fixis,

185 1007 279 1059 155
318 989 580 1046 Creverat
605 993 954 1064 opprobrium
982 993 1222 1063 generis:
1260 994 1591 1067 foedumque
1615 996 1828 1066 patebat

329 1062 523 1119 Matris
550 1064 870 1120 adulterium
898 1065 1120 1120 monstri
1144 1066 1383 1122 novitate
1414 1067 1669 1122 biformiS.

2011 1144 2186 1202 Desti-

1139 1278 1276 1320 patrem
1305 1271 1343 1308 in
1367 1271 1471 1309 malis
1506 1271 1629 1308 habuit
1656 1267 1862 1319 adjutorem.
1891 1270 2085 1320 desertam,
2112 1284 2184 1315 (γεα

1145 1323 1410 1361 Μυκεκειωε.
1435 1323 1488 1360 Ita
1507 1323 1545 1360 δε
1577 1322 1716 1360 Colon.
1746 1320 1814 1375 nisi
1839 1323 1943 1370 quod
1972 1323 2101 1362 Chiam
2120 1327 2186 1365 ha-

1144 1372 1238 1411 beat.

1192 1422 1203 1451 i
1230 1429 1340 1474 thue
1350 1423 1447 1474 sui.]
1477 1424 1650 1461 Memoria
1663 1434 1702 1461 ut
1719 1422 1846 1460 amoris
1865 1424 2015 1471 existeret
2029 1442 2039 1462 .·
2066 1439 2186 1465 corona

1145 1474 1185 1512 in
1205 1476 1342 1512 nomine
1361 1476 1431 1525 ejus
1452 1475 1543 1512 inter
1564 1475 1690 1524 sydera
1721 1475 1776 1522 est.
1798 1475 1916 1512 Parin.
1945 1476 2064 1525 Lugd.
2089 1490 2186 1527 quae

1142 1526 1294 1571 vitiose,
1322 1527 1488 1564 memoria
1510 1536 1550 1563 ut
1570 1526 1750 1571 memoris,
1779 1527 1852 1563 δίς.
1905 1530 1952 1562 Et
1969 1538 2008 1563 ut
2022 1529 2187 1566 memoria

1146 1577 1274 1613 amoris
1294 1577 1445 1624 existeret
1464 1606 1474 1621 ,
1504 1590 1662 1613 coronam
1698 1576 1834 1614 nomine
1861 1577 1932 1622 ejus
1962 1577 2053 1614 inter
2071 1578 2188 1626 fidera

1149 1627 1337 1664 collocavit.
1363 1628 1506 1677 Micyll.
1560 1633 1670 1678 thue
1687 1627 1719 1676 s
1745 1628 1768 1664 i.
1795 1641 1821 1664 e.
1848 1640 1881 1663 a.
1909 1641 1956 1664 m.
1975 1641 2027 1666 ex.
2055 1631 2125 1678 ejus
2138 1643 2190 1667 co-

1147 1692 1268 1715 ronam
1290 1679 1327 1714 in
1347 1678 1478 1715 caelum
1500 1678 1677 1724 transtulit
1706 1679 1821 1715 Raen.
1852 1689 1895 1716 (θ’
1921 1678 1959 1714 ob
1982 1680 2188 1717 memoriam

1147 1730 1217 1777 ejus
1238 1729 1365 1766 amoris
1385 1743 1542 1766 coronam
1569 1729 1593 1765 a
1612 1729 1715 1778 capite
1735 1730 1805 1777 ejus
1817 1728 1999 1778 sumptam
2022 1729 2113 1767 inter
2128 1733 2189 1780 sy-

1142 1780 1223 1816 clera
1236 1780 1416 1817 collocavit
1428 1808 1438 1826 ,
1463 1780 1600 1818 Colon.

1197 1844 1274 1879 152.
1303 1837 1495 1868 Taurorum
1510 1831 1682 1880 sanguine
1705 1841 1842 1868 centum
1856 1830 2009 1880 Solvit.]
2041 1832 2080 1869 ln
2095 1833 2190 1872 Cae-

1142 1881 1215 1919 lest.
1239 1883 1433 1920 Dominic.
1462 1883 1500 1920 &
1531 1894 1608 1920 uno
1639 1882 1768 1920 Maffei
1791 1910 1802 1926 ‚
1831 1887 2025 1919 Taurorum
2054 1893 2188 1932 corpora

1139 1944 1276 1969 centum
1295 1933 1418 1971 Solvit.
1471 1933 1588 1981 Quod
1616 1933 1757 1971 dietum
1786 1932 1834 1971 est
1856 1962 1866 1978 ,
1895 1931 1920 1969 fi
1948 1934 1998 1971 ita
2027 1933 2189 1983 legatur,

1140 1995 1203 2031 per
1221 1984 1490 2033 appositionem
1508 2011 1518 2026 ‚
1547 1992 1587 2021 ut
1607 1984 1850 2021 Grammatici
1875 1993 2021 2021 vocant.
2051 1996 2188 2022 centum

1140 2045 1346 2071 taurorum:
1376 2032 1522 2072 fortaffe
1542 2035 1589 2072 est
1607 2047 1782 2072 numerus
1801 2033 1922 2071 finitus
1942 2046 2008 2082 pro
2029 2035 2186 2074 infinito.

1142 2085 1362 2124 CIOFANUS.
1416 2092 1501 2122 Vota
1517 2096 1698 2121 taurorum
1722 2094 1852 2133 corpora
1865 2084 2025 2121 Florent.
2040 2085 2073 2121 S.
2088 2087 2187 2123 Mar—

1142 2137 1197 2179 ci,
1211 2138 1368 2185 Neapol.
1388 2136 1457 2174 sec.
1479 2136 1616 2173 Medic.
1638 2135 1853 2183 Bernegger.
1873 2135 1972 2181 prior
1984 2136 2188 2185 Hamburg.

1142 2187 1348 2236 Cantabrig.
1370 2187 1504 2236 aliique
1527 2187 1744 2234 complures.
1772 2185 1926 2240 optime.
1946 2184 1990 2221 de
2006 2197 2081 2233 quo
2093 2187 2187 2224 alibi.

1139 2238 1216 2275 voti
1245 2238 1345 2275 boves
1372 2248 1509 2275 centum
1538 2237 1634 2286 apud
1661 2237 1816 2275 Livium
1842 2234 1902 2271 lib.
1919 2246 2078 2273 xxvxrr.
2108 2249 2186 2285 cap.

1144 2289 1203 2338 38.
1254 2300 1378 2327 votum
1423 2290 1657 2327 viciimarum
1702 2286 1907 2336 sanguinem
1946 2285 2076 2340 Noster
2112 2287 2186 2325 hoc

1139 2340 1219 2388 ipso
1251 2340 1344 2378 libro
1364 2341 1457 2378 infra
1483 2343 1568 2389 265.
1597 2340 1620 2377 l.
1638 2351 1710 2375 vn.
1729 2337 1785 2381 ybs.
1811 2337 1893 2375 162.
1922 2335 2071 2372 victzma
2090 2348 2187 2376 vota.

1141 2401 1227 2427 vota
1240 2392 1344 2439 sacra
1370 2391 1432 2429 lib.
1456 2403 1509 2428 ix.
1535 2391 1616 2438 136.
1642 2390 1701 2426 lib.
1723 2400 1759 2424 x.
1788 2387 1845 2424 3813.
1867 2388 1950 2434 694.
1970 2398 2015 2424 ex
2035 2388 2186 2436 optimis

1143 2441 1330 2480 codicibus
1363 2451 1448 2479 vota
1469 2439 1674 2488 stmulacra.
1711 2436 1853 2473 delubra
1880 2447 1966 2474 vota
1993 2437 2054 2475 lib.
2075 2451 2186 2477 xttr.

1143 2492 1226 2539 634.
1241 2503 1286 2529 ex
1306 2491 1539 2529 membranis.
1568 2501 1713 2524 munera
1730 2498 1835 2530 vota,
1864 2487 1998 2525 Amor.
2018 2500 2062 2526 11.
2084 2489 2186 2537 Eleg.

1142 2552 1233 2577 xiii.
1279 2542 1318 2578 &
1358 2538 1495 2579 eodem
1526 2538 1620 2578 libro
1661 2538 1766 2586 Eleg.
1800 2549 1939 2577 xvur.
1977 2548 2064 2576 vota
2097 2539 2185 2589 lyra.

1142 2591 1355 2630 Hmnsms.

1194 2654 1274 2692 153.
1302 2649 1344 2679 Ut
1363 2642 1510 2692 egressas.
1535 2642 1551 2693 ]
1607 2642 1690 2680 Lib.
1722 2642 1841 2680 Brian.
1864 2642 2020 2681 Domin.
2039 2643 2125 2680 Vat.
2147 2644 2187 2681 &

1142 2693 1230 2731 Stat.
1250 2706 1294 2734 (9·
1316 2694 1463 2743 egreſjus.
1494 2696 1711 2732 CIOFANus.
1766 2699 1810 2729 Ut
1831 2693 1968 2741 egressus
1985 2705 2070 2731 cum
2090 2706 2187 2732 non-

1139 2745 1246 2782 nullis
1270 2745 1468 2783 codicibus.
1522 2744 1672 2782 Deinde
1695 2772 1705 2789 ,
1735 2744 1904 2780 Curetida
1926 2754 2058 2781 terram
2079 2754 2187 2782 vetu-

1140 2796 1263 2833 stiores
1286 2808 1424 2845 magno
1442 2808 1614 2834 numero.
1642 2796 1798 2844 optime.
1827 2795 1926 2832 Nam
1947 2795 2186 2831 Curetisterra

1140 2846 1236 2884 dista
1265 2844 1465 2896 antiquitus
1501 2846 1610 2885 Creta
1632 2874 1642 2890 ‚
1688 2846 1776 2884 teste
1797 2845 1917 2883 Plinio
1937 2845 1998 2882 lib.
2020 2857 2092 2900 iv..
2109 2856 2185 2892 cap.

1137 2910 1190 2935 12.
1218 2898 1347 2935 Solino
1368 2898 1571 2947 quoque&
1589 2898 1782 2935 Marciano
1809 2896 1991 2944 Capellae.
2014 2906 2179 2941 annonas

1138 2954 1311 2985 Curetum
1332 2962 1409 2985 oras
1428 2956 1539 2987 vocat
1560 2948 1710 2986 Cretam
1732 2948 1906 2994 Virgilius
1927 2947 1986 2983 lib.
2010 2957 2072 2999 131.
2102 2954 2184 2998 131.

1136 3000 1198 3038 ubi
1221 3012 1255 3036 v.
1280 2999 1436 3037 Servius.
1462 3000 1550 3037 hinc
1570 2999 1734 3036 Curetica
1753 3001 1842 3035 tecta
1862 2995 1957 3045 apud
1979 2992 2178 3032 Siliumlib.

1139 3063 1200 3088 xv.
1225 3062 1309 3099 307.
1336 3062 1423 3088 nam
1458 3050 1562 3100 quod
1593 3051 1631 3088 in
1664 3050 1741 3087 Ciri
1771 3048 1968 3096 Virgiliana
1998 3049 2181 3090 reponunt

1137 3101 1294 3150 Scaliger
1316 3102 1355 3138 δε
1375 3101 1606 3139 Contarenus
1626 3101 1713 3138 Var.
1726 3098 1831 3136 Lecst.
1851 3110 1880 3135 c.
1895 3096 1927 3132 8.

1187 3151 1420 3201 Carpathium
1431 3152 1570 3200 fugiens
1590 3162 1633 3190 (φ
1649 3149 1804 3199 flumina
1826 3153 1980 3184 Curetea.
2047 3193 2054 3199 -
2135 3194 2140 3199 ¹

1137 3214 1204 3250 pro
1233 3209 1436 3239 Caerataea.
1465 3214 1542 3239 non
1556 3199 1735 3237 affentior.
1762 3199 1820 3234 Sic
1838 3194 1931 3242 apud
1946 3192 2182 3243 Mart1a1.11b;

1138 3264 1190 3289 ix·
1212 3264 1272 3289 21.
1298 3251 1396 3288 reete
1430 3252 1499 3288 viri
1521 3250 1622 3287 doru
1649 3261 1694 3286 ex
1716 3247 1819 3284 MSS.
1841 3243 2053 3293 reposuere:

1486 3305 1626 3336 Curetes
1645 3308 1756 3333 texere
1777 3295 1921 3340 Jovem.

1140 3350 1259 3399 Vetus
1273 3349 1484 3390 Scholiastes
1504 3349 1549 3388 ad
1560 3349 1618 3387 illa
1632 3346 1848 3434 {aglssrgachi
1870 3345 1908 3384 H
1914 3356 2030 3395 ymno
2039 3346 2078 3385 in
2091 3346 2180 3385 Dia-

1601 3411 1604 3415 ·
1745 3440 1762 3445 A
2075 3409 2160 3436 nam
2173 3424 2183 3445 2
