2483 3616
349 160 1794 228 METAMORPHOSEON'Lm,

1879 172 1960 232 HL
2081 194 2175 247 195

342 267 491 337 Ergo
516 263 631 325 ubi,
670 272 882 332 captato
907 260 1152 315 sermone
1171 300 1184 322 ‚
1226 259 1426 332 diuque
1453 260 1758 334 loquendO,

200 340 306 395 280
344 339 434 393 Ad
458 352 659 391 nomen
683 350 877 387 venere
893 332 1070 403 Jovis;
1111 332 1351 404 suspirat:
1396 332 1479 396 δε,
1517 333 1720 406 Optem

336 408 580 481 Juppiter
603 420 662 460 ut
688 405 778 470 fit,
818 406 915 459 ait:
956 417 1142 459 metuo
1173 418 1352 460 tamen
1377 406 1569 461 onmia.
1607 407 1761 461 multi

339 480 573 536 Nomine
594 479 865 533 Divorum
887 478 1145 532 thalamos
1173 477 1377 533 subiere
1401 479 1642 550 pudicos,

333 554 451 608 Nec
477 565 655 606 tamen
682 551 784 606 effe
803 550 951 621 Jovis
973 551 1089 604 satis
1113 549 1211 604 est:
1253 550 1347 604 det
1369 553 1560 623 pignus
1586 553 1809 614 amoris;

339 625 393 681 Si
416 623 583 679 modo
609 642 765 680 verus
789 625 831 678 is
855 623 954 678 est:
996 636 1355 697 quantusque,
1393 625 1449 678 δε
1474 624 1639 698 qualis
1663 624 1726 679 ab
1752 625 1854 679 alt-21

102 813 306 862 Ditisaeopem
320 838 330 856 ,
356 823 395 847 ac
408 810 516 858 furvi
537 809 748 847 clamantem
770 809 918 846 numina
941 809 1046 857 regni.

50 863 153 910 {saevi
172 863 264 912 regni
280 873 468 911 perperam
490 861 630 909 legitur.
651 860 785 897 eodem
805 860 896 898 libro
911 887 921 904 ‚
950 870 1031 907 594.

228 914 347 949 Subter
359 913 445 962 juga
467 925 618 948 concava
640 922 775 962 torquet

102 969 194 1002 Ater
214 977 323 1014 aquas
341 963 501 999 Acheron
514 989 526 1006 ,
552 961 712 1013 vastoque
730 961 887 998 exundat
907 958 1011 996 hiatu

104 1022 262 1064 Spumeus
277 1043 287 1059 ‚
301 1026 344 1054 ω’
355 1012 476 1061 furvei
490 1013 651 1062 sequitur
669 1012 808 1061 caligine
825 1019 972 1060 campus.

51 1065 163 1103 Vides
179 1066 238 1102 hic
260 1064 383 1102 denuo
396 1066 554 1110 furvam
573 1063 761 1112 caliginem.
784 1069 819 1098 at
838 1060 995 1109 vulgati:

103 1123 247 1153 Fumeus
269 1127 311 1155 ey
323 1113 438 1164 saevci
460 1113 612 1163 caligine.

49 1166 177 1204 Minus
194 1166 298 1203 bene.
324 1165 503 1202 Putabam
525 1164 645 1201 eidem
656 1162 806 1200 Valerio
825 1162 922 1199 hanc
944 1171 1080 1199 vocem

49 1229 202 1266 quoque
223 1215 445 1253 reddendam
466 1216 525 1252 lib.
550 1228 584 1251 v.
606 1225 690 1262 413.

100 1273 157 1304 At
179 1267 282 1304 medii
295 1276 355 1315 per
375 1277 468 1313 terga
481 1265 572 1312 senis
590 1265 681 1313 rapit
702 1262 764 1312 ipfie
783 1262 928 1299 nitentes

103 1317 212 1354 Altus
229 1330 326 1366 equos
339 1345 349 1360 ‚
376 1329 545 1365 curvoque
565 1315 653 1351 diem
666 1313 822 1363 subtexit
845 1313 998 1364 Olympo.

51 1368 163 1406 Nune
185 1379 274 1404 vero
295 1367 403 1404 tutius
422 1377 556 1414 opinor
567 1364 674 1412 fulvo
695 1364 840 1413 reponi.
870 1376 946 1414 quo
965 1363 1081 1402 modo

50 1418 150 1456 idem
169 1417 259 1454 libro
281 1429 351 1453 vn.
378 1428 460 1465 157.

104 1481 197 1488 ·’-·“
227 1467 386 1504 Sublimis
405 1468 441 1503 in
465 1480 570 1503 auras

104 1518 250 1556 Tollitur
263 1546 274 1563 ‚
301 1530 343 1557 cy
357 1517 462 1565 fulvo
488 1524 643 1554 Venerem
662 1516 807 1565 vestigat
827 1517 979 1565 Olympo.

49 1568 314 1615 flammiferum
336 1568 519 1617 Olympum
543 1568 682 1605 dixerat
709 1568 816 1605 initio
851 1567 979 1615 operis.
998 1568 1083 1614 fur-

49 1633 138 1656 vam
159 1631 308 1669 quoque
322 1618 474 1668 fizepiam
495 1618 602 1655 habes
623 1617 719 1666 apud
746 1618 951 1655 Ausonium
975 1617 1084 1666 Epist.

51 1681 87 1707 v.
110 1672 147 1707 ὃς
171 1683 240 1706 vn.
265 1671 470 1716 &furvam
492 1669 625 1719 culpam
652 1667 751 1717 apud
761 1668 999 1707 Prudentium
1014 1668 1086 1705 Ca-

44 1720 241 1757 themerin'.
265 1722 421 1768 l-lymno
444 1732 471 1757 1.

101 1771 192 1817 Jam
205 1773 321 1818 furva
345 1771 439 1819 culpa
462 1770 666 1807 obdormiat.

48 1820 253 1869 Propertius
274 1821 364 1858 libro
385 1833 436 1858 iv.
460 1821 560 1869 Eleg.
586 1831 657 1858 vix.

101 1872 257 1921 Denique
277 1872 351 1921 quis
373 1872 478 1918 nostro
489 1874 646 1918 furvum
669 1882 701 1908 te
715 1872 837 1919 funere
858 1871 953 1908 vidit
966 1881 981 1911 ἒ

149 1927 283 1958 Atrum
304 1922 379 1973 quis
398 1922 559 1971 lacrymis
581 1921 795 1971 immaduiffe
816 1932 929 1970 togam
942 1932 957 1960 ,ἓ

47 1971 103 2010 Ita
122 1972 360 2010 scribendum.
388 1973 537 2021 Vulgati
556 1985 717 2010 curvum.
744 1973 863 2009 minus
884 1972 1081 2017 concinne,

48 2023 150 2072 quod
172 2024 209 2060 ὃς
239 2022 429 2061 Pass'eratio
459 2022 658 2060 videbatur.
688 2022 783 2071 apud
809 2022 970 2060 eundem
990 2024 1081 2060 libro

50 2084 104 2110 1v.
133 2074 234 2122 Eleg.
254 2074 316 2110 ult.
342 2073 539 2122 legendum
559 2084 710 2123 quoque
733 2080 881 2121 putem:

104 2128 146 2160 Te
166 2123 239 2160 licet
262 2134 416 2160 orantem
429 2126 563 2170 furvae
584 2124 664 2160 deus
684 2124 810 2159 audiat
829 2123 940 2160 aulae.

52 2172 142 2210 Non
156 2173 272 2221 fuscae
292 2174 400 2211 aulae.
422 2185 508 2210 cuin
531 2174 576 2210 de
596 2173 720 2211 inferis
741 2175 817 2210 fere
834 2173 975 2222 semper
987 2175 1083 2212 Poe-

48 2229 110 2259 tae
125 2250 135 2267 ,
158 2230 198 2258 ut
212 2224 289 2270 jain
310 2224 467 2261 vidimus
491 2252 501 2270 ,
532 2224 640 2272 fiirvi
660 2235 756 2261 voce
777 2231 936 2264 utantur.
973 2224 1020 2261 fic
1043 2227 1083 2262 ὅς

48 2271 262 2309 Prudentius
308 2273 510 2322 Hainartig.
543 2276 700 2322 fiirvum
752 2278 941 2311 Avernum
980 2275 1080 2313 dixit.

47 2322 257 2359 Marcianus
289 2323 424 2371 Capeu.
459 2325 520 2362 lib.
552 2337 578 2362 1.
607 2327 743 2372 stertum
775 2335 948 2362 tartareae
978 2327 1082 2362 nattis

48 2372 251 2421 obscuritate
284 2374 494 2422 furvescens.
521 2375 559 2411 &
585 2375 644 2412 lib.
668 2386 730 2411 .1v.
754 2377 911 2422 foemina
943 2375 1083 2413 habitus

36 2424 156 2468 ficrvi.
189 2424 227 2460 δέ
259 2423 355 2471 apud
381 2423 600 2461 Arnobium.
648 2425 854 2475 Aethiopicis
867 2426 995 2476 fhlibus
1022 2426 1082 2476 Isis

41 2474 171 2521 ficrva.
199 2473 365 2510 Tibullus
385 2474 443 2512 lib.
467 2486 511 2510 11.
536 2474 638 2522 Eleg.
659 2487 687 2511 1.

96 2523 236 2574 Postque
258 2524 357 2560 venit
378 2525 505 2560 tacitus
514 2525 637 2571 furvis
657 2525 890 2562 circumdatus
911 2526 978 2563 alis

146 2580 289 2611 Somnus
304 2603 312 2617 ‚
342 2587 384 2614 ω’
405 2575 530 2611 incerto
543 2575 681 2623 somnia
695 2576 797 2625 pigra
810 2576 904 2625 pede.

47 2625 136 2664 Non
148 2624 265 2672 fulvis
295 2625 360 2662 alis
372 2640 382 2668 ;
404 2636 489 2662 cum
502 2625 614 2672 fulva
627 2624 742 2673 sidera
774 2626 946 2674 proximo
968 2626 1081 2664 *versu

72 2674 303 2713 raecefferint.
324 2677 424 2724 pigra
455 2675 565 2712 etiam
587 2676 727 2723 fhmnia
748 2703 760 2720 ‚
797 2688 875 2713 non
896 2677 1004 2725 nigra.
1032 2688 1080 2714 ne

69 2725 97 2763 is
117 2726 217 2764 idem
250 2726 355 2763 dicat.
385 2726 485 2763 Silius
499 2726 609 2763 Italic.
631 2725 691 2763 lib.
717 2738 797 2763 111.
821 2726 905 2762 681.

96 2781 153 2813 At
173 2789 258 2826 quae
280 2776 510 2826 Carpathium
525 2777 625 2826 super
645 2790 769 2826 aequor
779 2779 878 2813 vella
895 2785 956 2826 per
975 2790 1081 2815 auras

99 2830 142 2862 In
164 2826 291 2874 Libyen
304 2827 426 2873 furvis
448 2827 613 2863 tranavit
637 2827 782 2864 concolor
803 2828 880 2864 alis.

45 2874 122 2911 Ubi
142 2876 251 2912 niveis
278 2877 343 2913 alis
363 2888 552 2924 perperam
571 2878 609 2914 8<
631 2885 757 2914 contra
779 2877 892 2914 fidem
913 2878 1082 2916 historiae

46 2934 144 2961 nunc
164 2925 302 2974 legitur.
321 2928 473 2972 furvam
493 2937 627 2975 gentem
658 2927 771 2965 Indos
801 2927 950 2965 vocavit
970 2929 1083 2975 Juve-

49 2973 134 3026 nalis
157 2974 279 3024 Satyra
302 2989 371 3013 x11.
394 2985 520 3014 contra
542 2977 637 3026 apud
656 2977 895 3015 prudentium
922 2980 1083 3017 Hamar-

49 3027 111 3069 tig.
131 3035 165 3059 v.
187 3024 270 3074 635.
283 3027 390 3073 fulvo
412 3039 478 3075 pro
492 3029 604 3074 furvo
624 3027 877 3066 scribendum:

267 3094 366 3103 ·—
395 3078 506 3114 Fulvo
520 3079 558 3127 se
576 3080 714 3115 muner'e
734 3079 843 3115 vilem

101 3123 235 3159 Vendat
257 3127 577 3177 noHicolaespurcis
599 3128 823 3178 complexibus
845 3129 937 3167 Indi.

49 3169 106 3207 Ita
125 3173 371 3213 vetustissimus
393 3179 511 3215 codex
523 3179 736 3216 Puteaneus.
764 3191 893 3217 aurum
915 3179 1085 3230 intellige.

48 3220 108 3257 sed
129 3230 350 3261 revertamur
371 3227 416 3263 ad
428 3228 628 3265 Nasonem.
661 3229 808 3267 Hems.
839 3237 961 3267 Farva
983 3233 1080 3268 nube

42 3270 95 3317 est
114 3271 152 3309 in
174 3272 343 3312 Francos.
368 3275 482 3314 Flava
503 3290 595 3316 unus
615 3278 721 3318 Leid.
735 3280 839 3328 fhsm
860 3280 947 3318 alter
960 3295 971 3324 3
985 3293 1080 3330 quae

1993 718 2055 768 55
2088 700 2180 773 Juc

1138 819 1270 847 omnes
1288 808 1464 848 lectiones
1487 809 1636 848 defendi
1656 809 1811 860 poffent.

1189 873 1272 909 275.
1309 861 1503 898 Simulavit
1532 862 1681 911 anum.]
1721 862 1769 900 Et
1800 862 1860 899 hic
1885 860 2065 911 similavit
2098 867 2181 915 qui-¹

1139 909 1234 947 dam.
1263 911 1336 948 vid.
1356 911 1447 960 supr.
1473 911 1620 959 158.s1c
1651 912 1746 960 apud
1777 912 1918 962 Hygin.
1951 914 2021 952 fab.
2051 927 2110 953 22.
2132 917 2179 953 de

1136 960 1312 1007 Junone,
1339 975 1448 998 anum
1473 963 1511 1010 se
1535 960 1736 1009 fimulavit.
1764 974 1808 1001 ex
1838 975 1914 1013 quo
1944 965 2033 1002 loco
2065 967 2179 1004 corri-

1137 1011 1276 1058 gendus
1297 1011 1506 1048 Scholiastes
1529 1012 1629 1049 Statii
1659 1013 1721 1050 lib.
1752 1025 1805 1051 1v.
1837 1015 1919 1061 446.
1947 1016 2008 1052 ubi
2032 1014 2178 1063 legitur,

1138 1073 1216 1096 cum
1238 1062 1277 1110 ft
1310 1062 1348 1098 in
1377 1076 1487 1098 anum
1519 1061 1582 1098 illa
1604 1061 1789 1111 fimilaret.
1815 1064 1876 1102 ubi
1914 1064 1973 1102 alii
1994 1066 2138 1104 codices
2165 1094 2177 1112 ,

1137 1111 1227 1148 teste
1267 1110 1484 1161 Tiliobroga
1523 1140 1533 1156 ,
1562 1110 1747 1160 simularet
1769 1141 1782 1158 ‚
1817 1114 1878 1153 sed
1908 1116 1947 1153 ὃς
1976 1116 2178 1165 abjicienda

1136 1160 1355 1210 praepofitio
1387 1163 1435 1199 in.
1472 1161 1519 1199 fic
1552 1163 1685 1200 Noster
1714 1164 1817 1213 saepe
1852 1164 1912 1203 lib.
1935 1178 1987 1203 xx.
2019 1178 2102 1215 311.
2122 1179 2177 1205 xv.

1138 1211 1227 1249 Fast.
1263 1224 1343 1260 517.
1381 1212 1429 1249 sic
1443 1211 1610 1261 simulare
1631 1215 1764 1251 virum.
1784 1215 1949 1264 Propert.
1984 1228 2036 1254 1v.
2057 1229 2093 1255 v.
2116 1229 2176 1265 29.

1137 1261 1391 1300 BURMAunus.
1928 1305 1933 1310 s

1187 1325 1272 1361 275.
1298 1314 1364 1350 Ad
1383 1323 1531 1363 tempora
1554 1314 1689 1364 canos.]
1719 1322 1762 1353 In
1782 1316 1907 1353 vertice
1928 1316 2034 1354 MSS.
2057 1316 2179 1355 mInus

1138 1362 1254 1401 bene:
1283 1363 1359 1400 ἀπὸ
1379 1368 1448 1410 ssep
1471 1369 1657 1411 κροτάφων
1677 1367 1881 1412 πελόμεσθει
1908 1370 2044 1411 πάντες
2065 1370 2178 1415 γηράς

1140 1418 1213 1451 >seca
1226 1443 1236 1459 ‚
1249 1414 1449 1452 secundum
1473 1415 1638 1452 Theocr.
1671 1416 1877 1454 BERSMAN.

1190 1465 1274 1511 276.
1301 1465 1524 1515 Sulcavitque
1545 1476 1656 1503 cutem
1679 1467 1809 1517 rugis.]
1842 1479 1886 1502 11.
1908 1467 1987 1505 Art.
2011 1467 2100 1515 2185

1188 1516 1280 1562 Jam
1301 1517 1442 1553 venient
1460 1530 1560 1566 rugae
1573 1545 1584 1563 ‚
1612 1531 1698 1568 quae
1718 1517 1782 1555 tibi
1803 1527 1916 1567 corpus
1937 1528 2050 1556 arent.

1137 1566 1185 1604 Et
1207 1580 1232 1603 1.
1253 1568 1359 1604 Pont.
1382 1579 1433 1604 iv.
1456 1580 1488 1604 2.

1189 1618 1346 1667 Jamque
1363 1631 1449 1655 meos
1470 1618 1592 1656 vultus
1619 1632 1706 1668 ruga
1731 1618 1852 1668 finilis
1871 1629 1968 1660 arat.

1140 1668 1312 1716 Virgilius
1334 1680 1406 1705 vri.
1428 1681 1512 1714 417.

1314 1723 1361 1755 Et
1373 1721 1530 1766 frontem
1551 1720 1725 1769 obscenam
1746 1720 1838 1771 rugis
1866 1730 1961 1760 arat.

1140 1768 1273 1806 Horat.
1292 1769 1411 1817 Epod.
1433 1782 1523 1806 vm.
1548 1782 1583 1808 2.

1241 1826 1334 1856 Cum
1346 1818 1398 1869 fir
1417 1820 1481 1856 tibi
1498 1821 1580 1857 dens
1600 1831 1698 1866 ater,
1727 1834 1771 1862 (φ
1791 1822 1884 1872 rugis
1902 1830 2003 1859 vetus

1243 1877 1404 1907 Frontem
1418 1872 1572 1919 senchius
1593 1883 1722 1910 exaret.

1136 1920 1249 1959 Plaut.
1266 1922 1304 1958 in
1326 1921 1457 1959 Bacch.
1516 1922 1728 1971 Consulcant
1740 1924 1909 1969 frontem.
1937 1922 2154 1963 Cxoemus:

1190 1971 1273 2017 276.
1308 1976 1352 2006 Et
1383 1985 1495 2008 curva
1527 1974 1689 2010 trementi
1722 1973 1883 2015 Adembra
1914 1972 1996 2009 tulit
2024 1973 2176 2024 greffu.]

1139 2021 1193 2058 Ita
1216 2033 1347 2058 omnes
1369 2031 1441 2059 vet.
1467 2022 1542 2059 Alii
1562 2023 1778 2071 ineptissime
1800 2025 1926 2073 legunt
1947 2052 1957 2068 ‚
2001 2036 2045 2063 (φ’
2067 2037 2178 2061 curva

1137 2073 1282 2120 rigenti,
1296 2085 1365 2111 erc.
1394 2073 1538 2110 Verum
1560 2074 1599 2110 in
1619 2074 1643 2111 s.
1661 2074 1754 2111 libris
1777 2074 1825 2111 est
1841 2073 1938 2123 paffu
1952 2102 1962 2118 ,
1975 2085 2051 2111 non
2059 2074 2178 2124 grefflc.

1139 2123 1250 2159 Cior.
1282 2122 1383 2172 Paffic
1405 2124 1534 2161 rec‘tius
1555 2131 1722 2161 veterum
1736 2124 1907 2173 plerique.
1918 2124 2077 2162 hb.x111.
2093 2136 2178 2173 533.

1315 2174 1380 2210 Ad
1398 2173 1498 2211 littus
1513 2175 1610 2225 paffu
1624 2175 1775 2225 procedit
1794 2174 1894 2212 anili.
1917 2174 1991 2223 sup.
2018 2174 2067 2211 vs.
2095 2185 2175 2222 175.

1137 2224 1352 2262 Harusrus.

1187 2277 1271 2317 2752,
1300 2276 1438 2326 Ipsaque
1458 2275 1571 2326 erat.]
1610 2276 1668 2313 Fit
1687 2275 1880 2314 Mediceus
1903 2285 1995 2311 unus
2027 2285 2072 2311 ex
2096 2285 2177 2312 me-

1134 2324 1294 2363 lioribus.
1332 2327 1436 2365 Idem
1460 2339 1574 2373 mox,
1593 2327 1747 2377 suspirat
1768 2328 1806 2364 &
1829 2332 1948 2375 Optem
1970 2353 1982 2370 ‚
2008 2336 2087 2362 non
2108 2331 2180 2376 011)-Δ

1138 2386 1182 2413 to.
1216 2378 1415 2415 Hfimsms.

1187 2427 1271 2465 282.
1310 2429 1419 2465 Iniere
1444 2427 1625 2478 pudicos.]

1136 2477 1291 2514 verbum
1315 2478 1460 2515 videtur
1487 2479 1585 2516 inire.
1612 2475 1920 2515 Francofurtenfis
1952 2477 1989 2513 δε
2011 2475 2176 2526 quinque

1136 2527 1217 2571 alii,
1236 2527 1393 2575 fiebiere,
1420 2527 1523 2576 quod
1553 2528 1668 2576 aptius
1698 2526 1838 2565 furtivis
1879 2526 2064 2564 amoribus
2087 2554 2098 2569 ‚
2135 2527 2176 2563 Sc

1134 2576 1317 2615 fallacibus
1339 2577 1504 2614 adulteris
1536 2578 1665 2615 melius
1695 2577 1884 2615 convenit.
1909 2576 2031 2614 similis
2055 2575 2178 2622 diver-⁴

1135 2625 1213 2664 sitas
1235 2627 1299 2665 inf.
1325 2627 1384 2665 lib.
1408 2640 1461 2666 IV.
1484 2628 1566 2677 328.

1355 2678 1631 2728 Thalamumque
1650 2680 1806 2716 ineamus
1824 2679 1981 2715 eumdem
1994 2705 2005 2722 ‚

1134 2727 1212 2765 Ubi
1230 2728 1302 2773 alii,
1312 2728 1513 2765 thalamum
1526 2729 1722 2778 subeamus.
1751 2728 1896 2766 Aucstor
1921 2729 2177 2776 Argumento-

1136 2790 1218 2814 rum
1240 2779 1298 2815 lib.
1319 2791 1364 2816 11.
1388 2779 1459 2816 fab.
1482 2793 1514 2827 ς.
1542 2779 1686 2829 Jupiter
1707 2793 1785 2816 cum
1798 2779 1990 2827 frustratas
2005 2778 2090 2826 suas
2112 2794 2175 2816 vo-

1136 2842 1186 2865 ces
1205 2828 1416 2878 intellexisset
1429 2858 1439 2874 ,
1466 2829 1540 2877 astu
1560 2843 1636 2867 eam
1649 2829 1771 2879 subiit.
1797 2831 1931 2866 intrare
1960 2829 2022 2866 hic
2042 2830 2178 2866 Canta-

1137 2878 1227 2928 brig.
1252 2879 1383 2917 Eum.

1188 2930 1274 2979 283.
1304 2937 1374 2967 Nec
1394 2941 1513 2968 tamen
1534 2931 1590 2980 effic
1619 2931 1750 2978 Jovem
1765 2930 1856 2979 satis
1891 2928 1973 2978 est.]

1138 2979 1235 3018 dicit.
1269 2981 1326 3018 fac
1356 2990 1397 3019 ut
1417 2993 1495 3020 non
1525 2982 1603 3019 satis
1625 2981 1689 3026 sit,
1716 2980 1818 3030 quod
1840 2979 1926 3017 dicit
1956 2979 1990 3016 se
2012 2976 2082 3014 effe
2110 2978 2176 3032 Jo-

1136 3042 1249 3078 vem,
1276 3031 1381 3069 multi
1401 3033 1500 3070 enim
1524 3032 1571 3069 sic
1594 3044 1660 3070 nos
1683 3032 1868 3080 decipiunt
1893 3058 1904 3075 ‚
1936 3029 2174 3084 sed-omnino

1138 3094 1222 3119 cura
1257 3111 1267 3127 ‚
1303 3090 1344 3119 ut
1382 3082 1442 3120 det
1484 3084 1635 3120 Amoris
1677 3083 1819 3119 donum
1861 3082 1954 3126 Jove
1986 3086 2137 3126 dignum
2160 3092 2173 3119 3

1142 3132 1397 3182 continuoque
1423 3133 1534 3171 docet
1554 3134 1660 3183 quale
1682 3132 1822 3181 iignum
1846 3128 2011 3182 postulet.
2048 3129 2176 3174 Qan-

1143 3183 1262 3232 tusque
1283 3195 1327 3223 w
1347 3184 1459 3234 qualis
1480 3184 1523 3221 ab
1544 3185 1620 3220 alta
1642 3196 1712 3222 (fc.
1742 3184 1779 3218 ὃς
1800 3188 1887 3217 nota
1900 3178 2090 3231 diligenter
2110 3176 2176 3232 ob-

1137 3233 1319 3271 servatam
1341 3234 1582 3282 quantitatem
1615 3245 1657 3270 ac
1685 3231 1894 3281 qualitatem
1911 3256 1921 3270 ‚
1950 3238 2034 3264 cum
2057 3226 2143 3263 dlcst
2165 3254 2175 3270 ,

1137 3294 1278 3334 quantu
1297 3297 1359 3333 que
1380 3297 1419 3321 ac
1440 3285 1565 3370 {agilia
1608 3285 1855 3321 Crixum-uus.
1891 3277 2031 3317 Primus
2054 3276 2179 3314 Medi-

1533 3345 1552 3371 2
2073 3338 2178 3373 ceus,

1674 2428 1765 2465 Non
1804 2424 2052 2463 commodum
2096 2424 2176 2464 saus

2017 2929 2106 2965 Hoc
2126 2927 2177 2964 ita
