2483 3616
193 169 329 222 1050

732 106 792 202 Ρ.
868 138 1273 199 oV1D11
1344 140 1876 201 NASONIS

490 263 651 320 Nunc
676 259 886 317 humilis
911 269 1120 312 veteres
1148 258 1531 311 tantummodo
1557 258 1727 332 Troja
1752 261 1926 317 ruinas
1941 266 1961 327 ‚'

346 355 451 409 425
491 337 564 392 Et
589 353 690 409 pro
717 332 915 387 divitiis
943 331 1177 390 tumulos
1201 328 1434 384 ostendit
1460 347 1697 387 avorum.

496 411 675 479 [Clara
700 406 802 461 fuit
830 404 1016 476 Sparte
1041 422 1051 456 :
1092 420 1313 474 magnae
1337 403 1558 474 viguere
1585 402 1880 471 Mycenae:

490 484 607 538 Nec
634 496 745 534 non
768 477 1097 550 Cecropiae3
1138 494 1238 530 nec
1266 493 1377 529 non
1408 475 1730 548 Amphionis
1756 494 1922 536 arces.

491 554 616 611 Vile
640 552 809 607 solum
835 551 1021 623 Sparte
1046 549 1120 604 est
1144 567 1155 602 :
1197 549 1329 602 altae
1365 549 1615 603 cecidere
1641 547 1928 620 Mycenae.

487 624 922 697 Oedipodioniae
947 623 1078 696 quid
1105 623 1247 685 sunt,
1289 620 1383 675 nifi
1407 621 1609 686 fabula,
1646 620 1906 677 Thebae?

344 720 448 773 430
487 699 637 773 Quid
665 697 991 754 Pandioniae
1018 695 1212 751 restant
1235 693 1330 750 nifi
1353 711 1554 751 nomen
1580 694 1898 765 Athenae?]

632 930 824 979 ΕΑΒ.

895 927 1138 978 XLIII.
1202 927 1910 978 ARGUMENTUM.

538 1113 715 1162 Omnia
739 1129 853 1179 quae
877 1111 1124 1161 nascuntur
1145 1124 1510 1162 transmutantur
1535 1113 1583 1161 in
1606 1112 1837 1161 dissimiles
1858 1112 2044 1176 species.

259 1329 415 1377 Mmm
447 1328 685 1391 Pompilius
713 1336 891 1391 propter
899 1326 1132 1391 scientiam
1154 1340 1298 1374 rerum
1321 1327 1349 1374 ιὶ
1365 1327 1516 1390 populo
1540 1327 1735 1375 Romano
1762 1326 1808 1373 in
1830 1341 2002 1389 regnum
2025 1324 2081 1389 est
2101 1322 2122 1352 ¹³
2144 1335 2357 1389 receptus:

244 1525 329 1570 v422.
358 1524 574 1576 censuque]
605 1530 780 1575 coetuque
797 1536 891 1563 unus
906 1523 1011 1563 Bafil.

245 1587 330 1623 425.
356 1577 562 1628 Tantalon]
593 1577 726 1614 Titulos
746 1576 877 1614 Oxou.
894 1577 932 1614 &
953 1576 1127 1615 Strozzae
1137 1587 1243 1616 unus.

198 1625 271 1664 vid.
293 1626 353 1664 lib.
372 1640 424 1665 xr.
446 1640 531 1674 429.

242 1678 325 1722 426.
354 1678 464 1715 Clara
475 1679 552 1725 fnit
572 1678 728 1729 Sparten]
757 1678 882 1728 Sparta
900 1679 1091 1717 Laconica
1111 1679 1244 1731 dicitur

196 1728 315 1776 regio,
338 1726 357 1765 a
378 1730 508 1778 Spartis
529 1730 662 1769 Cadmi
686 1731 790 1768 sociis
803 1731 1081 1778 cognominata:
1095 1730 1154 1769 sed
1167 1733 1245 1779 ple-

196 1788 353 1828 rumque
383 1791 448 1827 pro
478 1781 564 1819 urbe
593 1782 752 1830 ponitur.
783 1781 952 1819 Remus.
991 1781 1119 1831 Atque
1152 1782 1246 1820 haec

193 1829 348 1879 quidem
368 1830 549 1884 ‘Stephani
574 1832 722 1870 traditio
752 1833 813 1871 est.
852 1833 1038 1871 Pausanias
1060 1841 1184 1870 autem
1208 1835 1247 1872 in

193 1878 392 1917 Laconicis
419 1878 439 1918 a
462 1882 583 1930 Sparta
599 1911 608 1927 ‚
635 1884 798 1922 Eurotae
824 1883 920 1929 filia,
950 1884 1248 1923 Lacedaemonis

193 1939 335 1974 uxore,
363 1929 528 1978 Spartam
560 1934 775 1981 appellatam
804 1934 916 1980 dicit,
946 1946 1069 1984 eoque
1090 1937 1248 1974 nomine

192 1979 321 2017 urbem
343 1980 542 2029 significari.
570 1985 628 2020 Sic
648 1987 683 2021 ὅ(
706 1986 887 2032 Mycenas
902 2013 912 2029 ‚
941 1985 987 2023 de
1008 1985 1137 2034 quibus
1159 1999 1246 2035 pro-

191 2030 298 2067 ximo
327 2030 415 2068 loco
440 2031 612 2082 sequitur.
644 2046 732 2082 quas
760 2035 818 2072 alii
845 2034 866 2072 a
898 2037 1111 2084 Mycenaeo
1133 2036 1248 2075 dietas

190 2080 352 2136 volunt,
379 2081 479 2120 idem
513 2082 534 2120 a
554 2083 682 2121 Perseo
702 2085 890 2129 conditas,
921 2087 957 2123 &
978 2084 998 2122 a
1020 2087 1151 2134 capulo
1171 2088 1245 2135 gla-

192 2129 266 2175 dii,
295 2133 358 2180 qui
382 2134 494 2179 μύκης
516 2134 664 2172 Graecis
685 2134 839 2179 dicitur,
867 2137 930 2183 qui
943 2135 1079 2172 eodem
1093 2137 1180 2173 loco
1193 2138 1243 2175 illi

191 2181 401 2228 exciderit,
437 2185 630 2233 appellatas
665 2186 784 2224 tradit.
839 2187 1067 2235 Quanquam
1102 2187 1242 2224 rursum

191 2233 252 2270 alii
268 2233 371 2279 sunt,
399 2244 439 2274 ut
459 2236 557 2274 idem
584 2245 690 2274 autor
711 2237 758 2274 est
772 2264 782 2281 ‚
810 2237 874 2286 qui
896 2249 971 2274 non
987 2235 1008 2273 a
1023 2236 1154 2284 capulo
1167 2237 1243 2285 gla-

191 2284 242 2322 dii
257 2314 267 2331 ‚
291 2285 351 2324 sed
371 2298 390 2324 a
416 2287 535 2337 fungis
563 2288 663 2333 (nam
686 2287 755 2326 hos
773 2299 926 2337 quoque
945 2290 1105 2333 μύκητες
1125 2288 1242 2326 Grae-

192 2336 241 2373 cis
269 2335 495 2386 significant)
524 2338 635 2377 distas
668 2339 810 2383 velint,
849 2337 955 2388 quod
985 2337 1121 2376 eodem
1151 2339 1241 2378 loco

191 2385 338 2426 Perseus
381 2388 436 2427 fiti
479 2389 631 2428 affectus
668 2391 823 2437 fungum
857 2389 1023 2428 avellerit
1063 2386 1084 2425 ὲ
1114 2397 1209 2428 terra
1230 2419 1242 2436 ‚

190 2436 343 2487 ejusque
363 2439 509 2489 liquore
538 2440 612 2478 sive
631 2442 740 2479 succo
764 2441 858 2479 litim
881 2441 1022 2479 levarit.
1050 2439 1150 2477 Vide
1170 2442 1243 2479 Ar-

192 2489 312 2535 golica
336 2491 540 2529 Pausaniae.
574 2492 656 2530 Fuit
678 2501 803 2530 autem
833 2493 870 2529 &
891 2492 963 2530 filia
986 2490 1112 2529 Inachi
1132 2503 1246 2540 quae·

194 2539 277 2592 dam
301 2542 487 2589 Myoene,
517 2555 611 2580 uxor
630 2543 833 2585 Arestoris,
861 2542 906 2581 de
934 2555 1007 2592 qua
1022 2542 1242 2582 Homerum

195 2591 407 2630 intellexisse
427 2594 558 2631 volunt
581 2593 766 2644 Odysseae
795 2596 850 2632 M.
872 2593 932 2631 ubi
954 2595 1025 2632 ait:

247 2639 350 2684 Τυρώ
373 2641 408 2678 τ’
427 2642 617 2690 Α’λκμῆνη
638 2660 700 2691 τε,
730 2645 932 2692 ἐϋςεφεινός
945 2658 988 2682 τε
1010 2647 1166 2688 Μυκήνη,

195 2689 256 2746 Ab
285 2691 364 2746 hac,
383 2694 488 2740 igitur
516 2708 668 2746 quoque
696 2697 774 2735 urbi
803 2709 946 2734 nomen
968 2696 1129 2742 fadum,
1159 2697 1241 2736 sunt

193 2751 255 2789 qui
296 2741 422 2779 velint.
468 2745 589 2783 Autor
618 2748 717 2785 idem
750 2748 938 2786 Pausanias
968 2748 1104 2786 eodem
1134 2748 1242 2786 libro.

194 2793 374 2847 Micytr..
414 2793 488 2830 Hic
512 2797 629 2834 versus
650 2810 734 2834 cum
759 2798 923 2846 sequenti
942 2798 981 2835 in
1002 2799 1125 2837 Vatic.
1147 2811 1244 2838 mar-

194 2844 272 2891 gini
296 2852 371 2880 erat
393 2842 600 2892 adscriptus.
629 2848 693 2894 qui
717 2848 797 2885 illos
820 2849 979 2896 sequitur
1007 2852 1168 2887 omnino
1195 2851 1242 2887 est

194 2892 459 2942 expungendus
475 2921 487 2938 ,
514 2905 600 2931 cum
621 2907 666 2932 ex
685 2896 758 2932 hoc
779 2898 883 2935 versu
904 2899 1244 2948 promanarit.quicl

195 2946 295 2983 enim
316 2956 409 2992 opus
434 2945 484 2982 bis
507 2945 654 2992 Spartae
674 2946 880 2983 meminisse
904 2947 918 2983 ?
948 2948 1057 2985 Certe
1075 2950 1157 2986 libri
1178 2961 1244 2987 ve-

195 3004 289 3033 teres
319 3007 364 3032 ex
387 2995 441 3032 his
469 2996 635 3044 quinque
657 2995 815 3033 versibus
837 2996 954 3034 modo
974 2998 1094 3039 hunc,
1125 2999 1243 3036 modo

194 3047 298 3083 iilum
328 3058 406 3084 non
433 3046 646 3095 agnoscunt.
683 3047 764 3096 Ego
798 3058 929 3084 omncs
956 3047 1141 3086 tollendos
1172 3047 1243 3086 effe

194 3096 338 3135 censeo.
367 3097 406 3134 ln
421 3109 467 3134 eo
482 3098 581 3134 enim
601 3097 794 3135 artificium
812 3099 947 3135 Poetae
961 3098 1140 3146 imprimis
1151 3111 1241 3137 con-

195 3147 302 3192 sistit,
337 3156 377 3186 ut
408 3156 589 3196 perpetuo
618 3150 796 3186 orationis
828 3149 889 3186 filo
912 3150 1162 3187 mutationem
1186 3162 1242 3187 re-

196 3208 278 3234 rum
321 3200 493 3237 omnium
534 3207 709 3247 tanquam
742 3208 1021 3237 concatenatam
1052 3209 1240 3248 pertexat5

199 3258 297 3284 nunc
326 3249 363 3286 in
393 3261 439 3286 eo
471 3258 697 3298 occupatur,
733 3258 773 3288 ut
802 3262 847 3287 ex
868 3251 978 3288 ruinis
1001 3250 1142 3301 Trojae
1164 3253 1243 3290 Ro-

197 3308 297 3337 mam
332 3298 502 3347 prodiisse
533 3300 767 3341 demonstret.
814 3301 1072 3353 inopportuna
1103 3303 1242 3353 igitur,

2241 1393 2356 1454 cujus

1298 1531 1340 1563 ut
1371 1535 1466 1574 quae
1498 1523 1690 1568 maxime,
1717 1521 1882 1572 Spartes,
1910 1521 2159 1572 Mycenarum
2186 1520 2358 1563 Athena*

1298 1587 1458 1624 rumque
1489 1585 1530 1612 ac
1551 1573 1702 1611 Thebes
1729 1574 1790 1611 hic
1810 1573 2013 1611 inculcatur
2034 1574 2191 1612 mentio.
2243 1574 2356 1613 Adde

1299 1627 1404 1676 quod
1435 1627 1472 1664 in
1502 1624 1694 1675 postremis
1723 1624 1867 1662 duobus
1895 1623 2055 1662 verfibus
2084 1624 2136 1662 bis
2168 1626 2359 1671 occurrit,

1301 1678 1445 1716 nomina
1467 1678 1506 1715 &
1527 1689 1672 1721 nomen,
1700 1676 1819 1725 qualia
1842 1686 2022 1725 nusquam
2042 1675 2246 1713 committit
2273 1677 2357 1714 No-

1301 1730 1391 1774 ster,
1421 1728 1489 1766 nifi
1507 1727 1736 1766 librariorum
1759 1727 1993 1765 oscitantium
2015 1726 2130 1774 culpa.
2176 1726 2353 1775 Denique

1303 1780 1470 1819 Athenas
1489 1779 1540 1817 nil
1561 1778 1628 1816 nifi
1653 1789 1797 1816 nomen
1820 1776 1922 1816 fuiffe
1945 1777 2188 1827 Pythagorae,
2210 1778 2273 1826 qui
2292 1777 2355 1814 hic

1301 1832 1467 1881 loquitur
1479 1859 1490 1875 ,
1519 1838 1638 1868 aetate
1654 1828 1878 1867 falfiffimum
1899 1828 1972 1872 est3
1997 1839 2082 1867 cum
2097 1839 2160 1866 eae
2172 1835 2260 1865 tunc
2273 1827 2356 1864 uni-

1304 1894 1347 1920 ce
1379 1883 1580 1920 florerent:
1604 1880 1665 1919 sed
1701 1881 1737 1918 δί
1768 1880 1926 1918 Thebae
1958 1879 2003 1917 ab
2033 1876 2246 1916 Alexandro
2270 1878 2357 1914 Ma-

1303 1945 1380 1983 gno
1400 1933 1542 1972 deletae
1557 1960 1567 1977 ,
1588 1932 1652 1982 qui
1674 1930 1841 1970 ducentis
1860 1930 1903 1968 ad
1923 1929 2123 1966 minimum
2144 1928 2247 1964 annis
2261 1928 2356 1965 vixit

1304 1985 1383 2033 post
1404 1982 1588 2022 exceffum
1610 1983 1848 2032 Pythagorae.
1887 1978 1959 2017 Sed
1978 1978 2024 2016 de
2042 1978 2267 2026 repetitione
2289 1978 2356 2014 τοῦ

1305 2048 1429 2072 nomen
1449 2035 1554 2082 culpa
1573 2032 1830 2075 amovebitur,
1855 2029 1882 2067 fi
1905 2039 1990 2067 curn
2010 2028 2190 2078 Bernegg.
2209 2029 2247 2067 ὅτ
2265 2027 2358 2067 alte-

1304 2096 1346 2122 ro
1370 2086 1542 2122 Strozzae
1562 2094 1716 2131 repones
1739 2091 1760 2119 ε’

1533 2134 1618 2184 quid
1634 2134 1721 2183 sunt
1742 2130 1807 2180 m‘fi
1818 2129 1947 2178 fabula
1969 2129 2130 2170 Thebae?

1299 2193 1340 2223 ut
1364 2185 1461 2234 apud
1484 2186 1639 2222 Statium
1662 2183 1786 2220 Theb.
1809 2194 1842 2218 x.
1863 2181 1951 2227 870.

1349 2240 1396 2272 Et
1413 2236 1564 2273 mentita
1586 2235 1649 2271 diu
1669 2232 1823 2270 Thebani
1833 2231 1966 2279 fizbula
1985 2231 2094 2271 muri.

1303 2286 1478 2325 Lucanus
1498 2286 1557 2324 lib.
1578 2298 1648 2323 vri.
1671 2296 1757 2333 391.
1829 2334 1836 2341 ·

1535 2347 1620 2374 tunc
1636 2349 1736 2373 omne
1753 2341 1927 2374 Latmum

1357 2388 1492 2426 Fabula
1515 2401 1638 2426 nomen
1657 2387 1733 2424 erit.

1303 2441 1408 2478 versu
1435 2440 1595 2490 denique
1623 2438 1785 2477 secundo
1807 2449 1899 2487 pro,
1927 2442 2000 2475 Nec
2022 2448 2091 2474 non
2113 2443 2157 2476 (9¹¹
2174 2438 2359 2489 cecr0p1'53

1302 2490 1397 2529 bene
1429 2503 1522 2529 unus
1553 2488 1657 2527 Voff.
1687 2495 1758 2527 Nec
1785 2502 1854 2526 non
1874 2488 2063 2537 Cecropiae.
2089 2500 2175 2526 nam
2194 2490 2356 2537 primam

1299 2542 1338 2580 in
1367 2543 1521 2591 Cecropis
1550 2553 1732 2590 nusquam
1763 2540 1941 2589 corripuit
1959 2540 2072 2578 Naso.
2099 2539 2167 2576 Vir
2187 2538 2352 2577 summus

1302 2593 1485 2631 Gerardus
1499 2593 1684 2640 Johannes
1704 2591 1852 2629 Voffius
1870 2591 2128 2628 Oratoriarum
2154 2590 2354 2627 Institutio-

1296 2655 1389 2683 num
1417 2644 1477 2682 lib.
1504 2656 1539 2681 v.
1560 2655 1637 2692 cap.
1658 2655 1702 2680 Π.
1724 2644 1742 2685 §
1764 2654 1797 2689 7.
1826 2642 1964 2680 multus
1991 2642 2039 2679 est
2067 2641 2105 2678 in
2126 2640 2274 2678 Nasone
2294 2651 2351 2678 er-

1296 2697 1386 2734 roris
1414 2693 1676 2733 convincendo
1697 2693 1761 2731 hic
1778 2693 1877 2737 loci,
1905 2704 2018 2742 quem
2040 2699 2130 2745 puto
2148 2701 2216 2746 nos
2234 2690 2351 2728 abun-

1297 2746 1344 2784 de
1367 2747 1446 2796 jam
1478 2745 1758 2783 vindicavimus.
1796 2745 1942 2781 HEINS.
1979 2741 2135 2788 Scaliger
2164 2748 2276 2778 etiarn
2301 2741 2349 2780 ad

1297 2797 1430 2837 Manil.
1452 2796 1511 2834 lib.
1531 2809 1559 2834 1.
1583 2796 1664 2842 516.
1693 2794 1877 2832 Ovidium
1899 2803 1977 2829 non
2000 2790 2118 2838 potest
2138 2790 2349 2838 absolvere,

1297 2849 1362 2897 qui
1391 2859 1435 2885 ex
1462 2846 1613 2896 persona
1633 2845 1888 2894 Pythagorae,
1917 2853 1994 2890 quo
2015 2850 2187 2889 tempore
2212 2841 2349 2880 floren-

1297 2898 1453 2936 tiffimae
1484 2904 1586 2934 erant
1617 2896 1788 2932 Athenae
1819 2893 1858 2930 &
1890 2891 2070 2933 Thebae,
2110 2902 2167 2928 eas
2201 2894 2349 2939 penitus

1301 2946 1472 2985 corruisse
1495 2948 1612 2988 dicat;
1641 2956 1758 2993 nuper
1776 2944 1886 2980 etiam
1907 2942 1992 2989 Just.
2016 2942 2105 2979 Got.
2128 2942 2348 2982 Robenerus

1298 2999 1335 3035 in
1370 2996 1672 3035 Amoenitatibus
1705 2992 2171 3041 Historico-Philologicis
2205 2993 2249 3030 de
2277 3006 2347 3041 po-

1298 3049 1412 3085 tentia
1433 3048 1471 3084 &
1491 3046 1681 3095 splendore
1698 3045 1820 3093 potius
1831 3045 1926 3092 capit
1941 3070 1951 3088 ‚
1978 3044 2065 3081 licet
2079 3042 2218 3081 versum
2232 3046 2345 3083 etiam

1297 3099 1549 3144 ὑποβολιμαῖον
1566 3097 1760 3144 suspicetur
1786 3096 1823 3133 in
1845 3095 1962 3144 prima
1984 3092 2253 3141 dissertatione,
2282 3100 2349 3133 An

1296 3150 1463 3186 Athenae
1476 3146 1656 3196 supersint.
1683 3146 1815 3183 Euam.

1348 3201 1431 3247 426.
1461 3197 1638 3249 rigum]
1676 3197 1830 3234 Micuere
1852 3196 1957 3235 Bafil.
1986 3196 2108 3234 Vatic.
2127 3196 2165 3233 &
2189 3205 2350 3246 quatuor

1296 3251 1369 3291 alii.

1347 3312 1431 3353 427.
1461 3306 1534 3353 {req
1563 3313 1631 3342 non
1659 3309 1703 3352 οὲ
1730 3299 1922 3352 Cecropia]
1951 3299 1992 3338 In
2012 3299 2348 3390 mariuscriptodco-

2289 3360 2347 3391 lce
