2483 3616
359 158 1595 228 METAMORPHOSEON
1670 179 1791 222 nra.
1867 165 1904 225 Ι.

2135 189 2195 238 77

358 269 541 325 Litera
563 280 662 336 pro
685 258 889 322 verbis,
925 275 1201 332 quambpes
1225 260 1280 315 in
1303 260 1525 332 pulvere
1555 262 1739 327 duxit,

220 353 318 414 650
353 338 610 412 Corporis
633 332 893 389 indicium
918 332 1107 386 mutati
1131 332 1276 387 triste
1299 336 1524 406 peregit.

351 413 451 469 Me
476 407 752 466 miserum!
797 406 1055 461 exclamat
1081 418 1231 477 pater
1253 405 1497 462 Inachus:
1538 408 1702 482 inque
1727 413 1992 481 gementis

354 484 651 546 Cornibu8‚
692 480 748 536 &
771 479 956 535 niveae
980 478 1221 552 pendens
1247 478 1458 534 cervice
1477 480 1768 552 juvencae,

352 559 454 614 Me
477 556 755 612 miserum!
783 552 1089 623 ingeminat.
1129 564 1259 607 tune
1286 570 1340 607 es
1366 554 1595 626 quaefita
1619 573 1716 627 per
1739 573 1923 611 omn-es
1938 594 1959 620 ᾖ

358 632 524 695 Nata,
547 628 679 685 mihi
701 626 893 682 terras?
935 637 993 680 tu
1017 642 1127 680 non
1150 625 1368 680 inventa
1390 629 1598 699 reperta

219 712 315 776 655
354 703 559 760 Luffitus
587 719 699 757 eras
727 700 912 754 levior.
951 699 1171 762 retice8‚
1204 717 1305 754 nec
1333 713 1517 754 mutua
1542 700 1729 756 nostris

353 777 512 834 Dicta
534 775 714 830 refers,
755 773 862 827 alto
889 782 1097 825 tantum
1119 771 1330 843 suspiria
1355 773 1537 844 prodis

355 849 613 907 Peffitore:
651 845 908 920 quodque
932 861 1099 898 unum
1123 858 1304 915 potes,
1342 845 1409 899 ad
1432 864 1551 900 mea
1576 849 1739 903 verba
1764 849 2018 923 remugiffi

359 926 436 979 At
459 923 556 977 tibi
581 938 684 992 ego
707 921 916 991 ignarus
941 916 1196 970 thalamos
1219 917 1505 990 taedasque
1541 920 1815 990 parabam:

355 997 593 1069 Spesque
617 993 718 1048 fuit
743 989 927 1062 generi
950 988 1081 1043 mihi
1105 988 1275 1060 prima
1293 1028 1308 1052 ‚
1341 988 1573 1044 secunda
1597 1006 1875 1065 nepotum.

211 1076 314 1126 660
350 1070 438 1127 De
465 1084 627 1140 grege
650 1081 791 1118 nunc
814 1061 910 1116 tibi
934 1060 1042 1125 vir,
1066 1077 1209 1115 nunc
1237 1061 1307 1116 de
1333 1079 1497 1134 grege
1522 1079 1674 1120 natus
1699 1066 1992 1125 habendus,

352 1143 472 1198 Nec
498 1140 649 1194 finire
673 1137 798 1190 licet
822 1145 999 1189 tantos
1025 1133 1156 1188 mihi
1182 1146 1359 1189 morte
1387 1134 1635 1190 dolores:

356 1213 463 1269 Sed
488 1222 648 1266 nocet
675 1207 776 1263 esse
802 1207 1000 1263 Deum.
1048 1206 1421 1280 praeclusaque
1441 1207 1596 1278 janua
1619 1210 1713 1266 leti

355 1288 660 1340 Aeternum
683 1268 889 1335 nostros
915 1277 1083 1334 lu6³cus
1108 1279 1352 1334 extendit
1378 1280 1434 1334 in
1458 1298 1664 1339 aevum.

356 1357 509 1412 Talia
532 1353 802 1412 moerenti
826 1352 1052 1409 stellatus
1076 1352 1356 1409 submovet
1382 1354 1591 1427 ArgUS,

49 1555 140 1599 ficit
157 1554 370 1604 legendum.
397 1558 457 1590 Me
478 1550 638 1601 miserum
652 1579 663 1596 ‚
689 1549 791 1588 idem
806 1576 816 1593 ,
852 1548 956 1600 quod
978 1549 1098 1587 conti-

61 1618 141 1645 nuo
162 1607 345 1655 sequitur,
385 1611 414 1640 O
446 1603 518 1648 ait,
554 1601 851 1649 subintelligitur,
889 1600 1003 1656 quod.
1024 1601 1098 1637 fre—

62 1666 217 1706 quenter
248 1658 285 1695 in
317 1653 640 1693 exclamationibus
667 1652 850 1689 omittitur
877 1650 1099 1707 levioribus,

89 1707 162 1744 uafi
182 1708 272 1745 haec
295 1706 335 1744 fit
354 1706 441 1743 levis
461 1704 701 1741 exclamatio:
741 1702 802 1738 ubi
823 1708 926 1749 pater
956 1709 1098 1739 invenit

103 1759 171 1795 'am
194 1759 231 1796 in
249 1768 400 1795 vaccam
421 1755 706 1793 transmutatam.
760 1752 1013 1789 GLAREANUS.

113 1809 195 1856 649.
224 1811 345 1857 Qum
360 1817 416 1857 pes
432 1808 470 1843 in
483 1805 625 1855 pulvere
645 1802 786 1853 damin]
816 1803 906 1840 Duo
933 1803 1020 1858 Vat.
1059 1809 1101 1840 In

54 1857 199 1908 pulvere
213 1860 310 1904 fecit.
341 1859 560 1896 CtorANus.
588 1855 648 1893 Ne
671 1862 796 1900 muta,
810 1853 1013 1893 duxiavid.
1035 1865 1099 1892 111.

54 1910 137 1946 Art.
158 1910 246 1947 Am.
268 1921 352 1958 493.

112 1960 195 2008 654.
228 1966 279 1997 Tu
310 1974 376 1997 non
406 1960 554 1996 inventa
584 1967 712 2008 reperta
733 1971 775 1995 es.
804 1958 934 1994 Luffz‘us
955 1968 1030 1993 eras
1051 1956 1098 1993 le-

57 2009 175 2060 vian]
205 2010 327 2059 Signat
349 2009 591 2047 differentiam
614 2010 707 2047 inter
728 2009 885 2045 invenire
907 2008 1098 2056 &reperire

56 2058 188 2098 Poeta.
214 2061 413 2098 invenimus
426 2061 775 2110 enim'quaerentes,
801 2059 981 2109 reperimus
1005 2057 1096 2095 casu.

57 2109 225 2147 REGan.
253 2113 445 2159 Nugantur
466 2110 708 2147 Grammatici
722 2138 732 2155 ‚
759 2111 822 2159 qui
844 2121 889 2146 ex
911 2109 985 2145 hoc
1004 2108 1093 2145 loco

60 2162 288 2199 contendunt
317 2163 411 2198 inter
442 2162 579 2210 reperire
610 2161 826 2197 &invenire
849 2158 1092 2196 differentiam

61 2207 144 2246 effe.
174 2211 316 2248 Primus
338 2211 557 2249 Laurentius
577 2209 683 2247 Valla
705 2209 900 2257 depravata
921 2209 1093 2256 deceptus

60 2256 218 2296 lectione
238 2262 275 2298 in
297 2263 511 2299 sententiam
534 2261 633 2298 suam
657 2260 828 2308 pertraxit
848 2259 980 2305 Janum
1010 2259 1095 2296 Par-

60 2306 219 2344 r-hafium
234 2336 252 2352 ‚.
270 2312 389 2348 virum
409 2313 491 2349 sane
519 2310 766 2360 pereruditum
783 2338 793 2354 ,
821 2310 1096 2346 commentariis

63 2357 101 2394 in
126 2357 317 2395 Claudiani
338 2370 480 2406 raptum
500 2362 733 2409 Proserpinae
765 2360 916 2408 praefat.
946 2371 1036 2396 vers.
1064 2372 1095 2397 1.

63 2406 257 2444 Erasmum
290 2408 327 2445 in
360 2409 539 2446 Matthaei
570 2423 645 2458 cap.
674 2423 702 2448 1.
731 2412 780 2447 H.
808 2410 1031 2458 Stephanum
1060 2410 1098 2447 in

59 2456 429 2503 Pseudo-Cicerone,
461 2459 628 2507 aliosque.
670 2460 859 2509 Quicquid
886 2460 1100 2498 obnituntur

61 2505 141 2545 libri
163 2516 325 2554 veteres,
354 2520 442 2546 meo
465 2509 627 2557 periculo
646 2509 779 2546 scribe:

344 2564 395 2595 Tu
416 2573 483 2595 non
502 2560 648 2596 inventa
668 2559 800 2609 repertd

113 2612 240 2646 Luffius
260 2623 333 2645 eras
354 2609 471 2645 levior.

60 2657 176 2708 quue
198 2660 318 2708 postea
340 2660 517 2697 Paraeum
536 2659 574 2696 in
596 2658 739 2695 Lexico
763 2659 900 2696 Critico
927 2660 1007 2707 jam
1039 2661 1095 2696 vi-

59 2706 146 2747 disse
168 2709 400 2758 deprehendi.
453 2709 516 2747 Tu
538 2720 622 2746 cum
644 2708 812 2747 nondum
834 2709 985 2746 inventa
1007 2708 1094 2746 effes

62 2758 177 2797 [uetus
206 2760 323 2797 levior
354 2771 452 2804 eras,
490 2771 601 2808 quam
635 2770 733 2796 nunc
755 2771 790 2797 es
812 2759 972 2797 inventa.
1025 2761 1093 2796 Vir

59 2807 219 2853 summus
251 2810 429 2847 Gerardus
460 2810 606 2847 Voffius
640 2809 749 2847 Instit.
784 2810 932 2846 Orator.
952 2809 1011 2847 lib.
1039 2822 1093 2847 ιν.

62 2870 176 2896 c.x11.
203 2859 249 2896 fic
269 2861 531 2908 interpretatur.
556 2860 669 2908 Reperi
690 2859 809 2907 filiam
828 2862 949 2905 forma
970 2874 1094 2898 vaccae

62 2908 224 2946 indutam
239 2938 249 2954 ‚
274 2924 371 2960 eoque
385 2910 501 2957 filiam
522 2910 623 2959 reperi
645 2921 688 2949 ω’
708 2924 775 2947 non
798 2910 908 2959 reperi.
952 2911 1094 2948 HEINS.

65 2956 190 2996 Multis
212 2959 257 2996 de
278 2961 351 2996 hoc
373 2960 460 2997 loco
475 2989 485 3004 ,
514 2961 551 2997 ὃς
572 2960 688 2997 verbis
710 2960 847 3009 reperire
879 2962 917 2997 ὃ(
938 2961 1094 2998 invenire

63 3006 135 3054 agit
154 3009 315 3046 Floridus
338 3010 455 3047 Sabin.
475 3010 534 3046 lib.
561 3022 587 3046 1.
611 3010 748 3048 Subces.
762 3010 865 3047 Lect.
879 3022 909 3047 c.
924 3022 956 3055 7.
988 3011 1094 3049 Ten-

64 3063 183 3094 tarunt
202 3060 310 3096 etiam
344 3072 528 3108 exponere
550 3059 700 3097 Robert.
732 3061 853 3097 Titius
873 3061 945 3098 loc.
972 3071 1088 3100 contr.

1919 1429 2205 1509 Ereptam-ss·

1150 1548 1265 1586 nianis
1288 1549 1333 1587 ad
1352 1548 1466 1589 Plaut.
1493 1548 1598 1599 Capt.
1624 1560 1681 1589 11.
1704 1549 1761 1588 Sc.
1785 1562 1849 1590 111.
1873 1550 1931 1590 81.
1975 1550 2101 1590 Gloffa
2133 1555 2202 1590 co-vl

1151 1599 1239 1637 dicis
1260 1600 1449 1639 Leidenfis
1472 1602 1650 1649 explicat,
1687 1613 1728 1638 tu
1760 1616 1829 1638 non
1848 1602 1996 1640 inventa
2012 1603 2092 1651 filia
2106 1631 2117 1648 ,
2146 1613 2201 1641 rc·

1144 1659 1246 1699 perta
1267 1665 1298 1687 es
1320 1664 1438 1689 vacca.
1476 1660 1675 1701 utrumque
1707 1663 1798 1689 vero
1821 1653 1976 1690 verbum
2001 1654 2113 1691 etiam
2137 1666 2200 1692 ea⁸⁵

1153 1700 1240 1737 dem
1262 1701 1526 1749 significatione
1546 1703 1585 1738 in
1605 1713 1718 1738 unam
1742 1702 1936 1750 periodum
1969 1705 2159 1741 confertur
2179 1717 2201 1743 a

1154 1751 1267 1789 Fabio
1287 1751 1346 1789 lib.
1369 1764 1404 1788 v.
1433 1751 1515 1790 lust.
1538 1752 1642 1789 Orat.
1669 1764 1747 1800 cap.
1774 1765 1830 1790 10.
1862 1760 1933 1790 Hoc
1950 1754 2090 1804 reperire
2102 1756 2199 1801 faci-

1153 1801 1242 1846 lius,
1280 1816 1389 1853 quam
1419 1816 1498 1840 cum
1527 1803 1700 1840 inveneris
1723 1831 1735 1848 ,
1772 1804 1985 1853 argumentis
2012 1805 2198 1855 adjuvare.

1154 1851 1414 1891 BURMANNus.

1205 1904 1289 1954 656.
1325 1905 1476 1954 Suspiria
1508 1905 1653 1955 ducis.]
1693 1906 1815 1942 Prodis
1846 1918 1940 1944 unus
1971 1906 2167 1945 Mediceus
2182 1910 2202 1952 ζ-

1151 1966 1244 1993 unus
1260 1954 1488 1999 Basueenfis‚
1515 1958 1553 1994 ὃς
1575 1969 1667 1994 unus
1701 1968 1816 1994 meus.
1850 1970 1938 1995 nam
1972 1959 2091 1995 ducere
2116 1959 2196 2007 jam

1151 2004 1385 2054 praecesserat
1406 2007 1516 2055 paulo
1539 2016 1633 2045 ante.
1666 2009 1874 2050 Hfissmsrus.
1905 2009 1958 2045 Ita
1980 2010 2073 2045 edere
2088 2010 2197 2056 gemi==

1151 2066 1207 2092 tus
1227 2057 1285 2094 lib.
1314 2070 1358 2094 11.
1380 2059 1464 2096 621.
1489 2059 1528 2095 ὅς
1550 2058 1660 2107 Epist.
1680 2071 1734 2095 xr.
1759 2072 1791 2107 5.
1823 2059 1893 2097 Sed
1923 2067 2049 2096 tamen
2073 2059 2199 2098 mallet

1150 2108 1229 2156 quis
1252 2108 1346 2145 forte
1363 2109 1513 2158 promi5·,
1540 2116 1581 2145 ut
1603 2109 1699 2157 apud
1719 2109 1880 2147 Martial.
1902 2122 1936 2146 x.
1962 2109 2022 2147 80.

1201 2163 1249 2194 Et
1266 2159 1413 2207 gemitus
1434 2160 1501 2195 imo
1519 2160 1648 2207 promit
1670 2160 1709 2196 de
1725 2163 1864 2210 perflare.

1149 2207 1226 2245 Ubi
1247 2209 1283 2246 in
1307 2209 1416 2247 tribus
1428 2210 1609 2247 Voffianis
1631 2212 1747 2259 reperi
1766 2212 1863 2247 ducit
1876 2239 1886 2253 ‚
1914 2211 2016 2260 quod
2036 2210 2196 2258 praefer*

1148 2270 1227 2295 rem
1243 2277 1252 2295 ,·
1280 2272 1367 2297 nam
1390 2268 1518 2308 aperta
1534 2260 1583 2298 est
1604 2261 1748 2310 Virgilii
1767 2262 1950 2307 imitatio,
1977 2262 2040 2311 qui
2061 2261 2119 2299 lib.
2143 2272 2191 2300 Π,

1149 2309 1308 2347 Aeneid.
1331 2311 1413 2348 288.

1206 2361 1271 2396 Sed
1286 2362 1446 2409 graviter
1463 2362 1609 2410 gemitus
1630 2363 1698 2400 imo
1720 2364 1760 2400 de
1775 2365 1903 2412 pastore
1926 2363 2060 2402 (lucens.

1156 2410 1203 2447 Et
1225 2411 1325 2448 idern
1350 2412 1525 2449 Martialis
1546 2413 1606 2449 lib.
1631 2426 1684 2450 xx.
1710 2426 1770 2458 40.

1206 2462 1380 2499 Convenis
1394 2491 1404 2506 ‚
1428 2462 1584 2510 observas
1597 2491 1613 2507 ,γ
1629 2464 1777 2514 quereris
1788 2490 1799 2508 ‚
1815 2463 1967 2513 suspiria
1981 2463 2090 2501 dmin·

1155 2512 1290 2548 Noster
1306 2512 1365 2548 lib.
1389 2525 1440 2549 xlv.
1468 2525 1550 2556 4οὶ.

1208 2561 1360 2607 Myrrha
1374 2589 1384 2605 ,
1405 2571 1506 2609 patre
1516 2563 1636 2598 audito
1651 2591 1660 2607 ‚
1677 2564 1827 2612 ficspiria
1848 2565 1960 2601 dnxit·
1973 2565 2018 2602 ab
2044 2565 2114 2603 imo

1202 2612 1346 2645 Pectore.

1150 2658 1199 2713 Et
1219 2660 1266 2695 ita
1289 2660 1412 2707 passim
1437 2661 1570 2698 Noster
1593 2663 1631 2699 &
1653 2663 1808 2700 alii..hic
1830 2672 1957 2704 tamen
1973 2695 1984 2711 ,
2000 2667 2117 2718 prodis
2137 2679 2195 2715 rez

1150 2710 1253 2747 tinui.
1280 2709 1327 2747 fic
1348 2711 1444 2759 apud
1468 2711 1597 2749 Claud.
1621 2725 1665 2750 Π.
1691 2713 1730 2751 in
1752 2714 1853 2752 Eutr.
1883 2729 1965 2766 ¹92·

1201 2762 1373 2797 Continuo
1385 2762 1481 2817 secat
1503 2776 1613 2812 ungue
1629 2777 1759 2812 genas,
1786 2777 1831 2806 w
1851 2777 1997 2817 tempore
2011 2770 2143 2818 pandit

1199 2816 1347 2860 Arrepto
1371 2823 1530 2860 gemmus·

1148 2861 1225 2898 Ubi
1237 2862 1441 2899 Thuaneus
1464 2863 1582 2901 codex
1598 2865 1873 2917 ,prodit‚.quod
1895 2868 2011 2907 nihilo
2035 2869 2203 2909 detenui-

1149 2911 1269 2949 censet
1290 2913 1472 2951 Heinsius.
1524 2915 1787 2956 Burmannus.

1199 2962 1282 3012 658.
1313 2964 1521 3010 Thalamos,
1569 2967 1753 3018 taedasque
1777 2970 1999 3019 parabam.]
2039 2970 2081 3007 ln
2110 2981 2188 3005 uno·

1149 3024 1262 3057 meo,
1290 3015 1431 3060 taedas,
1459 3015 1859 3067 thalamosque..Paullo
1891 3020 2030 3058 rectius.
2073 3019 2189 3055 (ἰωῆ-

1195 3063 1278 3101 660.
1311 3069 1360 3101 Et
1379 3066 1418 3101 de
1438 3066 1571 3116 grege.]
1600 3074 1706 3105 Nunc
1729 3070 1768 3106 de
1785 3084 1880 3119 grege
1900 3067 2066 3107 nonnulli
2086 3076 2189 3106 vete-'-

63 3116 155 3142 v111.
191 3118 247 3145 21.
280 3110 493 3147 &Turi-reb.
523 3109 582 3146 lib.
605 3122 658 3147 1v.
680 3110 778 3148 Adv.
811 3122 864 3155 17.
885 3110 945 3147 sed
966 3112 1093 3149 frustra¹
1145 3125 1199 3150 res
1213 3142 1223 3159 ,
1249 3122 1289 3151 ut
1309 3115 1445 3164 legibus
1469 3118 1626 3155 metricis
1649 3120 1865 3158 consulatur.
1887 3120 1982 3155 Mox
2005 3125 2096 3165 puto
2106 3118 2200 3156 scria*

66 3166 218 3192 omnes:
244 3169 329 3195 nam
349 3171 435 3197 vera
453 3159 563 3197 lcc'tio
585 3188 595 3204 ‚
626 3172 753 3215 ‘quam
786 3160 957 3198 Heinsius
982 3163 1090 3199 redu-
1145 3164 1308 3202 bendum
1323 3195 1333 3211 ,
1352 3167 1416 3214 fid
1436 3178 1529 3205 nocet
1549 3169 1606 3217 eff&
1626 3175 1698 3207 Deo
1712 3199 1732 3215 ,χ
1750 3183 1826 3207 non
1847 3175 1972 3204 Deum.
2008 3168 2106 3207 Vide
2118 3181 2191 3216 1101

65 3206 142 3250 xit,
169 3217 296 3243 omnes
321 3210 430 3247 aestus
458 3219 661 3258 componit.
698 3223 779 3248 eam
800 3223 890 3249 vero
912 3212 1089 3250 Par-acum

67 3254 131 3293 tibi
156 3255 336 3306 sublegisse
364 3259 450 3300 dicit
480 3261 655 3301 Gruterus
685 3260 723 3302 in
754 3260 1091 3315 notisssaubinan3

1146 3223 1198 3252 tas
1218 3216 1256 3253 in
1279 3216 1445 3264 Elegiam
1468 3217 1514 3255 de
1534 3220 1642 3257 Nuce
1663 3221 1719 3264 ybs.
1750 3230 1830 3263 107.
1860 3219 2074 3256 Hssmsms.

1196 3265 1282 3315 662.
1308 3267 1556 3367 prufflzfhqm
1568 3271 1685 3321 janua
1705 3267 1810 3320 leth]
1840 3267 1897 3309 Sic
1920 3268 2202 3371 Lucretilgzssind
