2483 3616
304 178 1551 244 METAMORPHOSEON
1623 180 1771 242 Lm.
1829 188 2002 250 XIV.

2110 209 2220 268 999

369 303 672 376 Qualisubi
696 299 957 372 oppofitas
982 298 1288 355 nitidiffima
1313 300 1447 356 Solis
1471 301 1649 373 imago

364 375 546 430 Evicit
572 373 736 428 nubes
753 413 767 438 ,
805 374 1054 447 nullaque
1079 372 1316 427 obstante
1343 374 1549 428 reluxit.

225 465 324 515 770
365 448 602 518 Vimque
629 460 775 519 parat
801 465 811 500 :
852 444 944 501 sed
969 452 1019 501 vi
1043 462 1151 499 non
1176 445 1250 499 est
1276 462 1408 516 opus
1435 464 1446 498 ε
1488 447 1651 518 inque
1674 445 1844 517 figura

365 519 535 589 Capta
563 519 668 575 Dei
692 520 943 592 Nymphe
970 519 1046 575 est
1070 536 1081 571 :
1125 520 1179 571 δε
1206 531 1390 572 mutua
1416 519 1632 573 vulnera
1656 519 1829 575 sentit.

574 659 742 707 FAB.

809 656 1051 705 XVIII.
1107 657 1706 704 ARGUMENTUM,

837 790 1068 840 Romulus
1099 789 1148 836 in
1182 788 1448 851 Qirinum„

139 927 241 987 Post
264 931 431 976 Amulii
464 944 514 976 ac
548 929 792 975 Numitoris
830 925 1096 972 Albanorum
1128 940 1267 986 regum
1288 927 1532 984 interitum,
1567 926 1774 972 Romulus
1795 924 1910 972 urbis
1941 926 1969 971 ὰ
1994 925 2042 987 se
2076 934 2090 953 ²
2122 930 2215 976 conss

75 991 192 1037 ditae
224 997 329 1052 cepit
364 996 596 1054 imperium.
663 993 760 1058 Qi
788 1006 878 1036 cnm
911 989 1115 1042 adversus
1150 990 1292 1034 Titum
1327 987 1499 1035 Tatium
1521 989 1539 1015 ¹³
1553 1004 1633 1052 pro
1656 999 1782 1050 raptu
1805 993 2019 1052 virginum
2039 992 2215 1040 dimica-

74 1065 166 1110 ret,
204 1058 325 1113 hostis
357 1060 714 1119 adpropinquavit
736 1061 751 1080 ⁰
778 1057 963 1115 patriae.
1032 1049 1050 1077 ‘³
1074 1054 1207 1118 Qtod
1236 1064 1284 1099 ut·
1318 1058 1452 1101 Venus
1466 1056 1720 1118 praefienstt3
1751 1059 1884 1114 portis
1909 1055 2104 1117 obseratis
2133 1073 2218 1104 una

66 1123 289 1180 patefacta
328 1124 382 1183 est
406 1156 421 1180 ,
465 1123 645 1182 Tarpeja
677 1124 841 1182 virgine
869 1119 1066 1178 prodente
1094 1121 1289 1178 patriam
1316 1140 1334 1176 3
1373 1133 1449 1180 pro
1471 1120 1568 1180 filii
1597 1120 1879 1166 incolumitate
1912 1123 1940 1166 ὰ
1978 1122 2217 1182 Nymphis,

75 1189 93 1208 ⁶
125 1201 229 1245 quae
255 1189 473 1247 proximae
505 1188 622 1247 Jano
648 1196 798 1244 erant,
841 1182 856 1209 f
881 1184 1091 1245 geminum
1109 1185 1238 1243 petiit
1258 1185 1481 1230 auxilium.
1549 1185 1678 1231 Data
1701 1200 1791 1246 ergo
1813 1187 1964 1243 venia,
1987 1186 2220 1245 secundum

31 1296 37 1305 s
66 1261 264 1311 portam,
298 1267 424 1313 quam
456 1252 606 1299 Sabini
625 1254 644 1282 ἕ
664 1253 876 1311 irrupturi
902 1258 1051 1307 erant,
1084 1246 1239 1310 reclufh
1258 1247 1407 1310 fonte,
1441 1247 1458 1273 ¹¹
1482 1249 1767 1311 scaturientes
1799 1265 1958 1310 aquae,
2002 1267 2107 1312 quae
2137 1267 2217 1299 an-

73 1443 151 1482 sum
172 1444 456 1493 perturbantem.
485 1443 533 1483 fic
552 1444 653 1483 enim
670 1472 680 1490 ,
708 1443 824 1493 ajunt,
838 1442 980 1493 Syllaba
998 1441 1117 1482 brevis

75 1503 203 1532 natura
233 1496 519 1543 produceretur,
552 1495 652 1545 quasi
683 1507 773 1533 vero
801 1494 875 1532 hoc
899 1495 936 1532 ὃς
956 1494 1020 1543 ipfi
1038 1506 1118 1532 non

77 1545 302 1592 viderimus,
330 1558 372 1584 ac
397 1546 474 1584 non
504 1546 594 1584 illud
626 1546 736 1584 secuti
759 1544 888 1589 fimus,
918 1545 1020 1594 quod
1039 1557 1118 1583 non

75 1595 195 1634 solum
223 1608 242 1634 a
270 1598 539 1645 grammaticis,
567 1597 626 1635 sed
648 1609 668 1635 a
687 1596 801 1634 Fabio
819 1607 972 1645 quoque
995 1597 1117 1644 Quin-

73 1647 203 1684 tiliano
229 1648 458 1696 praecipitur.
479 1648 512 1697 s
528 1648 670 1686 literam
700 1647 963 1696 saepenumero
984 1647 1020 1684 in
1040 1658 1119 1684 me-

77 1704 136 1734 tro
165 1698 321 1736 excludi:
348 1710 426 1747 quo
453 1699 604 1747 quidem
636 1699 756 1736 modo
775 1698 873 1735 nulla
892 1698 945 1734 vis
966 1698 1119 1735 carmini

76 1747 234 1785 affertur.
261 1748 321 1787 sed
345 1749 391 1787 de
419 1749 493 1787 hoc
523 1761 676 1800 quoque
704 1749 788 1787 alibi
807 1747 920 1797 plura.
947 1748 1118 1786 Remus.

77 1798 346 1843 Grammatici‚
374 1811 525 1849 namque
554 1812 621 1849 pro
647 1800 751 1848 inque
777 1799 1033 1847 reponendum
1056 1799 1120 1837 ad-

77 1856 268 1893 monent,
312 1849 560 1900 syllabamque
597 1850 799 1894 excusant,
842 1850 945 1897 quod
973 1849 1120 1897 [litera

74 1899 298 1948 quandoque
318 1900 425 1947 abjici
446 1901 646 1939 consuerit:
674 1913 785 1949 porro
797 1899 879 1937 Mff.
891 1900 1041 1949 quidam
1057 1912 1120 1938 co-

79 1948 175 1985 dices
203 1960 331 1996 puram
358 1951 517 1989 retinent
535 1951 787 2002 sinceramque
805 1950 1032 1998 lectionem,
1059 1953 1124 2001 qui

83 1995 133 2034 fic
151 1998 285 2037 habent
300 2028 310 2043 ‚

134 2046 278 2097 Vimque
292 2058 395 2097 parat
409 2077 419 2094 ‚
439 2051 502 2099 sed
520 2060 599 2101 opus
610 2051 728 2099 nonest
740 2052 802 2096 vi,
824 2065 974 2103 namque
978 2052 1097 2101 figura
1110 2070 1122 2091 .-

79 2096 298 2152 MARIANG.
313 2098 491 2138 Aecum.
520 2103 559 2138 in
571 2103 752 2140 Diatribis.
773 2105 881 2152 Quos
895 2104 955 2140 hic
969 2104 1122 2141 scalfor-

81 2157 183 2191 mas,
212 2155 252 2185 ut
278 2148 351 2196 ipse
369 2157 502 2194 vocat,
529 2151 664 2200 Regius
682 2152 846 2202 sugillet,
872 2153 1007 2192 nescio.
1035 2154 1124 2192 illud

81 2205 181 2253 certe
194 2209 323 2236 verum
346 2209 515 2247 apparet,
541 2202 643 2249 quod
662 2205 775 2252 vulgo
797 2204 868 2241 dici
889 2204 978 2241 solet
991 2219 1004 2247 ;
1018 2204 1122 2242 suum

79 2258 215 2297 culque
242 2250 446 2296 pulchrum.
473 2262 561 2288 nam
593 2253 694 2300 quod
709 2254 755 2292 ad
777 2254 966 2292 elifionem
992 2255 1124 2292 conso-

77 2300 199 2336 nantis
223 2303 248 2346 J
276 2301 407 2338 attinet
426 2329 439 2345 ,
474 2308 515 2339 ut
543 2302 695 2350 quidem
727 2305 864 2342 constat
892 2318 910 2342 a
940 2306 1124 2343 veteribus

79 2358 162 2386 eam
185 2350 344 2399 usurpari
362 2351 503 2389 solitam
523 2351 626 2390 fuisse
639 2380 651 2396 ,
677 2353 727 2389 ita
745 2355 882 2392 rursum
904 2356 939 2393 in
952 2365 1036 2393 toto
1050 2356 1124 2393 hoc

78 2403 194 2446 poeta
224 2401 439 2450 exemplum
470 2402 546 2451 ejus
566 2402 649 2440 alibi
675 2413 753 2440 non
775 2403 908 2448 exstat,
935 2417 1005 2442 nec
1025 2406 1122 2453 apud

81 2448 280 2506 Virgilium
294 2480 304 2496 ‚
325 2453 391 2501 qui
409 2461 537 2490 tamen
554 2451 745 2490 Ennianae
769 2454 952 2491 vetustatis
979 2465 1122 2493 amator

76 2499 159 2537 fu1t.
172 2511 312 2549 praeter
323 2515 439 2540 unum
449 2503 537 2540 illud
548 2532 559 2547 ,
590 2503 723 2552 interse
735 2502 826 2552 coi-(le
837 2504 944 2546 viros,
956 2516 999 2543 εν
1010 2505 1122 2542 decer·

76 2561 155 2586 nere
173 2553 290 2598 ferro,
329 2553 431 2602 quod
462 2561 588 2591 tamen
616 2554 655 2591 &
680 2553 796 2602 ipsum
819 2554 856 2590 in
878 2553 990 2592 finem
1014 2566 1120 2593 com-

76 2602 183 2638 matis
216 2601 290 2639 five
322 2611 444 2641 tomes
472 2604 622 2649 incidit,
658 2612 698 2642 ut
726 2616 768 2641 ea
796 2606 940 2641 ratione
970 2605 1119 2643 defendi

76 2660 196 2699 queat.
213 2653 380 2698 proinde,
399 2661 587 2704 utcunque
606 2654 850 2692 debacchetur
862 2655 997 2703 Regius
1013 2657 1048 2692 in
1060 2655 1124 2693 ad-

74 2702 247 2740 versarios
266 2703 346 2740 suos
360 2732 371 2748 ,
396 2705 588 2742 neminem
601 2733 613 2749 ,
628 2712 721 2754 puto
736 2733 746 2748 ,
768 2705 925 2742 elifionis
937 2706 1030 2751 istius
1041 2706 1124 2743 suae

76 2750 368 2800 adstipulatorem
383 2755 572 2799 inveniet,
599 2755 697 2799 five,
726 2761 853 2805 Inque,
880 2754 978 2800 five,
1006 2768 1125 2804 atque,

79 2801 155 2838 five
191 2813 417 2853 quocunque
450 2805 599 2843 tandem
628 2806 827 2854 legendum
858 2807 1117 2844 concedamus.

78 2851 256 2889 chrtt.
284 2859 389 2901 Inque
401 2854 516 2902 figura
533 2861 647 2904 Capta
668 2858 753 2899 Dei,
783 2867 855 2896 επ.
885 2857 1120 2895 Omneslibri

80 2902 119 2939 ὃ(
144 2901 254 2940 rene.
282 2904 386 2950 Quid
413 2913 538 2943 tamen
565 2907 701 2955 Regius
723 2907 1021 2945 comminiscatur
1049 2910 1120 2946 mi-

78 2952 119 2989 hi
143 2964 220 2990 non
251 2952 299 2990 est
325 2954 507 3001 ignotum.
538 2957 718 3006 Mariang.
746 2961 781 2995 in
804 2958 1019 3007 quibusdam
1045 2967 1119 2997 vet.

81 3001 152 3040 effe
180 3004 242 3041 ait.
283 3004 347 3039 Sed
365 3013 443 3053 opus
463 3017 531 3040 non
552 3006 593 3051 est
613 3008 674 3050 vi;
704 3021 853 3059 namque
866 3009 993 3057 figura.
1022 3010 1120 3047 Vera

80 3052 205 3091 lectio.
242 3054 412 3092 (romu.
448 3060 554 3101 Inque
580 3066 658 3092 non
685 3060 928 3098 movendum.
960 3060 1043 3099 vide
1075 3061 1120 3099 ad

80 3102 142 3141 lib.
161 3116 214 3142 1v.
230 3116 314 3153 234.

80 3162 152 3242 Cal
171 3154 380 3205 Conditae.]
411 3155 602 3200 Conditae,
628 3156 724 3202 occist>
746 3157 862 3200 fratre
887 3168 1008 3209 Remo,
1036 3162 1120 3212 cepit

116 3217 139 3242 o
155 3216 217 3243 on.

129 3255 148 3282 b
174 3260 239 3292 Pro
268 3257 405 3306 raptus]
456 3264 520 3294 Pro
551 3257 658 3305 raptis
687 3255 880 3305 virginibus
907 3258 1086 3298 dimicaret
1107 3293 1119 3309 ,

79 3315 125 3346 (9³
146 3305 334 3356 aliquando
350 3335 360 3355 ‚
380 3308 466 3357 hoste
487 3311 586 3347 notin
606 3309 897 3359 appropinguante
908 3335 921 3356 ,
944 3322 1020 3348 cnm
1041 3312 1121 3361 reli-3

2145 1327 2164 1362 t
2167 1332 2218 1364 ea

1173 1455 1261 1495 quae
1273 1451 1390 1493 portae
1411 1442 1543 1493 claufize
1560 1444 1658 1494 effent
1671 1472 1681 1488 ,
1707 1456 1779 1481 una
1801 1456 1823 1481 a
1841 1445 1984 1494 Tarpeja
2004 1443 2140 1495 virgine
2152 1450 2219 1496 pai

1172 1497 1281 1533 triam
1300 1495 1460 1543 prodente
1475 1504 1591 1545 aperta
1611 1495 1654 1542 est
1683 1495 1820 1534 Colon.

1226 1553 1242 1572 c
1270 1545 1449 1595 Patriae.]
1482 1545 1562 1583 Urbi
1582 1547 1737 1584 Raener.

1227 1594 1245 1622 d
1272 1597 1377 1644 Qod
1414 1606 1454 1633 ut
1492 1603 1600 1634 Venus
1625 1595 1845 1647 praestenfit.]
1881 1597 1989 1635 Haec
2014 1598 2218 1638 Raenerius

1175 1648 1282 1696 ponit
1312 1646 1416 1694 post,
1439 1648 1602 1697 prodente
1627 1648 1797 1697 patriam.
1827 1648 1864 1684 &
1895 1647 2024 1686 rectius
2053 1658 2092 1687 ut
2113 1659 2219 1698 puto.

1176 1700 1214 1736 δί
1235 1699 1285 1735 ita
1309 1697 1445 1736 Coton.
1465 1699 1527 1747 qui
1541 1699 1648 1747 senfit
1667 1699 1786 1736 habet.

1227 1755 1243 1774 e
1271 1749 1372 1796 Quo
1387 1750 1565 1798 proximae
1583 1749 1682 1799 cra]
1713 1749 1849 1786 Venet.
1867 1749 1968 1796 Quae
1982 1749 2136 1797 proxime
2145 1750 2222 1796 Ja-

1175 1813 1216 1836 no
1229 1811 1301 1838 effic.
1326 1799 1451 1849 Lege,
1480 1802 1582 1849 Qae
1594 1801 1750 1850 proxime
1770 1800 1912 1846 Janum
1925 1810 2025 1836 erant
2029 1801 2224 1848 geminum.

1175 1850 1274 1888 Flor.
1303 1863 1331 1888 1.
1356 1862 1434 1899 cap.
1467 1862 1500 1888 2.
1527 1852 1737 1901 Janumque
1752 1850 1929 1898 geminum
1943 1850 2054 1896 fidem
2069 1851 2162 1900 pacis
2180 1864 2224 1889 ac

1178 1900 1268 1938 belli.
1306 1901 1468 1938 Proxime
1499 1901 1663 1940 dativum
1695 1902 1812 1939 casum
1845 1911 1969 1948 regere
1993 1912 2069 1937 non
2090 1903 2223 1949 potest.

1177 1952 1291 1998 Julius
1315 1952 1541 2002 Obsequens‘*
1553 1965 1628 2002 cap.
1646 1965 1728 2000 119.
1757 1951 1826 1988 Cui
1833 1950 1987 1999 proxime
1999 1952 2168 2000 Pompejo,
2179 1953 2220 1990 in

1179 2002 1294 2047 castris
1304 2003 1440 2052 sedenti
1453 2031 1462 2047 ‚
1485 2003 1644 2052 accipiter
1655 2003 1757 2051 super
1769 2001 2062 2050 caputacceſjerat.
2090 2002 2219 2051 Lege,

1174 2054 1330 2103 proxime
1349 2054 1557 2102 Pompejum.
1587 2053 1725 2090 Frustra
1747 2051 1795 2090 est
1816 2051 2019 2089 Schefferus
2040 2051 2221 2092 subaudiri

1171 2104 1303 2152 J'ubens
1321 2103 1628 2152 praepositionem
1651 2102 1689 2140 a.
1717 2103 1857 2139 Verum
1880 2109 1919 2138 ut
1937 2101 2009 2138 illic
2031 2101 2146 2140 aliena
2166 2104 2220 2142 el-

1177 2153 1267 2201 lipsis
1286 2155 1342 2191 illa
1356 2182 1366 2197 ,
1394 2154 1443 2191 ita
1466 2153 1595 2191 eadem
1614 2165 1690 2190 non
1711 2152 1896 2189 observata
1917 2152 2217 2199 corrupitlocum

1177 2205 1480 2253 elegantissimum
1503 2204 1609 2241 Plinii
1628 2203 1768 2240 Histor.
1787 2203 1915 2239 Natur.
1940 2202 2076 2239 Lib.11.
2089 2215 2165 2252 cap.
2182 2216 2219 2249 7.

1179 2255 1348 2305 Qisquis
1370 2254 1412 2298 est
1431 2254 1513 2291 deus
1529 2253 1580 2302 (si
1597 2253 1694 2290 modo
1713 2253 1755 2301 est
1776 2253 1882 2299 alius}
1902 2263 1946 2292 (9¹
1965 2266 2167 2302 quacunque
2177 2255 2219 2292 in

1173 2315 1296 2353 parte,
1323 2315 1414 2342 totus
1435 2304 1478 2351 est
1491 2305 1632 2354 sensus,
1660 2314 1751 2341 totus
1763 2303 1858 2352 visus
1879 2315 1950 2342 &c-
1977 2305 2090 2341 Notat
2104 2305 2219 2343 Daie-

1179 2357 1367 2404 champius
1400 2355 1504 2393 MSS.
1531 2356 1686 2399 habere,
1707 2354 1738 2400 fi
1754 2354 1883 2391 mundo
1905 2353 1947 2397 esi
1963 2353 2054 2390 alius
2079 2354 2222 2404 aliquis.

1178 2407 1290 2444 Unde
1310 2407 1382 2454 ipse
1405 2406 1613 2455 conjectat,
1633 2404 1667 2456 fi
1684 2405 1848 2443 arnundo
1860 2415 1931 2444 cro.
1958 2405 2219 2454 Atnihilopus

1178 2466 1253 2495 erat
1271 2456 1334 2494 issa
1353 2457 1636 2505 praepositione.
1682 2457 1780 2493 Vera
1803 2457 1840 2493 δί
1861 2454 2085 2493 Latiniflima
2101 2456 2220 2495 lectio

1177 2507 1248 2551 est,
1279 2506 1313 2556 fi
1342 2507 1472 2543 mundo
1501 2507 1544 2554 est
1571 2508 1661 2544 alius
1678 2506 1806 2556 aliquis
1823 2517 1894 2545 estc.
1922 2506 2055 2543 Horat.
2077 2506 2159 2544 Lib.
2184 2518 2220 2548 Ι.

1177 2557 1276 2603 epist.
1298 2559 1354 2594 16.
1383 2564 1481 2594 Neve
1489 2567 1587 2606 putes
1606 2558 1717 2594 alium
1728 2557 1882 2606 sapiente
1901 2556 2047 2605 bonoque
2066 2555 2222 2597 beatum.

1177 2607 1295 2655 Quod
1313 2607 1339 2644 fi
1358 2609 1438 2655 quis
1458 2608 1610 2646 statuere
1632 2608 1733 2652 velit,
1748 2607 1903 2656 proxime
1924 2608 2034 2644 etiam
2057 2619 2142 2645 cum
2155 2608 2221 2646 da-

1178 2658 1257 2695 tivo
1285 2657 1385 2695 redte
1410 2659 1542 2706 jungi,
1570 2658 1751 2696 adducere
1770 2659 1875 2706 possit
1892 2657 1979 2694 illud
2002 2659 2132 2695 veteris
2155 2658 2220 2696 In-

1177 2715 1285 2756 terpr.
1312 2708 1457 2745 Concil.
1475 2708 1643 2756 Ephefin.
1666 2719 1746 2757 pag.
1771 2720 1851 2752 124.
1879 2707 1936 2745 ed,
1956 2707 2068 2744 Cont.
2095 2710 2223 2746 Proxi-

1180 2759 1234 2794 me
1254 2758 1348 2795 nobis
1364 2758 1610 2808 participatum
1630 2759 1673 2806 est
1693 2769 1846 2798 carne&
1856 2757 2027 2806 sanguine
2040 2763 2134 2795 Deus
2146 2759 2223 2795 exi-

1166 2808 1260 2856 stens
1289 2809 1447 2847 verbum.
1485 2810 1569 2847 Scio
1588 2810 1667 2847 satis
1687 2809 1877 2847 barbarum
1897 2807 1967 2846 effe
1986 2809 2088 2845 illum
2106 2811 2219 2845 inter-

1173 2869 1328 2908 pretem.
1357 2862 1409 2897 At
1427 2860 1580 2898 Latinus
1599 2859 1743 2908 egregie
1764 2861 1892 2907 Nepos
1913 2858 2076 2896 Hannib.
2092 2868 2167 2904 cap.
2181 2857 2217 2894 8.

1176 2911 1317 2959 Propius
1351 2909 1464 2947 Tiberi
1498 2909 1610 2959 quam
1639 2910 1878 2958 Thermopylis.
1920 2910 2059 2944 Verum
2091 2907 2139 2942 ibi
2169 2917 2216 2943 ex

1176 2969 1267 2998 vett.
1305 2960 1387 2998 edd.
1426 2961 1648 3010 reposuerim
1671 2988 1681 3003 ‚
1716 2960 1860 2996 Tiberim
1890 2968 1933 2995 (φ’
1964 2954 2217 3010 Thermopylas.

1176 3011 1491 3060 Praepofitionem
1524 3011 1623 3049 addit
1653 3010 1818 3047 Frontin.
1846 3006 1949 3043 Strat.
1982 3005 2063 3040 Lib.
2099 3017 2151 3042 xv.
2180 3016 2215 3050 7,

1177 3075 1235 3100 εκ.
1254 3074 1316 3108 40.
1344 3068 1437 3100 Cum
1454 3063 1552 3112 prope
1569 3061 1594 3096 a
1613 3057 1775 3107 virgultis
1784 3056 1959 3106 sylvaeque
1972 3053 2079 3105 posita
2099 3055 2216 3104 effluit.

1175 3114 1397 3151 Muncxmz.

1225 3164 1241 3190 f
1262 3159 1487 3207 Geminum]
1518 3161 1606 3198 Non
1629 3157 1738 3195 habet
1760 3157 1897 3195 Colon.

1225 3222 1242 3248 ε
1274 3210 1481 3259 irrupturi]
1513 3208 1680 3258 Erupturi
1700 3208 1835 3246 Colon.
1863 3207 1983 3244 nescio
2004 3219 2047 3244 an
2068 3206 2212 3248 rectius.

1175 3276 1220 3301 ex
1248 3273 1329 3298 arce
1361 3262 1460 3297 enim
1498 3263 1534 3298 in
1563 3260 1689 3299 urbem
1719 3257 1958 3305 erumpebant
1985 3258 2137 3302 Sabini,
2175 3261 2218 3298 ὅτ,

1177 3323 1298 3363 pugna
1307 3312 1344 3350 in
1357 3311 1482 3350 medio
1496 3312 1580 3351 foro
1593 3307 1794 3349 commissa.
1821 3320 1927 3360 quam
1939 3309 2048 3347 etiam
2062 3309 2219 3386 Rlaener.

2140 3366 2228 3397 Ssaa
