2483 3616
292 153 1528 219 METAMORPHOSEON
1601 154 1744 210 L1rr.

1819 155 1989 212 XIII.
2066 174 2162 227 903
2212 136 2216 144 ι

327 277 564 331 Infecere
587 273 769 326 diem?
786 270 951 325 veluti
973 289 1098 326 cum
1125 271 1345 327 flumina
1369 284 1514 328 natas

330 347 591 412 Exhalant
618 342 860 405 nebulas,
900 361 998 397 nec
1023 343 1114 399 Sol
1138 342 1438 399 admittitur
1461 345 1610 400 infra.

328 421 462 473 Atra
487 416 660 470 favilla
685 416 857 478 volat,
895 418 1293 490 glomerataque
1318 435 1509 488 corpus
1534 418 1589 470 in
1612 433 1779 471 unum

183 496 280 562 605
323 488 614 548 Densatur;
656 487 956 560 faciemque
983 489 1150 558 capit:
1190 489 1453 560 sumitque
1477 490 1715 542 calorem

317 562 509 633 'Atque
533 560 760 613 animam
785 579 853 614 ex
878 562 1002 631 igni.
1042 561 1223 615 levitas
1257 561 1343 614 sua
1369 560 1608 631 praebuit
1635 562 1748 614 alas„

320 633 392 687 Et
416 632 591 704 primo
616 632 790 687 similis
817 634 1021 687 volucri
1040 672 1054 695 ,
1097 650 1223 686 mox
1245 651 1366 687 vera
1393 632 1620 686 volucris

320 705 554 759 Insonuit
581 706 780 775 pennis.
819 705 1016 775 pariter
1039 706 1263 758 sonuere
1286 705 1492 758 sorores

320 777 666 840 Innumerae;
706 775 895 849 quibus
922 777 995 829 est
1019 777 1206 830 eadem
1232 777 1411 830 natalis
1436 777 1605 847 origo,

177 853 280 904 *610
318 849 545 922 Terque
570 865 763 918 rogum
787 848 1022 901 lustrant:
1071 847 1125 900 &
1160 849 1422 902 consonus
1450 850 1560 902 exit
1583 849 1638 903 in
1665 864 1810 902 auras

319 922 437 976 Ter
461 924 692 990 clangor.
732 933 925 991 quarto
951 920 1210 973 seducunt
1236 919 1398 973 castra
1424 923 1618 974 volatu,

315 995 474 1049 ‘Tum
501 995 612 1047 duo
639 991 841 1046 diversa
864 991 1048 1062 populi
1075 991 1143 1044 de
1169 1006 1317 1062 parte
1342 992 1548 1046 feroces

324 1067 470 1121 Bella
495 1078 686 1137 gerunt
713 1082 724 1116 :
765 1062 1049 1135 rostrisque
1077 1062 1132 1115 &e
1157 1062 1375 1117 aduncis
1400 1064 1662 1135 unguibus
1688 1065 1786 1118 iras

325 1138 629 1199 Exercent3
669 1136 880 1207 alasque
906 1134 1226 1206 adversaque
1251 1135 1465 1207 pectora
1490 1135 1683 1191 lassant.

182 1213 279 1278 615
316 1209 647 1281 Inferiaeque
672 1207 869 1261 cadunt
896 1206 1062 1261 cineri
1088 1221 1316 1277 cognata
1340 1208 1546 1278 sepulto

321 1282 567 1354 Corpora
592 1299 603 1334 :
644 1281 804 1352 seque
828 1280 945 1333 viro
972 1279 1100 1333 forti
1126 1280 1419 1334 meminere
1447 1293 1666 1336 creataS.

324 1352 671 1426 Praepetibus
696 1351 876 1406 subitis
900 1369 1100 1405 nomen
1116 1350 1248 1405 facit
1273 1351 1486 1413 anfion
1528 1353 1591 1406 ab
1616 1355 1708 1408 illo

324 1424 709 1480 Memnonides
736 1422 935 1486 dictae,
974 1441 1099 1477 cum
1123 1423 1211 1476 Sol
1236 1423 1484 1478 duodena
1508 1427 1716 1498 peregit

327 1498 515 1570 Signa,
551 1496 806 1570 parentali
832 1496 1096 1569 periturae
1122 1510 1291 1551 marte
1321 1496 1589 1552 rebellant.

36 1713 164 1764 pienda
176 1711 288 1752 essent
300 1709 484 1751 volumina
495 1711 594 1758 fumi
607 1739 617 1757 ,
645 1709 797 1748 nebulas.
824 1708 865 1748 In
879 1710 1018 1748 Moreti
1040 1711 1079 1748 ὃς

35 1765 172 1813 septem
201 1765 276 1802 aliis
307 1773 411 1811 erat,
440 1763 595 1814 nigrique
624 1763 801 1800 volumine
816 1761 914 1808 fumi
939 1762 1079 1808 infecere

39 1816 140 1854 diem.
169 1816 296 1853 ssussm.

51 1900 55 1903 .
87 1866 172 1914 605.
200 1863 414 1914 Densatur.]
463 1864 634 1913 Densetur
663 1865 696 1902 S.
723 1864 871 1908 Marci,
918 1863 1076 1912 Neapol.

38 1915 143 1962 prim.
164 1916 272 1952 Palat.
293 1918 330 1953 &
350 1926 419 1954 tres
437 1914 507 1952 alii.
531 1916 635 1953 bene.
655 1915 700 1952 de
719 1927 765 1952 eo
786 1915 899 1951 verbo
909 1914 953 1951 ad
965 1915 1075 1951 Clau-

40 1964 139 2001 diani
158 1976 210 2001 ιν.
232 1965 340 2002 Cons.
362 1967 509 2004 Honor.
529 1976 611 2013 325.
634 1967 670 2002 ὃς
694 1978 756 2002 111.
776 1964 864 2002 Fast.
886 1964 967 2002 820.
983 1977 1074 2001 mox

38 2025 106 2062 pro
131 2014 291 2050 animum
318 2016 447 2053 restius
473 2016 632 2052 animam
657 2016 764 2053 multi
785 2024 937 2052 veteres.
964 2016 1072 2052 &ca—

38 2064 142 2100 lorem
163 2075 229 2111 pro
251 2063 388 2101 colorem
407 2065 476 2102 sec.
495 2066 604 2103 Palat.
627 2066 755 2103 Oxon.
779 2066 991 2115 &quinque
1003 2066 1072 2103 alii.

36 2113 184 2151 Hiems.
214 2115 271 2150 De
295 2115 432 2163 densare
458 2115 530 2152 vid.
553 2116 675 2154 Gifan.
695 2116 936 2154 Ind.Lucret.
956 2127 1071 2161 mox,

31 2165 232 2214 faciemque
254 2165 345 2213 rapit
364 2165 472 2202 Palat.
493 2167 609 2213 quint.

88 2215 173 2261 607.
206 2221 288 2251 Vera
319 2213 506 2262 volueris.]
545 2216 668 2252 Prima
684 2216 833 2253 volucris
851 2216 1013 2255 Florent.
1033 2218 1072 2255 &

35 2267 155 2313 Neap.
176 2277 266 2302 mox
281 2293 290 2309 ,
305 2265 448 2312 sonuere
460 2273 518 2313 per
537 2278 641 2302 auras
663 2273 864 2303 Innumerae
882 2268 1036 2316 Argent.

51 2358 55 2363 Ι
85 2317 169 2353 610.
200 2321 327 2365 Terque
353 2328 469 2363 rogum
498 2314 644 2361 lustrant
660 2344 669 2359 ,
697 2329 738 2356 ω’
759 2317 918 2364 consonus
937 2319 1010 2354 exit
1033 2318 1072 2354 in

35 2365 178 2416 auran]
219 2367 259 2403 ln
294 2377 370 2403 uno
403 2377 490 2403 meo
516 2365 668 2413 legitur,
698 2372 742 2403 Et
758 2377 809 2403 ter
821 2368 926 2414 fimus
944 2368 1014 2404 exit
1035 2369 1074 2405 in

34 2431 150 2455 auras.
177 2416 279 2465 quod
300 2428 376 2453 non
398 2416 546 2454 damno.
576 2416 742 2453 CIOFAN.

89 2470 131 2506 61
144 2481 172 2505 r.
196 2473 258 2503 Ter
272 2466 449 2515 plangen]
479 2466 628 2514 Clangor
648 2468 751 2513 prim.
771 2467 912 2503 Moret.
932 2466 1076 2503 sec.Pa-

32 2517 91 2556 lat.
113 2526 230 2568 quart.
251 2518 388 2555 Medic.
409 2517 587 2554 oxon&
609 2516 669 2554 alii
688 2516 913 2565 quindecim.
933 2517 1078 2555 remus.

37 2568 108 2607 vid.
138 2569 199 2606 lib.
224 2580 294 2605 ΧΠ.
326 2567 410 2616 528.
448 2568 590 2606 Hssms.
705 2567 712 2572 “

52 2641 54 2643 -
84 2620 167 2656 611.
196 2618 553 2668 {Quartosedacuntff
584 2618 624 2655 In
638 2617 787 2655 Caelest.
802 2619 838 2654 ὃ(
853 2618 1079 2666 Cap.Qar-

34 2678 68 2706 to
93 2669 267 2719 secedunt.
308 2670 476 2706 CIOFAN.
504 2669 613 2706 Prim.
637 2669 744 2705 Palat.
772 2669 877 2715 prim.
911 2669 1080 2707 Vatican.

37 2719 240 2768 Cantabrig.
263 2721 368 2767 prim.
392 2718 492 2756 Bafil.
521 2720 558 2756 ὅ(
579 2720 715 2766 septem
740 2719 822 2762 alii,
850 2730 935 2755 cum
955 2718 1080 2755 Aron-

37 2769 106 2807 del.
124 2769 431 2816 succeduntastra;
458 2771 567 2806 etiam
589 2770 693 2806 bene.
715 2769 788 2816 pari
819 2768 936 2805 modo
953 2796 962 2811 ,
987 2769 1082 2813 suhi-

37 2832 72 2856 re
96 2820 190 2856 tec‘lis
211 2820 373 2867 &subire
389 2822 478 2856 tec‘la
494 2819 676 2857 dicebant.
705 2819 752 2856 fic
771 2819 867 2867 apud
887 2818 1082 2856 Veri-Flac-

40 2880 122 2907 cum
142 2870 202 2907 lib.
222 2881 266 2906 11.
294 2869 377 2917 283.
404 2870 627 2907 scribendum
643 2898 652 2913 ,

86 2926 168 2957 Non
186 2917 309 2965 similes
325 2932 401 2968 jam
423 2920 515 2965 ferre
537 2920 649 2956 choros
670 2919 794 2966 (semel
811 2919 905 2967 orgia
923 2918 1078 2964 fallunt)

53 2999 55 3002 .
87 2970 210 3006 Audet
224 2997 234 3013 ‚
262 2982 328 3005 non
341 2972 467 3017 patrios
478 2970 611 3015 furtim
623 2970 934 3018 sccscedcresaltus.

38 3031 223 3068 perperam
243 3020 356 3065 furtis
382 3019 532 3056 accedere
562 3032 661 3056 nunc
692 3021 969 3064 circumfertur,
1006 3031 1076 3057 nec

41 3070 167 3107 melius
195 3070 378 3106 Carrionis
400 3068 510 3112 liber,
537 3068 638 3115 buflis
659 3070 846 3106 accendere.
876 3070 997 3116 postea
1022 3071 1075 3107 di-

44 3120 159 3157 e'turus
180 3119 227 3157 est
242 3147 252 3163 ‚
279 3133 349 3156 vox
370 3119 494 3155 accidit
513 3132 610 3155 aures
628 3117 749 3154 flebile
761 3119 952 3166 succedens.
990 3121 1077 3158 Vir-

43 3169 144 3218 gilius
163 3169 220 3206 lib.
243 3182 305 3206 111.
329 3169 382 3210 xis.
404 3181 484 3217 54¹·

96 3218 157 3256 Sed
178 3229 293 3256 tamen
312 3220 414 3256 iidem
440 3219 519 3256 clim
545 3231 682 3256 currum
698 3216 872 3266 succedere
883 3219 974 3266 sueti

97 3269 349 3318 Quadrupedes.

151 3322 240 3357 Tem.
265 3326 311 3358 II.

1937 1573 2040 1623 620
2073 1569 2173 1624 Er-

1134 1710 1182 1748 fic
1212 1712 1370 1750 vetustus
1397 1712 1515 1750 codex
1541 1711 1790 1750 Bibliothecae
1821 1707 2009 1746 Leidenfis
2032 1721 2040 1744 :
2078 1707 2174 1754 apud

1135 1762 1295 1800 eundem
1321 1763 1413 1801 libro
1434 1775 1504 1800 vn.
1533 1762 1588 1804 ybs.
1615 1764 1694 1801 161.
1723 1773 1808 1799 curn
1831 1771 1994 1808 muroque
2005 1757 2175 1805 subibant

1133 1824 1233 1850 nunc
1251 1814 1392 1862 legatur
1406 1841 1416 1856 ‚
1444 1814 1665 1860 exemplaria
1684 1824 1760 1850 non
1778 1822 1893 1860 pauca
1912 1807 2050 1847 vetusta
2062 1819 2179 1857 murog

1133 1864 1343 1912 agnoscunt.
1375 1864 1478 1901 Silius
1497 1863 1588 1900 libro
1611 1876 1645 1901 x.
1677 1863 1758 1910 596.

1304 1923 1513 1964 properemus
1527 1942 1537 1958 ,
1565 1924 1605 1950 ut
1627 1914 1725 1958 hostis

1182 1965 1425 2015 Nequicquam
1444 1974 1598 2001 armatos
1615 1963 1703 2013 aufit
1719 1963 1894 2012 succedere
1915 1963 2041 1998 mmor.

1129 2015 1308 2064 Apulejus
1336 2017 1428 2052 Met.
1461 2027 1497 2051 v.
1539 2020 1657 2051 Larem
1687 2014 1835 2062 nostrum
1864 2014 1974 2049 laetae
1993 2010 2176 2060 succedite.

1129 2066 1248 2103 Festus
1272 2066 1436 2103 Avienus
1460 2065 1636 2113 Descript.
1657 2065 1748 2102 Orb.
1768 2065 1853 2108 9¹6·

1182 2117 1390 2165 Massagetae
1405 2115 1521 2165 glauci
1532 2116 1719 2164 succedunt
1735 2114 1868 2165 flumen
1889 2113 2036 2151 Araxis.

1131 2167 1168 2204 ὃ(
1184 2195 1194 2211 ,
1228 2179 1333 2204 1211.

1180 2224 1314 2259 Horum
1335 2217 1395 2269 qui
1413 2217 1515 2266 gelidi
1527 2217 1716 2265 succedunt
1730 2213 1884 2265 plaustra
1903 2219 2047 2259 Bootae,

1183 2267 1332 2316 Pinguia
1351 2281 1434 2304 rura
1459 2278 1588 2306 tenent.

1127 2325 1198 2354 tres
1229 2330 1313 2354 cum
1338 2320 1460 2367 primo
1481 2320 1572 2366 Reg.
1592 2320 1772 2366 secernunt
1792 2314 1910 2361 castra,
1936 2315 2080 2351 Heius.
2111 2313 2172 2350 De

1124 2367 1239 2416 subire
1267 2369 1492 2416 &succedere
1515 2368 1588 2405 vid.
1609 2368 1652 2404 ad
1675 2368 1742 2415 Ep.
1763 2378 1816 2402 iv.
1839 2378 1896 2402 22.
1927 2369 1962 2401 ὃ(
1985 2365 2171 2401 xv111.62.

1083 2433 1085 2437 ¹
1124 2418 1294 2465 seducunt
1313 2418 1461 2465 claustra
1479 2431 1570 2455 unus
1596 2416 1936 2464 Heinfiisuccedunt
1948 2415 2055 2459 castra
2072 2414 2176 2452 oe'to.

1186 2468 1269 2513 614.
1301 2468 1478 2516 Laffant.]
1520 2474 1660 2504 Laxant
1681 2462 1923 2514 duossjacffant
1946 2465 2175 2502 octodecim.

1129 2517 1272 2566 pulsant
1290 2517 1377 2555 duo.
1405 2527 1587 2566 exertaque
1605 2520 1737 2566 pechra
1760 2516 1927 2553 Ambros.

1186 2570 1269 2616 615.
1297 2567 1495 2616 cognatm]
1525 2567 1685 2616 Congesta
1703 2565 2087 2616 Langenn.sepulchro
2099 2565 2175 2603 duo

1135 2618 1226 2656 libri.

1187 2670 1271 2712 617.
1300 2675 1434 2706 Nomen
1444 2668 1577 2717 facit.]
1611 2672 1744 2705 No'rnen
1763 2668 1858 2704 dedit
1886 2667 2080 2715 Argentin.

1187 2719 1270 2756 618.
1300 2720 1539 2756 Memnonides
1558 2719 1677 2756 dinae.
1697 2720 1705 2765 ἶ
1737 2719 1795 2755 Sic
1816 2718 1980 2755 &Plinio
1994 2718 2180 2756 dicuntur.⁴

1136 2770 1333 2817 quomodo
1357 2769 1579 2817 Meleagrides
1598 2781 1616 2805 a
1638 2770 1838 2817 Meleagro.
1869 2768 2178 2806 Memnoniaesunt

1139 2820 1280 2858 Solino.
1309 2820 1410 2867 quod
1438 2820 1483 2856 de
1512 2820 1683 2867 parentali
1711 2830 1834 2856 earum
1857 2819 2030 2855 conflictu
2052 2817 2178 2860 addit,

1137 2869 1175 2906 id
1202 2870 1247 2907 de
1278 2870 1466 2907 Diomede
1486 2881 1637 2918 quoque
1663 2881 1704 2906 ac
1725 2869 2005 2917 Meleagridibus
2035 2877 2176 2904 veteres
2246 2879 2253 2886 ’

1137 2920 1306 2967 produnt.
1347 2920 1501 2964 Noster,
1534 2932 1616 2956 cum
1643 2921 1679 2956 ὅ(
1701 2920 1877 2966 Meleagri
1899 2927 2057 2954 mortem
2081 2917 2174 2952 libro

1136 2983 1227 3008 virt.
1246 2970 1438 3013 describat,
1469 2972 1506 3007 &
1524 2970 1663 3007 lucium
1687 2970 1870 3018 publicum
1893 2979 1937 3003 ex
1956 2969 2030 3002 hoc
2051 2965 2128 3002 casu
2151 2975 2173 3002 a

1134 3021 1349 3069 Calydoniis
1379 3030 1453 3057 tam
1484 3020 1657 3057 foeminis
1689 3031 1797 3066 quam
1821 3018 1902 3053 viris
1926 3023 2173 3070 conceptum,

1131 3072 1296 3121 lugentes
1325 3080 1448 3108 tamen
1471 3072 1505 3106 in
1528 3081 1612 3106 aves
1636 3067 1872 3116 Meleagridas
1884 3064 2075 3119 conversos
2089 3065 2175 3100 fuis-

1131 3122 1165 3159 se
1180 3150 1190 3166 ,
1219 3121 1320 3170 quod
1334 3118 1722 3168 Apollodorustradit,
1748 3129 1823 3154 non
1841 3116 1950 3153 addit.
1967 3126 2010 3151 ex
2023 3113 2176 3159 Euhie-j

1131 3173 1189 3220 pia
1208 3172 1281 3208 illas
1301 3171 1510 3207 catervatim
1532 3169 1575 3204 ad
1597 3169 1734 3204 bustum
1761 3165 1971 3202 Memnonis
1996 3164 2174 3201 convola-

1134 3234 1172 3258 re
1188 3249 1197 3264 ,
1226 3221 1328 3268 quod
1353 3219 1400 3255 est
1423 3231 1537 3266 prope
1560 3218 1666 3253 Ilium
1682 3245 1691 3260 ‚
1719 3217 1860 3253 Solinus
1880 3215 2069 3258 adfirmat,
2094 3214 2175 3262 plu-

1135 3283 1173 3308 ra
1210 3270 1425 3317 subjungens
1463 3280 1506 3305 ex
1542 3268 1746 3305 Cremutio.
1773 3266 1917 3302 Hms.
1944 3265 2090 3303 Graecis
2119 3265 2174 3301 di-

1386 3318 1421 3355 Y
1434 3329 1456 3366 y
1472 3330 1492 3366 y
1504 3328 1527 3365 y
1541 3329 1564 3366 y
2084 3326 2174 3361 cunr
