2483 3616
324 160 1565 238 METAMORPHOSEON
1638 162 1993 228 Iaxaxln.

2103 184 2200 242 913

353 285 690 353 Neritiasque
716 278 940 343 domos,
977 296 1206 352 regnum
1230 279 1425 337 fallacis
1452 279 1663 343 Ulixei,

354 359 571 413 Praeter
595 367 742 408 erant
764 352 902 407 vetti
928 370 940 407 ε
979 355 1352 418 certatam-lite
1377 354 1623 409 Deorum

358 426 727 489 Ambraciam,
764 424 1006 498 versique
1031 426 1219 481 vident
1242 425 1335 481 sub
1357 426 1588 498 imagine
1611 426 1794 483 saxum

215 519 311 572 715
339 499 546 572 Judicis
564 543 576 562 ,
617 498 839 553 Affiaco
863 516 1001 571 quae
1025 516 1168 554 nune
1193 498 1256 553 ab
1281 499 1533 570 Apolline
1558 513 1686 555 nota
1711 501 1815 564 est,

351 571 722 644 Vocalemque
752 571 842 625 sua
864 585 1061 628 terram
1086 570 1381 626 Dodonida
1404 587 1637 642 quercu,

353 644 739 716 Chaoniosque
767 643 902 698 finus
928 663 939 699 :
979 644 1071 699 ubi
1098 645 1208 698 nati
1232 660 1359 715 rege
1382 640 1621 697 Molosso

352 718 503 774 irrita
525 715 765 787 subjeffis
788 717 978 788 fugere
1004 717 1253 773 incendia
1274 715 1477 789 pennis,

2051 861 2208 920 Fan.

115 1005 204 1053 706.
229 1010 374 1044 Cretam
393 999 566 1052 tenuere]
594 1005 721 1040 Creten
737 1010 832 1040 unus
852 997 1109 1039 Bonon.unus
1162 999 1295 1049 phael,
1321 999 1386 1051 qui
1404 999 1466 1039 has
1484 998 1644 1046 fabulas,
1671 998 1822 1038 aiteram
1841 999 1888 1039 de
1894 998 2021 1050 j'udice
2033 999 2071 1038 in
2083 1000 2210 1042 saxum

68 1056 176 1098 Voff.
190 1062 341 1095 Cretem.
367 1054 516 1092 Heius.

69 1096 73 1105 ι
118 1120 204 1156 707.
231 1113 330 1145 Ferre
347 1105 409 1142 diu
427 1103 582 1153 nequiere
593 1100 725 1151 luem.]
755 1099 813 1139 Sic
827 1101 864 1138 in
876 1099 1112 1150 quibusdam,

72 1167 113 1199 ut
133 1159 338 1208 virgiliano
369 1163 489 1193 utatur
507 1153 644 1196 verbo.
672 1152 718 1191 de
738 1151 867 1189 eadem
887 1150 1088 1200 pestilentia
1103 1178 1114 1196 ,

72 1209 330 1258 Arboribusque
343 1205 499 1255 fhtisque
528 1204 599 1241 lues
618 1213 661 1243 ω’
679 1203 791 1250 letifer
809 1215 941 1239 annus.
961 1202 999 1239 in
1018 1213 1114 1240 non-

46 1293 49 1296 ,
72 1261 174 1300 nullo
200 1268 346 1301 tamen,
376 1256 532 1302 Jovem,
558 1265 637 1292 non
661 1253 765 1291 luem.
793 1254 983 1291 Nauem.
1011 1253 1115 1292 Libri

72 1321 213 1350 veteres
228 1338 239 1355 ,
265 1310 398 1356 Jovem
413 1334 423 1350 ,
450 1305 655 1350 nonluem,
679 1303 782 1354 quod
792 1303 1114 1353 libentiussequor.

74 1361 243 1400 Cmmu.
270 1363 384 1409 Qem
408 1356 569 1395 Florent.
589 1355 625 1394 S.
644 1356 775 1393 Marci.
799 1354 842 1392 In
864 1355 1010 1404 reliquis
1031 1366 1116 1393 om-

72 1413 202 1457 nibus,
228 1411 373 1459 Jovem.
398 1408 532 1455 Jovem
551 1418 618 1456 pro
638 1409 723 1444 ae‘re
741 1405 867 1455 paffim
891 1404 912 1442 a
930 1406 1050 1455 po'e'tis
1061 1404 1118 1444 di-

75 1465 109 1503 ci
129 1464 208 1514 quis
226 1459 368 1501 nescit?
388 1459 475 1497 vide
496 1457 616 1496 Barth.
634 1456 680 1495 ad
698 1456 829 1496 Claud.
852 1455 964 1494 Cons.
985 1455 1118 1505 Olybr.

79 1526 139 1564 37.
166 1514 242 1552 Hic
260 1520 383 1551 autern
401 1516 525 1558 argute
545 1508 677 1547 Noster
689 1536 700 1553 ,
727 1519 813 1546 cum
828 1508 935 1545 Creta
947 1506 1117 1547 firnatale

73 1566 192 1604 solum
221 1564 337 1612 Jovis.
360 1562 458 1610 apud
475 1560 607 1610 Virgil.
624 1559 687 1599 lib.
706 1571 776 1599 ω.
799 1570 885 1598 222.
910 1556 1050 1598 AEneas
1071 1559 1117 1599 de

78 1616 241 1655 adventu
259 1614 324 1652 suo
342 1614 380 1651 in
398 1612 570 1650 Cretam:

129 1666 301 1705 lauimus
309 1666 405 1712 ferro
417 1691 428 1708 ‚
454 1672 498 1702 ω’
517 1661 618 1698 divos
630 1687 641 1705 ‚
659 1660 835 1712 ipsumque
854 1673 1020 1699 vocamus

136 1724 177 1755 In
190 1715 358 1767 praedam
373 1723 576 1764 partemque
595 1712 742 1757 Jovem.

80 1767 185 1807 Silius
204 1767 267 1806 lib.
288 1779 331 1803 11.
359 1777 438 1813 ης.
464 1764 511 1802 de
535 1762 669 1812 Mopso
691 1761 880 1811 Cretenfi,
907 1764 973 1814 qui
991 1762 1122 1813 procul

77 1818 101 1857 a
121 1819 233 1869 patria
255 1815 513 1859 occidebatur,

130 1870 311 1917 Defiertum
325 1875 383 1915 per
400 1876 484 1903 vota
501 1864 633 1910 Jovem
654 1877 722 1901 non
737 1873 842 1914 grata
860 1865 1023 1904 vocabat.

80 1920 185 1958 Nihil
215 1919 286 1957 illic
319 1916 551 1966 Dausqueius
580 1914 684 1954 vidit.
711 1915 901 1954 Cretenses
924 1918 1035 1954 etiam
1059 1918 1123 1956 τῆν

80 1970 210 2014 ἡμέραν
230 1968 455 2018 appellabant
466 1965 555 2011 Δία,
576 1966 664 2004 teste
684 1966 881 2004 Macrobio
898 1968 935 2005 in
954 1967 1123 2006 Saturna-

38 2038 43 2040 >
81 2019 144 2057 lib.
170 2017 231 2055 lib.
249 2030 278 2055 1.
306 2030 381 2066 cap.
404 2018 459 2056 16.
485 2016 683 2066 quomodo
714 2018 905 2061 Romani,
941 2019 1122 2056 Lucetium

79 2069 217 2115 Jovem
237 2094 249 2112 ,
289 2068 328 2106 ὅ(
357 2067 585 2116 Diespitrem,
621 2075 662 2110 ut
679 2067 751 2106 diei
777 2077 918 2116 patrem
945 2069 1126 2108 dicebant.

82 2119 140 2157 Ita
151 2126 291 2163 contra,
303 2129 369 2166 pro
379 2117 486 2162 Jovis
497 2145 508 2163 ,
534 2117 604 2156 lues
617 2117 816 2168 legendum
827 2119 924 2167 apud
936 2119 1019 2159 Val.
1030 2119 1124 2158 Flac.

86 2181 153 2208 ιιι.
174 2170 258 2215 246.
284 2168 346 2206 ubi
367 2167 451 2205 vide
473 2179 567 2217 quae
583 2169 808 2208 notavimus.
834 2170 982 2208 Herus.

137 2219 222 2266 708.
250 2225 383 2269 Optant
404 2218 590 2267 contingere
603 2219 756 2270 portus.]
786 2220 855 2259 Sex
870 2248 880 2267 ‚
906 2229 1044 2271 aptant.
1048 2230 1127 2272 pro-

81 2278 211 2321 perant
228 2277 332 2320 puto.
359 2269 476 2306 IDEM.

139 2332 225 2367 710.
254 2319 411 2369 infidia]
444 2316 568 2368 Invifis
581 2318 726 2359 Botion.
747 2319 885 2369 affidus's
906 2321 1077 2361 Leidens.

137 2382 222 2418 711.
254 2371 489 2419 Ithacamque.
506 2369 522 2419 ]
562 2369 684 2409 Ithaca
720 2372 790 2409 fuit
825 2373 952 2410 Ulixis
981 2373 1095 2421 patria
1116 2400 1127 2417 ,

87 2433 184 2471 quae
199 2450 210 2467 ,
237 2429 279 2460 ut
297 2423 346 2460 ait
363 2420 556 2464 Tibullus,
583 2420 652 2458 fuit
673 2433 783 2469 parva
805 2422 898 2460 urbs.
934 2422 1024 2471 Ejus
1045 2435 1128 2462 ver-

84 2472 153 2519 ba,
181 2472 312 2523 quibus
329 2473 403 2510 hoc
424 2471 602 2515 docetur,
628 2470 710 2509 sunt
726 2471 788 2509 lib.
808 2483 864 2509 tv,
891 2483 922 2509 1.
940 2473 1001 2516 48.

138 2530 220 2560 Non
237 2523 337 2572 Pylos
349 2550 360 2568 ,
387 2532 453 2559 aut
473 2521 590 2558 Ithace
607 2530 723 2559 tantos
736 2521 879 2571 genuiffe
886 2523 1078 2569 feruntur,

137 2574 277 2620 Nestora
290 2601 301 2618 ,
328 2572 386 2610 vol
398 2581 537 2622 parvae
557 2584 724 2620 magnum
744 2574 843 2609 decus
862 2572 955 2609 urbis
974 2573 1119 2612 Ulixem.

87 2625 206 2674 Quod
224 2624 376 2672 quidem
399 2622 594 2661 verisimile
619 2623 765 2661 videtur
779 2651 788 2667 ,
817 2622 972 2661 &facile
984 2632 1132 2673 apparet

87 2687 137 2714 ex
155 2676 213 2714 M.
234 2675 364 2713 Tullio
378 2702 389 2720 ,
416 2674 480 2722 qui
502 2685 584 2711 eam
607 2673 783 2710 Nidulum
804 2682 926 2713 vocat.
953 2674 1041 2725 Ejus
1051 2687 1132 2713 ver-

90 2725 136 2764 ba
167 2726 248 2764 sunt
274 2725 336 2764 lib.
358 2738 385 2763 1.
422 2725 484 2762 De
505 2725 609 2762 Orat.
629 2735 686 2771 44.
714 2728 792 2769 Ac,
821 2723 857 2772 st
875 2738 957 2770 nos,
983 2726 1022 2762 id
1042 2726 1134 2777 quod

91 2776 247 2814 maxime
267 2774 361 2813 debet
373 2803 384 2820 ‚
412 2774 523 2820 nostra
540 2774 658 2824 patria
676 2774 819 2812 delefiat
831 2803 842 2820 ‚
869 2776 964 2823 cujus
982 2777 1032 2813 rei
1052 2787 1133 2813 tan-

91 2836 131 2864 ta
151 2826 194 2874 est
213 2826 269 2863 vis
295 2839 335 2862 ac
357 2835 461 2862 tanta
474 2835 627 2871 natura,
655 2836 695 2862 ut
710 2828 868 2863 Ithacam
879 2825 1002 2872 illam,
1026 2827 1064 2864 in
1076 2829 1134 2876 a]2

87 2876 247 2927 perrimis
267 2876 404 2924 saxulis
423 2887 608 2927 tamquam
626 2876 790 2913 nidulum
807 2876 953 2926 affixam
965 2905 976 2922 ‚
996 2877 1134 2927 sapien·

92 2925 236 2976 tiffi'mus
253 2926 312 2963 vir
331 2927 592 2964 immortalitati
610 2938 837 2977 anteponeret.
875 2928 1007 2967 Rursus
1029 2929 1133 2967 dete-

92 2979 188 3027 gitur
210 2989 292 3014 earn
315 2976 532 3015 collocatam
554 2977 657 3016 fuiffe
673 2979 711 3016 in
733 2978 834 3016 saxis.
862 2987 971 3029 atque
989 2979 1063 3018 hoc
1076 2981 1132 3018 vi·

93 3028 199 3066 detur
215 3024 377 3066 annuisse
395 3026 534 3067 Seneca
554 3028 592 3065 in
616 3028 825 3067 Troadibus
846 3029 901 3068 his
920 3030 1063 3069 verbis:
1084 3034 1133 3068 Et

96 3090 215 3116 nocens
226 3078 329 3128 fhxis
352 3077 469 3114 Ithace
487 3077 614 3128 dolosis.
641 3078 810 3117 CxofAN.

144 3139 229 3175 711.
265 3127 513 3177 Samumque.]
562 3127 727 3177 Quidam
768 3135 971 3181 Samemque
1012 3131 1140 3181 legen-

95 3176 186 3229 dum
205 3187 333 3227 putant
347 3207 357 3223 ,
384 3179 444 3217 sed
461 3178 574 3216 Strab.
590 3179 650 3217 lib.
670 3190 705 3216 x.
731 3179 811 3216 satis
833 3181 968 3220 indicat
980 3188 1141 3228 Samum,

99 3228 139 3266 &
158 3241 223 3277 pro
245 3230 356 3267 insula
368 3229 593 3278 Cephalenia
607 3258 618 3274 ,
644 3240 739 3278 quae
757 3229 968 3278 Tetrapolis
991 3233 1039 3269 est
1054 3261 1065 3277 ,
1082 3245 1144 3271 ac-

102 3278 195 3328 ςίρί,
220 3280 259 3319 &
273 3288 340 3331 pro
362 3280 462 3321 urbe.
487 3281 562 3320 hoc
579 3280 801 3321 autemloco
813 3280 975 3332 ingenue
986 3282 1060 3332 agit
1071 3283 1146 3332 Κατ

1165 1051 1366 1096 converso,
1394 1051 1545 1090 alteram
1574 1050 1620 1089 de
1647 1051 1800 1090 Moloffi
1820 1050 1897 1089 filio
1916 1050 1951 1090 se
1969 1052 2137 1101 ignorare
2155 1053 2213 1091 fa-

1165 1109 1272 1139 tetur.
1302 1113 1373 1150 ego
1395 1113 1453 1140 eas
1472 1103 1637 1140 obscuras
1659 1102 1813 1146 censeo,
1839 1101 2121 1152 itaqueapoeta
2131 1102 2215 1142 obi-

1166 1158 1222 1189 ter
1242 1153 1410 1196 attactas,
1439 1153 1681 1191 utitadicam.
1708 1153 1919 1191 Gratiam.
1945 1158 2138 1203 Samonque
2149 1165 2216 1192 ve-

1169 1210 1263 1240 teres
1290 1202 1478 1252 plerique,
1516 1203 1574 1241 sed
1597 1209 1788 1254 Samenque
1809 1205 1930 1242 verius
1956 1203 2016 1241 est.
2043 1203 2119 1241 dixi
2138 1205 2217 1242 Re-

1168 1252 1271 1291 med.
1281 1256 1413 1292 Amor.
1423 1253 1479 1296 fis.
1488 1254 1573 1291 268.
1588 1254 1804 1303 Ithacanque
1814 1266 1906 1292 unus
1915 1253 2056 1292 Medic.
2069 1254 2216 1293 Hirrus.

1223 1315 1306 1352 752.
1333 1311 1486 1354 Regnum
1494 1304 1640 1351 fallacis
1661 1303 1812 1354 Ulixei.]
1843 1305 1879 1343 Si
1892 1306 2073 1343 memoria
2083 1312 2215 1350 teneo„

1172 1354 1223 1393 ita
1242 1355 1331 1405 legit
1349 1355 1559 1394 Priscianus.
1580 1364 1616 1394 at
1627 1355 1708 1393 libri
1721 1363 1876 1400 veteres,
1896 1355 2019 1394 Ulixis.
2046 1355 2215 1394 Cxorarr..

1225 1417 1309 1457 713.
1339 1413 1561 1444 Praetereant
1582 1405 1712 1456 vecla]
1743 1406 1785 1444 In
1807 1406 2051 1456 quibusdam,
2079 1415 2215 1455 praeter

1172 1468 1274 1495 erant
1304 1458 1405 1495 vetti.
1442 1458 1631 1496 Nauem.
1659 1457 1718 1495 Sic
1743 1469 1846 1495 meus
1868 1458 2054 1507 antiquior
2079 1457 2118 1495 &
2141 1458 2216 1495 Ur-

1172 1507 1252 1546 fini.
1279 1508 1356 1548 Alii
1383 1509 1534 1558 quidam
1558 1508 1655 1546 male
1682 1507 1838 1552 habent,
1875 1514 2111 1545 Praetereunt.
2150 1508 2219 1546 Li-

1173 1560 1253 1597 vius
1264 1559 1328 1599 lib.
1341 1571 1428 1598 xxv.
1455 1559 1628 1597 Bomilcar
1641 1587 1652 1604 ,
1673 1558 1828 1597 siciliam
1841 1561 2097 1608 praeterveffius
2109 1585 2120 1603 ‚
2150 1563 2219 1596 Ta-

1177 1620 1317 1648 rentum
1336 1610 1436 1660 petit.
1463 1610 1631 1649 Ciofan.
1660 1616 1800 1648 Praeter
1819 1619 1921 1647 erant
1937 1609 2028 1646 vecti
2047 1609 2220 1648 meliores

1178 1672 1312 1710 magna
1343 1674 1388 1699 ex
1415 1669 1530 1710 parte.
1556 1670 1591 1700 at
1618 1662 1810 1699 Mediceus
1827 1661 2057 1705 chartaceus,
2082 1667 2222 1710 Propter

1175 1723 1279 1748 erant
1297 1712 1400 1749 veeli.
1424 1712 1572 1750 Hnms.
1599 1711 1687 1750 Vid.
1708 1712 1754 1749 ad
1772 1712 1832 1750 lib.
1844 1723 1880 1749 v.
1895 1711 2022 1759 ¹59.&
2035 1710 2223 1759 vura-58.

1229 1774 1313 1812 713.
1341 1768 1523 1800 certatam
1553 1762 1614 1799 lite
1633 1762 1822 1812 Deorum]
1858 1761 2043 1811 Apollinis
2060 1773 2221 1810 nempe.

1176 1812 1347 1858 Dianae,
1382 1814 1421 1851 &
1453 1814 1634 1851 Herculis.
1662 1813 1821 1851 fabulam
1852 1824 1899 1850 ex
1920 1811 2094 1850 Nicandri
2116 1810 2224 1850 E‘re-

1179 1867 1375 1910 ρσιουμένοις
1397 1864 1436 1903 &
1461 1864 1686 1902 Ambracicis
1705 1862 1923 1901 Athanadae
1941 1862 2094 1900 servavit
2117 1863 2224 1901 nobis

1177 1915 1392 1954 Antoninus
1406 1914 1582 1953 Liberalis
1595 1942 1606 1960 ,
1633 1914 1819 1963 docetque
1839 1913 2008 1960 Judicem
2031 1924 2052 1950 a
2065 1913 2135 1951 Dis
2153 1915 2224 1952 hac

1177 1966 1215 2004 in
1243 1966 1307 2004 lite
1328 1966 1466 2005 lectum
1487 1965 1706 2015 Cragaleum
1729 1965 1881 2003 Herculi
1901 1963 2140 2003 Ambraciam
2161 1964 2227 2002 ad-

1175 2015 1342 2062 seruiffe‚
1370 2028 1412 2055 ac
1432 2016 1587 2066 proinde
1606 2015 1651 2053 ab
1661 2015 1851 2064 indignato
1863 2014 2084 2063 Apollinein
2097 2015 2222 2053 saxum

1180 2066 1286 2105 fuisse
1315 2067 1547 2106 conversum.
1597 2066 1777 2104 Videatur
1806 2066 1833 2104 is
1856 2065 2149 2113 Metamorphofi
2169 2076 2226 2104 ιν.

1181 2118 1400 2166 Interpretes
1417 2118 1462 2156 ad
1483 2119 1583 2156 hunc
1600 2117 1730 2156 Ovidii
1745 2118 1872 2163 locum
1885 2115 1936 2154 nil
1948 2142 1962 2160 ,
1987 2116 2224 2165 quodsciam‚

1180 2168 1430 2207 contulerunt.
1456 2169 1603 2206 HEINS.

1232 2231 1316 2265 714.
1354 2218 1629 2268 Ambraciam]
1685 2216 1909 2254 Ambrae-ian
1950 2217 2057 2265 prim.
2103 2217 2226 2256 vatic.

1181 2270 1328 2308 Hrms.
1354 2271 1453 2309 Vide
1472 2270 1517 2308 ad
1540 2270 1648 2318 Epist.
1670 2280 1733 2305 xv.
1755 2269 1835 2313 164.

1235 2333 1319 2370 715.
1343 2321 1525 2370 Judicis]
1562 2318 1689 2357 Indicis
1714 2318 1899 2356 nonnulli.
1925 2316 1984 2355 sed
2015 2315 2226 2356 Passeratius

1182 2370 1229 2410 ad
1247 2371 1411 2421 Propert.
1432 2384 1500 2410 111.
1525 2383 1582 2408 10.
1608 2382 1643 2419 p.
1663 2380 1746 2415 472.
1772 2369 1885 2417 legit,
1913 2367 2077 2406 vindicis.

1236 2422 1319 2467 716.
1347 2420 1684 2470 Vocalemquesua.]
1713 2420 1905 2468 Quoniam
1932 2418 2130 2456 secundum
2143 2429 2230 2456 orn-

1181 2472 1288 2510 nium
1307 2474 1527 2520 opinionem
1547 2471 1733 2509 Dodonae
1750 2481 1904 2519 quercus
1916 2469 2053 2507 vocalis
2065 2478 2163 2514 erat,
2188 2470 2229 2508 ὃ(

1183 2522 1336 2570 ipsamet
1357 2522 1533 2561 effabatur
1552 2522 1711 2560 oracula.
1740 2520 1825 2559 vide
1842 2531 1936 2570 quae
1956 2520 1993 2557 in
2012 2521 2128 2568 prima
2139 2521 2230 2558 Col·

1184 2572 1317 2614 lezstan.
1343 2573 1546 2622 Hecatosty
1564 2572 1763 2621 scripsimus
1786 2583 1864 2620 cap.
1880 2583 1940 2618 25.
1971 2570 2234 2610 CONST.FAN.

1187 2622 1306 2675 Quod
1355 2626 1532 2673 Qercum
1577 2622 1733 2660 vocalem
1779 2630 1891 2660 vocat
1914 2640 1916 2642 v
1936 2621 2096 2660 Ovidius
2115 2649 2126 2666 ‚
2180 2621 2229 2660 eo

1188 2674 1368 2726 pertinere
1388 2674 1556 2718 videtur,
1583 2672 1687 2722 quod
1705 2672 1856 2723 quidam
1877 2680 2043 2710 veterum
2068 2683 2112 2709 ex
2124 2684 2234 2722 quer-

1189 2740 1236 2766 cu
1253 2724 1417 2775 responsa
1437 2725 1520 2764 data
1539 2723 1731 2763 tradidere.
1753 2724 1856 2762 Hinc
1876 2724 1915 2761 δί
1938 2723 2131 2772 Sophoclis
2142 2722 2231 2762 illud

1189 2780 1226 2817 in
1249 2774 1469 2815 Trachiniis.
1501 2787 1580 2822 174.

1238 2833 1291 2870 Ως
1312 2831 1376 2870 τῆν
1395 2828 1559 2864 παλαιᾶν
1577 2824 1695 2873 Φηγὸν
1713 2824 1868 2867 assaraci
1887 2835 1978 2862 ποτε

1239 2879 1394 2922 Δωδῶνι,
1421 2877 1543 2915 δισσῶν
1565 2879 1608 2914 ἐκ
1627 2876 1828 2914 πελειάδων
1848 2877 1930 2923 ἔφη.

1188 2929 1256 2968 Per
1279 2929 1465 2967 columbas
1481 2937 1605 2967 autem
1626 2929 1776 2977 quidam
1794 2928 1964 2967 mulieres
1983 2925 2057 2963 five
2075 2924 2233 2963 aniculas

1187 2981 1374 3030 accipiunt
1394 3007 1405 3025 ‚
1448 2991 1537 3029 quas
1557 3008 1568 3025 ‚
1606 2980 1785 3029 quoniam
1818 2977 1985 3014 barbarae
2013 2973 2148 3031 essent,
2186 2986 2233 3031 ex

1188 3031 1374 3081 AEgyptiis
1402 3030 1544 3068 Thebis
1576 3030 1747 3067 videlicet
1768 3026 1964 3069 advectae,
1991 3025 2116 3062 avibus
2136 3024 2237 3062 fimi·

1189 3083 1236 3121 lia
1254 3083 1358 3132 loqui
1379 3081 1422 3119 ab
1444 3081 1552 3118 initio
1575 3080 1686 3125 visas,
1714 3091 1804 3116 mox
1824 3078 1933 3116 etiam
1952 3077 2113 3113 humana
2123 3086 2235 3120 voce,

1193 3141 1235 3171 ut
1262 3134 1313 3171 ait
1341 3131 1586 3169 Herodotus:
1616 3130 1674 3168 alii
1702 3128 1901 3170 πελειάδας
1929 3124 2028 3176 quasi
2058 3124 2237 3169 καλιάδας

1196 3183 1311 3221 dieias
1339 3189 1493 3230 putant,
1520 3179 1625 3230 quod
1655 3180 1754 3217 senes
1775 3177 1927 3217 Moloffi
1950 3178 2094 3220 πολιοῦς
2114 3176 2240 3226 appel-

1196 3234 1270 3274 lare
1287 3231 1553 3269 consueverint.
1580 3231 1756 3267 Micrtr..

1255 3282 1340 3331 718.
1368 3280 1479 3329 Impia
1490 3280 1653 3328 subjefflis
1663 3282 1782 3330 fugere
1800 3278 1812 3320 ἰ

1410 3331 1442 3373 Z
1814 3277 1960 3318 ncendia
1971 3276 2131 3330 pennis.]
2169 3276 2245 3316 Ini-

1452 3343 1472 3370 z
1483 3342 1503 3371 z
1512 3343 1532 3371 z
1541 3342 1562 3370 z.
1588 3342 1610 3370 ι

2202 3337 2244 3366 Μ
