2483 3616
240 183 342 237 662
737 173 1915 237 P.OVIDIINASONIS

536 298 777 370 Aegaeas
802 295 1007 351 metiris
1030 309 1222 364 aquas;
1266 291 1322 345 &
1348 292 1403 346 in
1432 291 1597 347 Aside
1625 296 1770 347 terra

544 370 771 425 Moenia
795 365 1070 425 constituis
1089 404 1103 428 ,
1141 363 1387 435 pofitoris
1412 364 1660 419 habentia
1695 382 1913 421 nomen.

326 498 329 501 .
543 443 660 498 Hic
689 442 814 505 tibi,
853 441 986 495 dum
1010 438 1247 509 sequitur
1273 437 1474 509 patriae
1500 438 1809 492 curvamina
1833 438 2010 510 ripae,

399 535 503 589 450
541 517 672 571 Filia
697 512 1009 575 Maeandri,
1047 510 1210 564 toties
1235 509 1511 564 redeuntis
1537 509 1766 573 eodem,

540 582 777 661 Cognita
801 587 1023 658 Cyanee
1040 621 1054 646 ,
1093 581 1373 655 praestanti
1398 598 1629 653 corpora
1654 581 1827 635 forma
1843 620 1859 644 ,

545 660 772 734 Byblida
794 676 920 714 cum
957 657 1150 711 Cauno
1175 655 1384 727 prolem
1411 653 1487 709 est
1513 653 1669 715 enixa
1693 654 1990 725 gemellam.

545 734 725 806 Byblis
752 734 806 786 in
833 731 1083 802 exemplo
1107 727 1210 789 est,
1249 739 1310 783 ut
1335 738 1515 782 ament
1541 724 1784 781 concessa
1809 727 2044 799 puellae:

547 807 726 878 Byblis
753 803 1028 876 Apollinei
1054 812 1302 874 correpta
1327 799 1583 873 cupidine
1607 799 1812 864 fratris,

399 899 499 954 455
538 880 666 933 Non
692 879 842 931 soror
867 889 926 929 ut
951 875 1203 938 fratrem,
1240 892 1340 929 nec
1367 875 1474 947 qua
1498 872 1758 937 debebat,
1796 872 2012 927 amavit.

542 952 630 1006 Illa
653 948 876 1023 quidem
901 949 1078 1020 primo
1106 947 1278 1003 nullos
1304 946 1555 1019 intelligit
1579 946 1757 1018 ignes:

545 1024 666 1079 Nee
691 1039 918 1095 peccare
943 1032 1096 1094 putat
1112 1058 1128 1084 ,
1167 1020 1320 1094 quod
1342 1020 1543 1093 saepius
1568 1021 1745 1075 oscula
1772 1018 1987 1093 jungat:

545 1097 717 1169 Quod
743 1095 830 1149 sua
856 1095 1094 1149 fraterno
1119 1094 1423 1149 circumdet
1450 1092 1662 1148 brachia
1687 1094 1857 1149 collo:

545 1169 917 1242 Mendaeique
945 1167 1040 1222 diu
1066 1168 1278 1240 pietatis
1303 1168 1497 1222 fallitur
1520 1165 1726 1222 umbra,

397 1249 504 1316 460
538 1242 818 1299 Paullatim
845 1240 1077 1296 declinat
1104 1258 1285 1303 amor;
1327 1241 1605 1314 visuraque
1630 1238 1854 1296 fratrem

542 1316 705 1372 Culta
728 1314 907 1376 venit;
945 1313 1280 1387 nimiumque
1306 1315 1456 1387 cupit
1478 1313 1711 1368 formosa
1735 1314 1936 1369 videri:

547 1391 652 1453 Et,
689 1388 728 1444 fi
756 1406 861 1461 qua
888 1386 1092 1441 estillic
1119 1386 1430 1451 formosior,
1468 1387 1677 1442 invidet
1702 1388 1792 1442 illi.

547 1463 657 1519 Sed
683 1461 929 1517 nondum
954 1459 1226 1515 manifesta
1253 1460 1344 1515 fibi
1371 1461 1475 1523 est;
1516 1460 1831 1534 nullumque
1856 1459 1950 1516 sub
1975 1459 2069 1514 illo

543 1537 674 1609 Igne
699 1535 825 1589 facit
850 1547 1072 1596 votum3
1114 1546 1487 1589 verumtamen
1512 1533 1708 1588 aestuat
1734 1535 1894 1589 intus,

404 1615 507 1682 465
547 1611 665 1683 jam
693 1607 978 1663 dominum
1004 1607 1259 1680 adpellat:
1295 1607 1402 1679 jam
1427 1608 1646 1663 nomina
1670 1606 1934 1680 sanguinis
1959 1605 2106 1661 odit:

549 1682 777 1757 Byblida
797 1680 905 1752 jam
930 1681 1159 1746 mavult,
1194 1699 1356 1755 quam
1379 1683 1429 1736 se
1456 1695 1619 1736 vocet
1640 1681 1730 1736 ille
1751 1684 2011 1736 sororem.

2288 1748 2418 1822 Spes

259 1898 366 1938 fuum
386 1895 563 1935 Miletum
576 1894 747 1947 affeR-are
767 1906 921 1944 regnum
937 1923 947 1939 ,
975 1894 1036 1933 sed
1055 1907 1134 1934 non
1156 1895 1314 1935 audebat
1368 1896 1466 1935 tium
1485 1896 1524 1934 in
1548 1894 1776 1934 Bibliotheca
1795 1901 1954 1934 matrem
1966 1903 2045 1931 non
2069 1889 2238 1940 expreffit
2252 1917 2262 1935 ‚
2290 1887 2337 1928 de
2357 1899 2422 1939 pa·
2480 1892 2483 1908 ¹

259 1962 349 1988 eum
388 1949 523 1999 ejicere
545 1946 664 1985 domo
689 1973 700 1992 ‚
745 1946 874 1995 sponte
896 1954 1024 1984 tamen
1052 1947 1197 1996 fugiens
1235 1948 1313 1986 Mi·
1369 1956 1425 1986 tre
1445 1959 1530 1984 cum
1555 1946 1631 1983 aliis
1651 1948 1844 1985 consentit.
1883 1946 2062 1983 Ceterum
2083 1942 2208 1990 Βέβλις
2229 1953 2277 1979 116
2296 1952 2343 1978 an
2361 1940 2424 1977 136-
2477 1944 2483 1980 ὲ

256 2001 351 2039 letus
390 2011 503 2038 avum
535 1999 674 2036 timore
707 1996 849 2034 liberat.
884 1997 1085 2048 credensque
1122 1997 1194 2036 tuis
1229 1999 1313 2037 MS.
1369 1998 1453 2044 βλις
1472 1996 1514 2034 fit
1529 1997 1784 2042 scribendum,
1810 1998 1871 2034 vix
1893 1997 2023 2045 liquet.
2075 1993 2191 2044 Apud
2212 1991 2420 2030 Liberalem
2481 1992 2483 1997 '

260 2050 485 2090 Bersmanni.
1371 2050 1473 2087 enim
1493 2055 1648 2097 utraque
1669 2049 1831 2086 occurrit
1847 2046 1961 2084 166110
1976 2074 1987 2090 ,
2016 2046 2081 2095 qui
2091 2046 2280 2084 civitatem
2293 2042 2420 2082 Cariae

313 2103 398 2148 446.
426 2098 605 2150 celerique
625 2097 800 2149 Gasima]
831 2103 1023 2147 curvaque
1044 2098 1175 2139 Oxon.
1370 2099 1554 2150 Bybliden
1574 2100 1672 2137 facit.
1725 2098 1859 2136 Malim
1886 2105 2012 2134 tamen
2044 2097 2196 2143 Βύβλις,
2224 2092 2433 2144 quomodo..
2476 2139 2477 2142 Ἴ

311 2153 396 2200 448.
427 2151 569 2188 Moenia
598 2149 810 2200 constituis]
849 2149 1010 2187 Ovidius
1031 2150 1183 2198 quidem
1205 2151 1314 2190 sentit
1370 2151 1579 2201 Hesychius
1609 2151 1649 2188 &
1671 2150 1810 2188 Suidas.
1862 2148 1976 2196 Apud
1998 2147 2250 2185 Theocritum
2270 2154 2429 2195 quoque·
2472 2159 2475 2181 z

261 2205 437 2242 Miletum
461 2201 591 2240 urbem
616 2199 636 2237 a
652 2201 788 2239 Mileto
812 2200 904 2239 Solis
915 2200 994 2238 filio
1017 2201 1259 2241 &conditam
1274 2204 1314 2241 &
1371 2202 1478 2252 Idyll.
1502 2214 1572 2239 vrr.
1601 2201 1731 2245 Βύβλις
1762 2199 1925 2238 scribitur
1948 2227 1959 2243 ‚
2005 2199 2044 2235 &
2071 2199 2156 2236 fons
2184 2196 2246 2234 est.
2298 2205 2419 2246 neque

260 2255 494 2304 appellatam.
525 2251 652 2290 Strabo
671 2251 732 2288 lib.
752 2263 834 2289 xiv.
853 2259 980 2289 autem
1000 2262 1046 2289 ex
1067 2252 1208 2301 Ephori
1228 2253 1309 2291 sen·
1371 2253 1475 2291 aliter
1497 2253 1575 2302 ejus
1602 2251 1818 2290 Scholiastes
1839 2278 1850 2294 ‚
1887 2251 1952 2299 qui
1970 2248 2096 2287 Mileti
2115 2249 2154 2286 86
2175 2248 2288 2285 Ariae
2308 2234 2434 2290 filiam*
2472 2275 2479 2282 .

263 2307 378 2344 tentia
396 2304 514 2343 scribit
544 2303 632 2341 duas
668 2300 739 2339 effe
769 2303 923 2341 Miletos
948 2329 958 2347 ‚
996 2309 1162 2342 veterem
1185 2305 1224 2342 &
1244 2316 1316 2342 no·
1372 2304 1471 2342 facit.
1496 2304 1678 2341 Meminit
1701 2304 1740 2340 &
1759 2302 1898 2340 montis
1923 2300 2053 2338 Cariae
2077 2299 2252 2349 Byblidis.
2279 2297 2418 2336 Ibidem
2479 2322 2483 2335 .

266 2368 353 2394 vam
369 2385 379 2401 ‚
407 2368 450 2394 ac
471 2363 637 2393 veterem
669 2352 822 2403 quidem
848 2352 870 2391 a
899 2353 1158 2400 Cretensibus,
1188 2355 1317 2405 Sarpe-
1373 2356 1505 2397 Δκῦνος
1525 2366 1593 2403 pro
1611 2354 1748 2395 Καῦνος
1767 2363 1959 2402 perperam
1983 2351 2036 2389 bis
2055 2350 2232 2390 scribitur.
2270 2348 2432 2398 stephan,
2472 2355 2483 2385 »τ

268 2407 366 2445 dane
387 2406 481 2444 duce
505 2434 514 2450 ‚
551 2403 783 2442 aedificatam
800 2432 810 2449 ,
838 2404 1094 2453 Miletumque
1116 2407 1318 2454 cognomi·
1372 2418 1441 2443 nus
1452 2405 1673 2455 Byzantius,
1687 2405 1725 2443 in
1737 2404 1897 2451 Βύβλος,
1927 2402 2065 2449 Βίβλην
2077 2413 2154 2440 non
2168 2399 2325 2447 Βύβλιδοι
2346 2399 2435 2438 Μ1-’
2480 2423 2483 2436 ;

267 2466 391 2495 natam
424 2456 445 2494 a
478 2456 638 2499 Mileto,
666 2467 761 2505 quae
795 2455 844 2494 est
871 2456 909 2493 in
938 2455 1050 2492 Creta
1076 2483 1089 2501 ,
1119 2456 1202 2494 cum
1223 2458 1320 2505 prius
1373 2457 1439 2494 leti
1459 2458 1554 2494 hanc
1572 2456 1685 2494 filiam
1706 2455 1877 2505 appellat.
1930 2453 2065 2491 Eidem
2084 2454 2123 2491 in
2144 2452 2269 2500 Κόιύνῳ
2292 2450 2340 2489 est
2355 2447 2420 2489 Bc'·
2476 2469 2479 2481 ·

271 2508 426 2555 Leleges
449 2518 535 2543 eum
554 2507 680 2544 locum
706 2514 886 2544 tenerent,
915 2506 1067 2544 Novam
1092 2507 1183 2545 vero
1196 2507 1321 2557 postea
1377 2507 1472 2549 βλις.
1524 2507 1739 2555 Quomodo
1759 2508 1798 2544 ὃς
1818 2505 2015 2545 Parthenio
2036 2505 2074 2542 in
2095 2504 2265 2542 Eroticis.
2289 2514 2335 2540 ex
2346 2510 2418 2551 quo

272 2556 294 2594 a
318 2558 438 2593 Neleo
462 2557 648 2593 conditam
674 2556 778 2594 fuiffe
796 2558 903 2606 juxta
931 2568 1033 2595 mare
1048 2585 1058 2603 ,
1086 2567 1322 2608 quatuorque
1376 2559 1494 2608 liquet
1515 2558 1665 2607 copiose
1698 2558 1794 2595 hanc
1826 2556 1988 2594 fabulam
2008 2554 2052 2593 ab
2074 2554 2292 2593 Aristocrito
2313 2553 2351 2591 &
2369 2551 2421 2590 A·

271 2618 354 2645 eam
376 2614 499 2655 portus
523 2607 667 2644 habere.
696 2608 865 2646 Remus.
1378 2609 1550 2659 pollonio
1579 2608 1731 2647 Rhodio
1752 2609 1934 2646 Poemate
1955 2605 2059 2656 quod
2076 2606 2214 2643 Καύνου
2235 2605 2348 2642 κτίσιν
2364 2613 2424 2652 ap-

325 2670 409 2705 450.
438 2657 621 2693 Redeuntis
640 2657 796 2707 eodem]
853 2665 895 2696 In
922 2657 1036 2697 orbem
1063 2660 1139 2700 duo
1167 2669 1322 2701 veteres.
1348 2655 1360 2666 ’
1377 2661 1550 2708 pellant,
1570 2658 1911 2708 fuissedescriptam.
1941 2658 2044 2696 Hinc
2064 2657 2102 2695 &
2123 2656 2312 2706 paroemia
2331 2651 2422 2702 apud

275 2708 485 2747 Heinsius·
1379 2711 1564 2754 Graecos,
1592 2711 1739 2751 Καύνιος
1760 2710 1865 2754 ἔρως,
1895 2709 1997 2758 cujus
2027 2708 2256 2757 Hesychius,
2286 2703 2419 2748 Suidas,
2472 2735 2483 2750 ,.

325 2770 410 2814 45¹·
434 2755 615 2806 cyanea]
671 2757 778 2794 Duae
806 2761 997 2813 nymphae
1026 2763 1101 2800 hoc
1118 2764 1276 2801 nomine
1299 2762 1320 2800 a
1377 2761 1634 2810 Diogenianus
1654 2787 1665 2804 ‚
1704 2760 1919 2808 Apostolius
1965 2761 2004 2796 &
2048 2758 2109 2796 alii
2161 2758 2422 2796 meminerunt.
2479 2769 2483 2793 i

276 2813 399 2860 poetis
423 2807 618 2845 donantur.
673 2807 799 2844 Altera
830 2810 948 2846 Sicula
971 2838 980 2853 ‚
1006 2812 1240 2861 Proserpinae
1263 2814 1321 2851 so·
1378 2812 1518 2848 Conon
1537 2810 1635 2858 apud
1655 2810 1830 2848 Photium
1851 2810 1900 2846 ait
1917 2808 2110 2857 Byblidem
2131 2806 2152 2845 *a
2170 2809 2302 2847 Cauno
2321 2801 2420 2844 fuisse
2474 2808 2480 2838 :⁵

276 2861 355 2905 cia,
384 2859 493 2897 altera
524 2856 715 2894 Maeandri
744 2856 827 2894 filia.
865 2859 1034 2898 Remus.
1087 2864 1234 2911 Cognita
1252 2870 1324 2911 Cy·
1378 2861 1521 2911 perdite
1543 2869 1703 2899 amatam
1723 2888 1734 2905 ‚
1769 2861 1807 2897 in
1830 2871 1907 2909 quo
1932 2858 1952 2896 {1
1982 2860 2110 2897 ceteris
2130 2859 2336 2897 auetoribus
2355 2853 2422 2893 dis-
2475 2873 2483 2888 ι

276 2924 343 2949 ane
364 2909 470 2948 multi
488 2916 643 2965 ‘veteres
671 2918 762 2962 unus
784 2907 1104 2963 BasihCaltirhoz,
1130 2914 1239 2960 prim,
1256 2914 1325 2951 Pa·
1381 2912 1490 2949 cedit.
1545 2913 1643 2950 Nam
1661 2910 1766 2961 quod
1785 2909 1806 2948 6
1824 2922 1921 2948 11066
1941 2910 2067 2948 arbore
2079 2910 2114 2948 se
2130 2906 2339 2959 suspendisse
2349 2905 2423 2953 By·
2475 2902 2483 2950 1

276 2963 338 3001 iat.
359 2973 425 3010 pro
458 2959 597 3015 diversa
624 2957 811 3014 lecftione,
838 2964 973 3014 (ganeo.
999 2960 1202 3004 secundus,
1241 2969 1327 2999 Pro·
1382 2963 1448 2999 blis
1480 2963 1524 2999 ab
1549 2962 1613 2999 illo
1645 2962 1797 2999 traditur
1819 2989 1830 3006 ‚
1866 2961 1903 2998 id
1936 2961 2052 3010 ipsum
2086 2962 2246 2999 Ovidius
2269 2965 2420 3007 quoque
2474 2966 2483 2986 ’³

279 3014 387 3050 ciane.
420 3016 533 3047 Crem
572 3009 699 3046 Urbin.
737 3013 874 3045 Crenets
902 3010 1073 3056 Spirensis
1102 3013 1139 3047 ὅ(
1161 3013 1324 3059 optimus
1389 3025 1420 3049 1.
1441 3013 1520 3049 Art.
1543 3012 1627 3062 383.
1647 3012 1816 3050 testatum
1839 3013 1984 3060 reliquit
2007 3013 2103 3050 hisee
2124 3011 2260 3050 verbis:

280 3065 486 3103 T'uaneus
499 3089 509 3105 ‚
534 3060 611 3097 oia-b
643 3061 707 3102 τῆς
734 3059 883 3102 Κρῆνῆς.
911 3060 1014 3107 quod
1033 3073 1176 3098 nomen
1201 3063 1325 3110 Nym·
1433 3062 1585 3111 Byblida
1607 3063 1693 3113 quid
1711 3064 1858 3108 referam
1872 3092 1882 3107 ,
1909 3063 2020 3100 vetito
2039 3075 2126 3114 quae
2136 3059 2264 3108 fratris
2283 3068 2398 3095 amore

280 3117 374 3165 pirae
405 3112 646 3150 conveniens.
682 3110 758 3147 talis
791 3111 888 3158 apud
926 3110 1081 3148 Statium
1114 3112 1237 3149 Theb,
1271 3125 1324 3150 12-1.
1486 3111 1607 3162 Arsit,
1636 3125 1680 3153 ω’
1700 3114 1743 3161 est
1764 3114 1884 3164 laqueo
1896 3114 2039 3161 fortiter
2060 3113 2136 3151 ulta
2155 3111 2275 3157 nefas?

280 3172 454 3203 Crenaeus
481 3163 611 3200 Ismeni
633 3161 792 3199 fluminis
812 3160 918 3198 filius.
974 3162 1028 3198 Ex
1049 3162 1233 3199 Eidothca
1255 3163 1327 3200 Ca-
1383 3163 1563 3201 Meminit
1595 3164 1672 3213 ejus
1707 3177 1861 3214 quoque
1893 3166 2055 3203 carmine
2083 3163 2121 3200 in
2143 3159 2231 3198 lbi'n.
2253 3159 2424 3208 Hyginus

286 3229 368 3256 rum
390 3215 482 3263 regis
503 3212 574 3250 filia
610 3214 783 3250 Caunum
814 3212 853 3249 &
886 3211 1039 3261 Byblida
1065 3211 1167 3251 fuiffe
1190 3214 1326 3251 Mileto
1388 3214 1471 3252 Fab.
1490 3226 1647 3252 CCXLHI.
1666 3215 1711 3253 de
1734 3225 1855 3254 morte
1878 3213 2042 3254 violenta
2060 3211 2212 3263 quidem
2233 3209 2425 3255 meminit,

280 3276 384 3306 natos
402 3266 449 3302 ait
468 3265 680 3302 Antoninus
700 3263 896 3300 Liberalis:
928 3263 1142 3301 Parthenius
1174 3265 1210 3302 in
1232 3265 1328 3302 Ero·
1385 3265 1444 3303 sed
1474 3277 1587 3313 genus
1612 3267 1742 3304 mortis
1770 3279 1849 3304 non
1879 3265 2058 3315 expreffit.
2110 3261 2248 3312 Byblis,
2283 3259 2424 3309 inquit,

279 3319 379 3362 sicis„
409 3328 453 3353 ex
471 3315 654 3371 Tragasia.
700 3315 840 3353 Conon
862 3313 1012 3363 Diegefi
1036 3326 1090 3354 11.
1113 3315 1210 3365 apud
1229 3316 1327 3354 Pho-
1384 3316 1505 3354 Mileti
1516 3316 1598 3365 filia
1613 3326 1750 3369 propter
1765 3331 1919 3356 amorem
1938 3315 2056 3355 Cauni
2064 3313 2196 3363 fratris
2205 3311 2354 3408 seipsas}
2369 3308 2425 3363 ip·
2448 3341 2451 3352 ,

2280 3371 2330 3400 ter
2346 3367 2422 3396 ecit.

2379 3494 2383 3498 .
2446 3480 2448 3498 ι

2446 3514 2448 3544 l
