<?xml version="1.0" encoding="UTF-8"?>
<!DOCTYPE html PUBLIC "-//W3C//DTD XHTML 1.0 Transitional//EN"
    "http://www.w3.org/TR/xhtml1/DTD/xhtml1-transitional.dtd">
<html xmlns="http://www.w3.org/1999/xhtml" xml:lang="en" lang="en">
 <head>
  <title>
</title>
<meta http-equiv="Content-Type" content="text/html;charset=utf-8" />
  <meta name='ocr-system' content='tesseract 3.04.00' />
  <meta name='ocr-capabilities' content='ocr_page ocr_carea ocr_par ocr_line ocrx_word'/>
</head>
<body>
  <div class='ocr_page' id='page_1' title='image "./publiiovidiinaso02ovid_1006.png"; bbox 0 0 2483 3616; ppageno 0'>
   <div class='ocr_carea' id='block_1_1' title="bbox 253 176 1288 250">
    <p class='ocr_par' dir='ltr' id='par_1_1' title="bbox 253 176 1288 250">
     <span class='ocr_line' id='line_1_1' title="bbox 253 176 1288 250; baseline -0.002 -16"><span class='ocrx_word' id='word_1_1' title='bbox 253 178 356 250; x_wconf 82' lang='lat'><strong>998</strong></span> <span class='ocrx_word' id='word_1_2' title='bbox 738 176 1288 237; x_wconf 89' lang='lat' dir='ltr'><strong>P.OV1D11</strong></span> 
     </span>
    </p>
   </div>
   <div class='ocr_carea' id='block_1_2' title="bbox 1362 177 1890 245">
    <p class='ocr_par' dir='ltr' id='par_1_2' title="bbox 1362 177 1890 245">
     <span class='ocr_line' id='line_1_2' title="bbox 1362 177 1890 245; baseline 0.002 -8"><span class='ocrx_word' id='word_1_3' title='bbox 1362 177 1890 245; x_wconf 78' lang='lat' dir='ltr'><strong>NASONIS</strong></span> 
     </span>
    </p>
   </div>
   <div class='ocr_carea' id='block_1_3' title="bbox 401 289 2228 1318">
    <p class='ocr_par' dir='ltr' id='par_1_3' title="bbox 548 289 1954 370">
     <span class='ocr_line' id='line_1_3' title="bbox 548 289 1954 370; baseline 0.006 -24"><span class='ocrx_word' id='word_1_4' title='bbox 548 292 851 368; x_wconf 80' lang='lat' dir='ltr'><strong>Deriguere</strong></span> <span class='ocrx_word' id='word_1_5' title='bbox 877 293 1019 348; x_wconf 90' lang='lat' dir='ltr'><strong>oculi</strong></span> <span class='ocrx_word' id='word_1_6' title='bbox 1046 311 1057 346; x_wconf 86' lang='lat'><strong>:</strong></span> <span class='ocrx_word' id='word_1_7' title='bbox 1099 289 1407 365; x_wconf 87' lang='lat' dir='ltr'><strong>calidusque</strong></span> <span class='ocrx_word' id='word_1_8' title='bbox 1436 293 1467 348; x_wconf 80' lang='grc' dir='ltr'>ὲ</span> <span class='ocrx_word' id='word_1_9' title='bbox 1496 312 1725 367; x_wconf 90' lang='lat' dir='ltr'><strong>corpore</strong></span> <span class='ocrx_word' id='word_1_10' title='bbox 1750 297 1954 370; x_wconf 85' lang='lat' dir='ltr'><strong>sanguis</strong></span> 
     </span>
    </p>

    <p class='ocr_par' dir='ltr' id='par_1_4' title="bbox 402 365 2154 730">
     <span class='ocr_line' id='line_1_4' title="bbox 402 365 1679 438; baseline -0.001 -17"><span class='ocrx_word' id='word_1_11' title='bbox 402 382 502 434; x_wconf 82' lang='lat'><strong>755</strong></span> <span class='ocrx_word' id='word_1_12' title='bbox 542 365 765 424; x_wconf 68' lang='lat' dir='ltr'><strong>Indueto</strong></span> <span class='ocrx_word' id='word_1_13' title='bbox 789 367 988 438; x_wconf 85' lang='lat' dir='ltr'><strong>pallore</strong></span> <span class='ocrx_word' id='word_1_14' title='bbox 1012 365 1166 435; x_wconf 83' lang='lat' dir='ltr'><strong>fugit.</strong></span> <span class='ocrx_word' id='word_1_15' title='bbox 1208 380 1507 438; x_wconf 85' lang='lat' dir='ltr'><strong>conataque</strong></span> <span class='ocrx_word' id='word_1_16' title='bbox 1530 369 1679 421; x_wconf 80' lang='lat' dir='ltr'><strong>retro</strong></span> 
     </span>
     <span class='ocr_line' id='line_1_5' title="bbox 547 438 1886 510; baseline 0.002 -16"><span class='ocrx_word' id='word_1_17' title='bbox 547 439 708 495; x_wconf 89' lang='lat' dir='ltr'><strong>Ferre</strong></span> <span class='ocrx_word' id='word_1_18' title='bbox 732 438 926 510; x_wconf 87' lang='lat' dir='ltr'><strong>pedes,</strong></span> <span class='ocrx_word' id='word_1_19' title='bbox 964 439 1124 494; x_wconf 72' lang='lat' dir='ltr'><strong>haesit</strong></span> <span class='ocrx_word' id='word_1_20' title='bbox 1151 455 1163 491; x_wconf 74' lang='grc' dir='ltr'>ε</span> <span class='ocrx_word' id='word_1_21' title='bbox 1203 450 1394 493; x_wconf 89' lang='lat' dir='ltr'><strong>conata</strong></span> <span class='ocrx_word' id='word_1_22' title='bbox 1417 452 1659 493; x_wconf 85' lang='lat' dir='ltr'><strong>avertere</strong></span> <span class='ocrx_word' id='word_1_23' title='bbox 1684 443 1886 508; x_wconf 77' lang='lat' dir='ltr'><strong>vultu8‚</strong></span> 
     </span>
     <span class='ocr_line' id='line_1_6' title="bbox 541 511 2154 587; baseline 0.006 -21"><span class='ocrx_word' id='word_1_24' title='bbox 541 511 670 566; x_wconf 88' lang='lat' dir='ltr'><strong>Hoc</strong></span> <span class='ocrx_word' id='word_1_25' title='bbox 694 529 913 585; x_wconf 90' lang='lat' dir='ltr'><strong>quoque</strong></span> <span class='ocrx_word' id='word_1_26' title='bbox 938 530 1049 568; x_wconf 92' lang='lat' dir='ltr'><strong>non</strong></span> <span class='ocrx_word' id='word_1_27' title='bbox 1075 511 1251 585; x_wconf 89' lang='lat' dir='ltr'><strong>potuit</strong></span> <span class='ocrx_word' id='word_1_28' title='bbox 1276 530 1286 565; x_wconf 94' lang='lat'><strong>:</strong></span> <span class='ocrx_word' id='word_1_29' title='bbox 1327 512 1705 584; x_wconf 87' lang='lat' dir='ltr'><strong>paullatimque</strong></span> <span class='ocrx_word' id='word_1_30' title='bbox 1734 530 1960 587; x_wconf 84' lang='lat' dir='ltr'><strong>occupat</strong></span> <span class='ocrx_word' id='word_1_31' title='bbox 1986 531 2125 574; x_wconf 88' lang='lat' dir='ltr'><strong>artus</strong></span> <span class='ocrx_word' id='word_1_32' title='bbox 2141 564 2154 583; x_wconf 86' lang='lat'>‚</span> 
     </span>
     <span class='ocr_line' id='line_1_7' title="bbox 545 583 1935 656; baseline 0.003 -18"><span class='ocrx_word' id='word_1_33' title='bbox 545 585 714 653; x_wconf 87' lang='lat' dir='ltr'><strong>Quod</strong></span> <span class='ocrx_word' id='word_1_34' title='bbox 740 584 842 638; x_wconf 88' lang='lat' dir='ltr'><strong>fuit</strong></span> <span class='ocrx_word' id='word_1_35' title='bbox 870 585 925 640; x_wconf 91' lang='lat' dir='ltr'><strong>in</strong></span> <span class='ocrx_word' id='word_1_36' title='bbox 950 586 1088 640; x_wconf 89' lang='lat' dir='ltr'><strong>duro</strong></span> <span class='ocrx_word' id='word_1_37' title='bbox 1109 584 1430 656; x_wconf 86' lang='lat' dir='ltr'><strong>jampridem</strong></span> <span class='ocrx_word' id='word_1_38' title='bbox 1453 583 1704 656; x_wconf 51' lang='lat' dir='ltr'><strong>pectore,</strong></span> <span class='ocrx_word' id='word_1_39' title='bbox 1741 586 1935 642; x_wconf 87' lang='lat' dir='ltr'><strong>saxum.</strong></span> 
     </span>
     <span class='ocr_line' id='line_1_8' title="bbox 543 655 2027 730; baseline 0.004 -19"><span class='ocrx_word' id='word_1_40' title='bbox 543 656 696 712; x_wconf 89' lang='lat' dir='ltr'><strong>Neve</strong></span> <span class='ocrx_word' id='word_1_41' title='bbox 720 676 781 712; x_wconf 93' lang='lat' dir='ltr'><strong>ea</strong></span> <span class='ocrx_word' id='word_1_42' title='bbox 803 657 920 713; x_wconf 65' lang='lat' dir='ltr'><strong>fieta</strong></span> <span class='ocrx_word' id='word_1_43' title='bbox 946 673 1124 730; x_wconf 87' lang='lat' dir='ltr'><strong>putes;</strong></span> <span class='ocrx_word' id='word_1_44' title='bbox 1174 658 1424 712; x_wconf 89' lang='lat' dir='ltr'><strong>dominae</strong></span> <span class='ocrx_word' id='word_1_45' title='bbox 1449 657 1541 712; x_wconf 82' lang='lat' dir='ltr'><strong>sub</strong></span> <span class='ocrx_word' id='word_1_46' title='bbox 1566 655 1798 730; x_wconf 86' lang='lat' dir='ltr'><strong>imagine</strong></span> <span class='ocrx_word' id='word_1_47' title='bbox 1823 657 2027 730; x_wconf 79' lang='lat' dir='ltr'><strong>lignum</strong></span> 
     </span>
    </p>

    <p class='ocr_par' dir='ltr' id='par_1_5' title="bbox 402 728 2228 1096">
     <span class='ocr_line' id='line_1_9' title="bbox 402 728 2228 807; baseline 0.004 -25"><span class='ocrx_word' id='word_1_48' title='bbox 402 734 502 797; x_wconf 86' lang='lat'><strong>760</strong></span> <span class='ocrx_word' id='word_1_49' title='bbox 540 728 726 785; x_wconf 88' lang='lat' dir='ltr'><strong>Servat</strong></span> <span class='ocrx_word' id='word_1_50' title='bbox 753 731 927 786; x_wconf 88' lang='lat' dir='ltr'><strong>adhuc</strong></span> <span class='ocrx_word' id='word_1_51' title='bbox 954 731 1183 786; x_wconf 81' lang='lat' dir='ltr'><strong>Salamis:</strong></span> <span class='ocrx_word' id='word_1_52' title='bbox 1226 730 1455 786; x_wconf 86' lang='lat' dir='ltr'><strong>Veneris</strong></span> <span class='ocrx_word' id='word_1_53' title='bbox 1482 749 1700 804; x_wconf 90' lang='lat' dir='ltr'><strong>quoque</strong></span> <span class='ocrx_word' id='word_1_54' title='bbox 1724 732 1943 786; x_wconf 89' lang='lat' dir='ltr'><strong>nomine</strong></span> <span class='ocrx_word' id='word_1_55' title='bbox 1968 739 2228 807; x_wconf 88' lang='lat' dir='ltr'><strong>templum</strong></span> 
     </span>
     <span class='ocr_line' id='line_1_10' title="bbox 543 803 2118 878; baseline 0.004 -21"><span class='ocrx_word' id='word_1_56' title='bbox 543 803 920 876; x_wconf 83' lang='lat' dir='ltr'><strong>Prospicientis</strong></span> <span class='ocrx_word' id='word_1_57' title='bbox 947 804 1120 859; x_wconf 88' lang='lat' dir='ltr'><strong>habet.</strong></span> <span class='ocrx_word' id='word_1_58' title='bbox 1161 822 1395 878; x_wconf 91' lang='lat' dir='ltr'><strong>quorum</strong></span> <span class='ocrx_word' id='word_1_59' title='bbox 1424 821 1664 867; x_wconf 88' lang='lat' dir='ltr'><strong>memor,</strong></span> <span class='ocrx_word' id='word_1_60' title='bbox 1704 803 1738 856; x_wconf 81' lang='grc' dir='ltr'>ὀ</span> <span class='ocrx_word' id='word_1_61' title='bbox 1761 822 1909 867; x_wconf 89' lang='lat' dir='ltr'><strong>mea,</strong></span> <span class='ocrx_word' id='word_1_62' title='bbox 1944 807 2118 877; x_wconf 81' lang='lat' dir='ltr'><strong>lentojs</strong></span> 
     </span>
     <span class='ocr_line' id='line_1_11' title="bbox 545 876 2105 952; baseline 0.003 -22"><span class='ocrx_word' id='word_1_63' title='bbox 545 876 724 937; x_wconf 90' lang='lat' dir='ltr'><strong>Pone,</strong></span> <span class='ocrx_word' id='word_1_64' title='bbox 761 894 981 948; x_wconf 82' lang='lat' dir='ltr'><strong>precor,</strong></span> <span class='ocrx_word' id='word_1_65' title='bbox 1019 878 1202 941; x_wconf 79' lang='lat' dir='ltr'><strong>fastuS,</strong></span> <span class='ocrx_word' id='word_1_66' title='bbox 1247 878 1302 930; x_wconf 73' lang='grc' dir='ltr'><strong>δε</strong></span> <span class='ocrx_word' id='word_1_67' title='bbox 1327 877 1524 949; x_wconf 88' lang='lat' dir='ltr'><strong>amanti</strong></span> <span class='ocrx_word' id='word_1_68' title='bbox 1544 876 1798 949; x_wconf 86' lang='lat' dir='ltr'><strong>jungere,</strong></span> <span class='ocrx_word' id='word_1_69' title='bbox 1836 878 2105 952; x_wconf 85' lang='lat' dir='ltr'><strong>Nymphe&#39;.</strong></span> 
     </span>
     <span class='ocr_line' id='line_1_12' title="bbox 542 949 1827 1022; baseline 0.002 -21"><span class='ocrx_word' id='word_1_70' title='bbox 542 949 629 1003; x_wconf 81' lang='lat' dir='ltr'><strong>Sic</strong></span> <span class='ocrx_word' id='word_1_71' title='bbox 657 949 751 1002; x_wconf 87' lang='lat' dir='ltr'><strong>tibi</strong></span> <span class='ocrx_word' id='word_1_72' title='bbox 783 968 882 1004; x_wconf 90' lang='lat' dir='ltr'><strong>nec</strong></span> <span class='ocrx_word' id='word_1_73' title='bbox 909 968 1132 1006; x_wconf 84' lang='lat' dir='ltr'><strong>vernum</strong></span> <span class='ocrx_word' id='word_1_74' title='bbox 1158 950 1422 1005; x_wconf 80' lang='lat' dir='ltr'><strong>nascentia</strong></span> <span class='ocrx_word' id='word_1_75' title='bbox 1448 950 1613 1022; x_wconf 85' lang='lat' dir='ltr'><strong>frigus</strong></span> <span class='ocrx_word' id='word_1_76' title='bbox 1638 950 1827 1004; x_wconf 88' lang='lat' dir='ltr'><strong>adurat</strong></span> 
     </span>
     <span class='ocr_line' id='line_1_13' title="bbox 543 1020 1848 1096; baseline 0.002 -22"><span class='ocrx_word' id='word_1_77' title='bbox 543 1020 711 1076; x_wconf 86' lang='lat' dir='ltr'><strong>Poma</strong></span> <span class='ocrx_word' id='word_1_78' title='bbox 732 1045 746 1084; x_wconf 90' lang='lat'>;</span> <span class='ocrx_word' id='word_1_79' title='bbox 788 1041 887 1077; x_wconf 91' lang='lat' dir='ltr'><strong>nec</strong></span> <span class='ocrx_word' id='word_1_80' title='bbox 915 1026 1187 1079; x_wconf 84' lang='lat' dir='ltr'><strong>excutiant</strong></span> <span class='ocrx_word' id='word_1_81' title='bbox 1212 1023 1384 1096; x_wconf 86' lang='lat' dir='ltr'><strong>rapidi</strong></span> <span class='ocrx_word' id='word_1_82' title='bbox 1410 1022 1659 1078; x_wconf 88' lang='lat' dir='ltr'><strong>florentia</strong></span> <span class='ocrx_word' id='word_1_83' title='bbox 1683 1023 1848 1078; x_wconf 78' lang='lat' dir='ltr'><strong>venti.</strong></span> 
     </span>
    </p>

    <p class='ocr_par' dir='ltr' id='par_1_6' title="bbox 401 1093 2093 1318">
     <span class='ocr_line' id='line_1_14' title="bbox 401 1093 2093 1171; baseline 0.004 -24"><span class='ocrx_word' id='word_1_84' title='bbox 401 1099 494 1166; x_wconf 83' lang='lat'><strong>765</strong></span> <span class='ocrx_word' id='word_1_85' title='bbox 538 1093 694 1149; x_wconf 86' lang='lat' dir='ltr'><strong>Haec</strong></span> <span class='ocrx_word' id='word_1_86' title='bbox 724 1095 814 1150; x_wconf 90' lang='lat' dir='ltr'><strong>ubi</strong></span> <span class='ocrx_word' id='word_1_87' title='bbox 841 1098 1196 1171; x_wconf 81' lang='lat' dir='ltr'><strong>nequicquam</strong></span> <span class='ocrx_word' id='word_1_88' title='bbox 1223 1098 1419 1152; x_wconf 86' lang='lat' dir='ltr'><strong>formas</strong></span> <span class='ocrx_word' id='word_1_89' title='bbox 1446 1097 1593 1151; x_wconf 87' lang='lat' dir='ltr'><strong>Deus</strong></span> <span class='ocrx_word' id='word_1_90' title='bbox 1620 1111 1769 1169; x_wconf 88' lang='lat' dir='ltr'><strong>aptus</strong></span> <span class='ocrx_word' id='word_1_91' title='bbox 1795 1097 1850 1152; x_wconf 90' lang='lat' dir='ltr'><strong>in</strong></span> <span class='ocrx_word' id='word_1_92' title='bbox 1875 1113 2060 1153; x_wconf 90' lang='lat' dir='ltr'><strong>omnes</strong></span> <span class='ocrx_word' id='word_1_93' title='bbox 2076 1137 2093 1164; x_wconf 89' lang='lat'><strong>,</strong></span> 
     </span>
     <span class='ocr_line' id='line_1_15' title="bbox 540 1166 1826 1239; baseline 0.002 -18"><span class='ocrx_word' id='word_1_94' title='bbox 540 1166 760 1230; x_wconf 76' lang='lat' dir='ltr'><strong>Edidit3</strong></span> <span class='ocrx_word' id='word_1_95' title='bbox 800 1170 853 1222; x_wconf 89' lang='lat' dir='ltr'><strong>in</strong></span> <span class='ocrx_word' id='word_1_96' title='bbox 872 1169 1126 1239; x_wconf 85' lang='lat' dir='ltr'><strong>juvenem</strong></span> <span class='ocrx_word' id='word_1_97' title='bbox 1151 1171 1311 1225; x_wconf 87' lang='lat' dir='ltr'><strong>rediit</strong></span> <span class='ocrx_word' id='word_1_98' title='bbox 1337 1188 1349 1224; x_wconf 90' lang='lat'><strong>:</strong></span> <span class='ocrx_word' id='word_1_99' title='bbox 1392 1170 1445 1223; x_wconf 53' lang='grc' dir='ltr'><strong>δέ</strong></span> <span class='ocrx_word' id='word_1_100' title='bbox 1474 1170 1626 1223; x_wconf 88' lang='lat' dir='ltr'><strong>anilia</strong></span> <span class='ocrx_word' id='word_1_101' title='bbox 1657 1169 1826 1224; x_wconf 90' lang='lat' dir='ltr'><strong>demit</strong></span> 
     </span>
     <span class='ocr_line' id='line_1_16' title="bbox 537 1239 1672 1318; baseline 0.001 -24"><span class='ocrx_word' id='word_1_102' title='bbox 537 1239 885 1296; x_wconf 84' lang='lat' dir='ltr'><strong>Instrumenta</strong></span> <span class='ocrx_word' id='word_1_103' title='bbox 909 1242 1016 1301; x_wconf 83' lang='lat' dir='ltr'><strong>fibi.</strong></span> <span class='ocrx_word' id='word_1_104' title='bbox 1056 1245 1277 1318; x_wconf 82' lang='lat' dir='ltr'><strong>talisque</strong></span> <span class='ocrx_word' id='word_1_105' title='bbox 1305 1243 1548 1316; x_wconf 86' lang='lat' dir='ltr'><strong>adparuit</strong></span> <span class='ocrx_word' id='word_1_106' title='bbox 1571 1242 1672 1306; x_wconf 89' lang='lat' dir='ltr'><strong>illi,</strong></span> 
     </span>
    </p>
   </div>
   <div class='ocr_carea' id='block_1_4' title="bbox 232 1448 1297 3381">
    <p class='ocr_par' dir='ltr' id='par_1_7' title="bbox 246 1448 1295 1642">
     <span class='ocr_line' id='line_1_17' title="bbox 250 1448 1294 1507; baseline 0.011 -22"><span class='ocrx_word' id='word_1_107' title='bbox 250 1448 363 1499; x_wconf 79' lang='lat' dir='ltr'><strong>Iphim</strong></span> <span class='ocrx_word' id='word_1_108' title='bbox 375 1451 555 1491; x_wconf 88' lang='lat' dir='ltr'><strong>meliores.</strong></span> <span class='ocrx_word' id='word_1_109' title='bbox 567 1464 659 1491; x_wconf 87' lang='lat' dir='ltr'><strong>mox</strong></span> <span class='ocrx_word' id='word_1_110' title='bbox 675 1480 684 1496; x_wconf 85' lang='lat'>‚</span> <span class='ocrx_word' id='word_1_111' title='bbox 711 1453 730 1489; x_wconf 69' lang='grc' dir='ltr'><strong>ἒ</strong></span> <span class='ocrx_word' id='word_1_112' title='bbox 738 1452 882 1503; x_wconf 60' lang='lat' dir='ltr'><strong>pestere,</strong></span> <span class='ocrx_word' id='word_1_113' title='bbox 895 1467 961 1503; x_wconf 85' lang='lat' dir='ltr'><strong>pro</strong></span> <span class='ocrx_word' id='word_1_114' title='bbox 973 1456 991 1492; x_wconf 70' lang='lat' dir='ltr'><strong>e</strong></span> <span class='ocrx_word' id='word_1_115' title='bbox 1004 1466 1132 1507; x_wconf 79' lang='lat' dir='ltr'><strong>corpore</strong></span> <span class='ocrx_word' id='word_1_116' title='bbox 1142 1457 1294 1496; x_wconf 85' lang='lat' dir='ltr'><strong>Thuan.</strong></span> 
     </span>
     <span class='ocr_line' id='line_1_18' title="bbox 247 1502 1295 1556; baseline 0.009 -19"><span class='ocrx_word' id='word_1_117' title='bbox 247 1502 287 1537; x_wconf 83' lang='lat'>&amp;</span> <span class='ocrx_word' id='word_1_118' title='bbox 317 1503 430 1548; x_wconf 88' lang='lat' dir='ltr'><strong>Juret.</strong></span> <span class='ocrx_word' id='word_1_119' title='bbox 459 1515 525 1551; x_wconf 88' lang='lat' dir='ltr'><strong>pro</strong></span> <span class='ocrx_word' id='word_1_120' title='bbox 555 1505 735 1553; x_wconf 79' lang='lat' dir='ltr'><strong>Diriguere</strong></span> <span class='ocrx_word' id='word_1_121' title='bbox 763 1506 880 1544; x_wconf 80' lang='lat' dir='ltr'><strong>codex</strong></span> <span class='ocrx_word' id='word_1_122' title='bbox 901 1508 1147 1556; x_wconf 83' lang='lat' dir='ltr'><strong>Langerman.</strong></span> <span class='ocrx_word' id='word_1_123' title='bbox 1177 1510 1295 1547; x_wconf 86' lang='lat' dir='ltr'><strong>Corri-</strong></span> 
     </span>
     <span class='ocr_line' id='line_1_19' title="bbox 246 1555 1294 1610; baseline 0.012 -24"><span class='ocrx_word' id='word_1_124' title='bbox 246 1563 356 1597; x_wconf 81' lang='lat' dir='ltr'><strong>guere.</strong></span> <span class='ocrx_word' id='word_1_125' title='bbox 411 1555 580 1593; x_wconf 84' lang='lat' dir='ltr'><strong>insolenti</strong></span> <span class='ocrx_word' id='word_1_126' title='bbox 631 1555 757 1594; x_wconf 92' lang='lat' dir='ltr'><strong>verbo.</strong></span> <span class='ocrx_word' id='word_1_127' title='bbox 803 1557 1017 1597; x_wconf 84' lang='lat' dir='ltr'><strong>vetustiores</strong></span> <span class='ocrx_word' id='word_1_128' title='bbox 1039 1587 1049 1605; x_wconf 93' lang='lat'><strong>,</strong></span> <span class='ocrx_word' id='word_1_129' title='bbox 1098 1561 1294 1610; x_wconf 79' lang='lat' dir='ltr'><strong>Deriguere.</strong></span> 
     </span>
     <span class='ocr_line' id='line_1_20' title="bbox 247 1601 394 1642; baseline 0.027 -4"><span class='ocrx_word' id='word_1_130' title='bbox 247 1601 394 1642; x_wconf 71' lang='lat' dir='ltr'><strong>Htrus.</strong></span> 
     </span>
    </p>

    <p class='ocr_par' dir='ltr' id='par_1_8' title="bbox 299 1656 1225 1709">
     <span class='ocr_line' id='line_1_21' title="bbox 299 1656 1225 1709; baseline 0.013 -19"><span class='ocrx_word' id='word_1_131' title='bbox 299 1665 381 1701; x_wconf 81' lang='lat'><strong>754.</strong></span> <span class='ocrx_word' id='word_1_132' title='bbox 410 1656 588 1705; x_wconf 81' lang='lat' dir='ltr'><strong>Diriguere</strong></span> <span class='ocrx_word' id='word_1_133' title='bbox 609 1657 697 1695; x_wconf 77' lang='lat' dir='ltr'><strong>oculi</strong></span> <span class='ocrx_word' id='word_1_134' title='bbox 719 1657 735 1708; x_wconf 90' lang='lat'>]</span> <span class='ocrx_word' id='word_1_135' title='bbox 767 1659 825 1697; x_wconf 91' lang='lat' dir='ltr'><strong>Sic</strong></span> <span class='ocrx_word' id='word_1_136' title='bbox 844 1659 949 1709; x_wconf 84' lang='lat' dir='ltr'><strong>Virg.</strong></span> <span class='ocrx_word' id='word_1_137' title='bbox 969 1660 1029 1699; x_wconf 87' lang='lat' dir='ltr'><strong>lib.</strong></span> <span class='ocrx_word' id='word_1_138' title='bbox 1049 1675 1119 1701; x_wconf 83' lang='lat' dir='ltr'><strong>vn.</strong></span> <span class='ocrx_word' id='word_1_139' title='bbox 1138 1664 1225 1709; x_wconf 78' lang='lat'><strong>446.</strong></span> 
     </span>
    </p>

    <p class='ocr_par' dir='ltr' id='par_1_9' title="bbox 297 1707 1219 1759">
     <span class='ocr_line' id='line_1_22' title="bbox 297 1707 1219 1759; baseline 0.012 -18"><span class='ocrx_word' id='word_1_140' title='bbox 297 1710 355 1741; x_wconf 85' lang='lat' dir='ltr'><strong>At</strong></span> <span class='ocrx_word' id='word_1_141' title='bbox 368 1707 496 1753; x_wconf 78' lang='lat' dir='ltr'><strong>juveni</strong></span> <span class='ocrx_word' id='word_1_142' title='bbox 515 1710 631 1746; x_wconf 82' lang='lat' dir='ltr'><strong>oranti</strong></span> <span class='ocrx_word' id='word_1_143' title='bbox 651 1708 786 1754; x_wconf 76' lang='lat' dir='ltr'><strong>subitus</strong></span> <span class='ocrx_word' id='word_1_144' title='bbox 808 1720 934 1747; x_wconf 86' lang='lat' dir='ltr'><strong>tremor</strong></span> <span class='ocrx_word' id='word_1_145' title='bbox 951 1722 1089 1759; x_wconf 81' lang='lat' dir='ltr'><strong>occupat</strong></span> <span class='ocrx_word' id='word_1_146' title='bbox 1107 1725 1219 1753; x_wconf 80' lang='lat' dir='ltr'><strong>artus.</strong></span> 
     </span>
    </p>

    <p class='ocr_par' dir='ltr' id='par_1_10' title="bbox 295 1755 1297 1812">
     <span class='ocr_line' id='line_1_23' title="bbox 295 1755 1297 1812; baseline 0.013 -21"><span class='ocrx_word' id='word_1_147' title='bbox 295 1755 476 1805; x_wconf 79' lang='lat' dir='ltr'><strong>Diriguere</strong></span> <span class='ocrx_word' id='word_1_148' title='bbox 493 1759 580 1796; x_wconf 82' lang='lat' dir='ltr'><strong>oculi</strong></span> <span class='ocrx_word' id='word_1_149' title='bbox 591 1788 601 1805; x_wconf 91' lang='lat'><strong>,</strong></span> <span class='ocrx_word' id='word_1_150' title='bbox 614 1771 664 1797; x_wconf 81' lang='lat' dir='ltr'><strong>tot</strong></span> <span class='ocrx_word' id='word_1_151' title='bbox 678 1762 828 1810; x_wconf 73' lang='lat' dir='ltr'><strong>Erinnys</strong></span> <span class='ocrx_word' id='word_1_152' title='bbox 830 1760 952 1809; x_wconf 83' lang='lat' dir='ltr'><strong>fibilat</strong></span> <span class='ocrx_word' id='word_1_153' title='bbox 964 1762 1096 1812; x_wconf 66' lang='lat' dir='ltr'><strong>hydris.</strong></span> <span class='ocrx_word' id='word_1_154' title='bbox 1125 1765 1297 1805; x_wconf 63' lang='lat' dir='ltr'><strong>Cromu.</strong></span> 
     </span>
    </p>

    <p class='ocr_par' dir='ltr' id='par_1_11' title="bbox 237 1810 1295 2114">
     <span class='ocr_line' id='line_1_24' title="bbox 299 1810 1295 1865; baseline 0.011 -22"><span class='ocrx_word' id='word_1_155' title='bbox 299 1816 380 1854; x_wconf 68' lang='lat'><strong>754.</strong></span> <span class='ocrx_word' id='word_1_156' title='bbox 410 1810 623 1859; x_wconf 76' lang='lat' dir='ltr'><strong>Calidusque</strong></span> <span class='ocrx_word' id='word_1_157' title='bbox 652 1812 669 1847; x_wconf 70' lang='grc' dir='ltr'><strong>ἒ</strong></span> <span class='ocrx_word' id='word_1_158' title='bbox 688 1822 814 1860; x_wconf 83' lang='lat' dir='ltr'><strong>corpore</strong></span> <span class='ocrx_word' id='word_1_159' title='bbox 840 1812 982 1861; x_wconf 78' lang='lat' dir='ltr'><strong>sanguis</strong></span> <span class='ocrx_word' id='word_1_160' title='bbox 1006 1816 1148 1852; x_wconf 72' lang='lat' dir='ltr'><strong>Induft&#39;o</strong></span> <span class='ocrx_word' id='word_1_161' title='bbox 1164 1817 1295 1865; x_wconf 83' lang='lat' dir='ltr'><strong>pallore</strong></span> 
     </span>
     <span class='ocr_line' id='line_1_25' title="bbox 237 1856 1293 1907; baseline 0.014 -16"><span class='ocrx_word' id='word_1_162' title='bbox 237 1856 373 1907; x_wconf 60' lang='lat' dir='ltr'><strong>fugin]</strong></span> <span class='ocrx_word' id='word_1_163' title='bbox 413 1858 525 1898; x_wconf 87' lang='lat' dir='ltr'><strong>Liber</strong></span> <span class='ocrx_word' id='word_1_164' title='bbox 556 1873 659 1899; x_wconf 85' lang='lat' dir='ltr'><strong>meus</strong></span> <span class='ocrx_word' id='word_1_165' title='bbox 688 1863 726 1900; x_wconf 61' lang='grc' dir='ltr'><strong>ὃς</strong></span> <span class='ocrx_word' id='word_1_166' title='bbox 756 1863 909 1901; x_wconf 84' lang='lat' dir='ltr'><strong>Caelest.</strong></span> <span class='ocrx_word' id='word_1_167' title='bbox 933 1865 1054 1903; x_wconf 86' lang='lat' dir='ltr'><strong>multo</strong></span> <span class='ocrx_word' id='word_1_168' title='bbox 1077 1866 1209 1905; x_wconf 62' lang='lat' dir='ltr'><strong>restius</strong></span> <span class='ocrx_word' id='word_1_169' title='bbox 1229 1869 1293 1905; x_wconf 86' lang='lat' dir='ltr'><strong>ha-</strong></span> 
     </span>
     <span class='ocr_line' id='line_1_26' title="bbox 245 1906 1293 1965; baseline 0.015 -23"><span class='ocrx_word' id='word_1_170' title='bbox 245 1906 352 1951; x_wconf 84' lang='lat' dir='ltr'><strong>bent,</strong></span> <span class='ocrx_word' id='word_1_171' title='bbox 379 1910 591 1961; x_wconf 75' lang='lat' dir='ltr'><strong>Calidusque</strong></span> <span class='ocrx_word' id='word_1_172' title='bbox 623 1913 639 1948; x_wconf 76' lang='grc' dir='ltr'><strong>ἓ</strong></span> <span class='ocrx_word' id='word_1_173' title='bbox 666 1916 803 1961; x_wconf 71' lang='grc' dir='ltr'><em>ρειῖὶονε.</em></span> <span class='ocrx_word' id='word_1_174' title='bbox 833 1915 946 1952; x_wconf 80' lang='lat' dir='ltr'><strong>IDEM.</strong></span> <span class='ocrx_word' id='word_1_175' title='bbox 977 1916 1169 1965; x_wconf 67' lang='lat' dir='ltr'><strong>Calidoque</strong></span> <span class='ocrx_word' id='word_1_176' title='bbox 1190 1918 1293 1958; x_wconf 82' lang='lat' dir='ltr'><strong>Voff.</strong></span> 
     </span>
     <span class='ocr_line' id='line_1_27' title="bbox 241 1957 1294 2017; baseline 0.014 -25"><span class='ocrx_word' id='word_1_177' title='bbox 241 1957 366 1994; x_wconf 81' lang='lat' dir='ltr'><strong>induto</strong></span> <span class='ocrx_word' id='word_1_178' title='bbox 383 1960 511 2002; x_wconf 77' lang='lat' dir='ltr'><strong>pallore</strong></span> <span class='ocrx_word' id='word_1_179' title='bbox 530 1971 700 2010; x_wconf 85' lang='lat' dir='ltr'><strong>quatuor.</strong></span> <span class='ocrx_word' id='word_1_180' title='bbox 719 1976 812 2002; x_wconf 88' lang='lat' dir='ltr'><strong>mox</strong></span> <span class='ocrx_word' id='word_1_181' title='bbox 824 1994 836 2010; x_wconf 92' lang='lat'><strong>,</strong></span> <span class='ocrx_word' id='word_1_182' title='bbox 864 1977 1055 2017; x_wconf 84' lang='lat' dir='ltr'><strong>conataque</strong></span> <span class='ocrx_word' id='word_1_183' title='bbox 1077 1980 1210 2007; x_wconf 80' lang='lat' dir='ltr'><strong>vertere</strong></span> <span class='ocrx_word' id='word_1_184' title='bbox 1228 1970 1294 2016; x_wconf 87' lang='lat' dir='ltr'><strong>Ju-</strong></span> 
     </span>
     <span class='ocr_line' id='line_1_28' title="bbox 244 2008 1294 2064; baseline 0.013 -20"><span class='ocrx_word' id='word_1_185' title='bbox 244 2008 343 2045; x_wconf 83' lang='lat' dir='ltr'><strong>nian.</strong></span> <span class='ocrx_word' id='word_1_186' title='bbox 376 2010 415 2045; x_wconf 86' lang='lat'>&amp;</span> <span class='ocrx_word' id='word_1_187' title='bbox 441 2012 500 2048; x_wconf 83' lang='lat' dir='ltr'><strong>sex</strong></span> <span class='ocrx_word' id='word_1_188' title='bbox 525 2013 595 2049; x_wconf 84' lang='lat' dir='ltr'><strong>alii.</strong></span> <span class='ocrx_word' id='word_1_189' title='bbox 625 2024 813 2064; x_wconf 81' lang='lat' dir='ltr'><strong>conataque</strong></span> <span class='ocrx_word' id='word_1_190' title='bbox 840 2027 971 2053; x_wconf 82' lang='lat' dir='ltr'><strong>vertere</strong></span> <span class='ocrx_word' id='word_1_191' title='bbox 990 2020 1140 2064; x_wconf 82' lang='lat' dir='ltr'><strong>septem.</strong></span> <span class='ocrx_word' id='word_1_192' title='bbox 1169 2031 1294 2058; x_wconf 85' lang='lat' dir='ltr'><strong>conata</strong></span> 
     </span>
     <span class='ocr_line' id='line_1_29' title="bbox 246 2065 1188 2114; baseline 0.016 -21"><span class='ocrx_word' id='word_1_193' title='bbox 246 2069 415 2095; x_wconf 80' lang='lat' dir='ltr'><strong>revertere</strong></span> <span class='ocrx_word' id='word_1_194' title='bbox 437 2068 519 2099; x_wconf 89' lang='lat' dir='ltr'><strong>tres.</strong></span> <span class='ocrx_word' id='word_1_195' title='bbox 540 2073 663 2099; x_wconf 81' lang='lat' dir='ltr'><strong>conata</strong></span> <span class='ocrx_word' id='word_1_196' title='bbox 683 2065 865 2102; x_wconf 80' lang='lat' dir='ltr'><strong>advertere</strong></span> <span class='ocrx_word' id='word_1_197' title='bbox 887 2068 995 2114; x_wconf 87' lang='lat' dir='ltr'><strong>prim.</strong></span> <span class='ocrx_word' id='word_1_198' title='bbox 1016 2069 1188 2108; x_wconf 89' lang='lat' dir='ltr'><strong>Gronov.</strong></span> 
     </span>
    </p>

    <p class='ocr_par' dir='ltr' id='par_1_12' title="bbox 232 2109 1295 2664">
     <span class='ocr_line' id='line_1_30' title="bbox 295 2109 1292 2169; baseline 0.013 -24"><span class='ocrx_word' id='word_1_199' title='bbox 295 2109 377 2156; x_wconf 82' lang='lat'><strong>758.</strong></span> <span class='ocrx_word' id='word_1_200' title='bbox 416 2112 520 2158; x_wconf 51' lang='lat' dir='ltr'><strong>{Quod</strong></span> <span class='ocrx_word' id='word_1_201' title='bbox 562 2113 640 2159; x_wconf 82' lang='lat' dir='ltr'><strong>fuit</strong></span> <span class='ocrx_word' id='word_1_202' title='bbox 681 2114 721 2150; x_wconf 84' lang='lat' dir='ltr'><strong>in</strong></span> <span class='ocrx_word' id='word_1_203' title='bbox 760 2116 844 2152; x_wconf 82' lang='lat' dir='ltr'><strong>duro</strong></span> <span class='ocrx_word' id='word_1_204' title='bbox 879 2117 1092 2166; x_wconf 85' lang='lat' dir='ltr'><strong>jampridem</strong></span> <span class='ocrx_word' id='word_1_205' title='bbox 1134 2129 1262 2169; x_wconf 86' lang='lat' dir='ltr'><strong>corpore</strong></span> <span class='ocrx_word' id='word_1_206' title='bbox 1281 2149 1292 2166; x_wconf 90' lang='lat'><strong>,</strong></span> 
     </span>
     <span class='ocr_line' id='line_1_31' title="bbox 232 2160 1295 2216; baseline 0.012 -21"><span class='ocrx_word' id='word_1_207' title='bbox 232 2160 405 2210; x_wconf 67' lang='lat' dir='ltr'><strong>fixum]</strong></span> <span class='ocrx_word' id='word_1_208' title='bbox 441 2162 480 2198; x_wconf 87' lang='lat' dir='ltr'><strong>In</strong></span> <span class='ocrx_word' id='word_1_209' title='bbox 504 2163 632 2201; x_wconf 84' lang='lat' dir='ltr'><strong>iisdem</strong></span> <span class='ocrx_word' id='word_1_210' title='bbox 656 2163 715 2202; x_wconf 88' lang='lat' dir='ltr'><strong>lib.</strong></span> <span class='ocrx_word' id='word_1_211' title='bbox 737 2166 786 2202; x_wconf 85' lang='lat' dir='ltr'><strong>est</strong></span> <span class='ocrx_word' id='word_1_212' title='bbox 799 2167 871 2215; x_wconf 77' lang='lat' dir='ltr'><strong>hpc</strong></span> <span class='ocrx_word' id='word_1_213' title='bbox 884 2170 1132 2216; x_wconf 88' lang='lat' dir='ltr'><strong>quoqueloco</strong></span> <span class='ocrx_word' id='word_1_214' title='bbox 1147 2173 1295 2215; x_wconf 56' lang='lat' dir='ltr'><strong>Pectore,</strong></span> 
     </span>
     <span class='ocr_line' id='line_1_32' title="bbox 240 2214 1290 2266; baseline 0.011 -19"><span class='ocrx_word' id='word_1_215' title='bbox 240 2221 318 2247; x_wconf 89' lang='lat' dir='ltr'><strong>non</strong></span> <span class='ocrx_word' id='word_1_216' title='bbox 350 2217 501 2261; x_wconf 85' lang='lat' dir='ltr'><strong>Corpore.</strong></span> <span class='ocrx_word' id='word_1_217' title='bbox 530 2214 688 2253; x_wconf 83' lang='lat' dir='ltr'><strong>Videtur</strong></span> <span class='ocrx_word' id='word_1_218' title='bbox 711 2215 827 2254; x_wconf 77' lang='lat' dir='ltr'><strong>Po&#39;e&#39;ta</strong></span> <span class='ocrx_word' id='word_1_219' title='bbox 848 2219 1026 2266; x_wconf 84' lang='lat' dir='ltr'><strong>attingere</strong></span> <span class='ocrx_word' id='word_1_220' title='bbox 1050 2220 1290 2260; x_wconf 80' lang='lat' dir='ltr'><strong>Deucalionis</strong></span> 
     </span>
     <span class='ocr_line' id='line_1_33' title="bbox 240 2262 1290 2316; baseline 0.011 -18"><span class='ocrx_word' id='word_1_221' title='bbox 240 2262 448 2310; x_wconf 78' lang='lat' dir='ltr'><strong>&amp;Pyrrhae</strong></span> <span class='ocrx_word' id='word_1_222' title='bbox 461 2265 619 2303; x_wconf 76' lang='lat' dir='ltr'><strong>fabulam</strong></span> <span class='ocrx_word' id='word_1_223' title='bbox 634 2295 644 2311; x_wconf 95' lang='lat'><strong>,</strong></span> <span class='ocrx_word' id='word_1_224' title='bbox 673 2278 834 2316; x_wconf 90' lang='lat' dir='ltr'><strong>quorum</strong></span> <span class='ocrx_word' id='word_1_225' title='bbox 853 2279 964 2315; x_wconf 85' lang='lat' dir='ltr'><strong>opera</strong></span> <span class='ocrx_word' id='word_1_226' title='bbox 982 2297 990 2312; x_wconf 88' lang='lat'>‚</span> <span class='ocrx_word' id='word_1_227' title='bbox 1015 2272 1108 2316; x_wconf 83' lang='lat' dir='ltr'><strong>Jove</strong></span> <span class='ocrx_word' id='word_1_228' title='bbox 1123 2283 1290 2309; x_wconf 86' lang='lat' dir='ltr'><strong>annuen-</strong></span> 
     </span>
     <span class='ocr_line' id='line_1_34' title="bbox 241 2315 1290 2370; baseline 0.01 -21"><span class='ocrx_word' id='word_1_229' title='bbox 241 2318 280 2348; x_wconf 89' lang='lat' dir='ltr'><strong>te</strong></span> <span class='ocrx_word' id='word_1_230' title='bbox 308 2315 345 2350; x_wconf 85' lang='lat'>&amp;</span> <span class='ocrx_word' id='word_1_231' title='bbox 375 2317 611 2362; x_wconf 78' lang='lat' dir='ltr'><strong>permittente</strong></span> <span class='ocrx_word' id='word_1_232' title='bbox 632 2345 643 2362; x_wconf 95' lang='lat'>‚</span> <span class='ocrx_word' id='word_1_233' title='bbox 683 2330 729 2355; x_wconf 87' lang='lat' dir='ltr'><strong>ex</strong></span> <span class='ocrx_word' id='word_1_234' title='bbox 762 2318 962 2368; x_wconf 85' lang='lat' dir='ltr'><strong>lapidibus,</strong></span> <span class='ocrx_word' id='word_1_235' title='bbox 990 2332 1082 2369; x_wconf 91' lang='lat' dir='ltr'><strong>quos</strong></span> <span class='ocrx_word' id='word_1_236' title='bbox 1102 2322 1290 2370; x_wconf 84' lang='lat' dir='ltr'><strong>jecerant,</strong></span> 
     </span>
     <span class='ocr_line' id='line_1_35' title="bbox 239 2362 1291 2418; baseline 0.012 -19"><span class='ocrx_word' id='word_1_237' title='bbox 239 2362 413 2403; x_wconf 88' lang='lat' dir='ltr'><strong>homines</strong></span> <span class='ocrx_word' id='word_1_238' title='bbox 436 2366 521 2405; x_wconf 70' lang='lat' dir='ltr'><strong>fac‘ti</strong></span> <span class='ocrx_word' id='word_1_239' title='bbox 550 2368 640 2406; x_wconf 86' lang='lat' dir='ltr'><strong>sunt.</strong></span> <span class='ocrx_word' id='word_1_240' title='bbox 677 2369 782 2412; x_wconf 85' lang='lat' dir='ltr'><strong>Vel,</strong></span> <span class='ocrx_word' id='word_1_241' title='bbox 820 2371 921 2418; x_wconf 88' lang='lat' dir='ltr'><strong>quod</strong></span> <span class='ocrx_word' id='word_1_242' title='bbox 954 2372 1062 2409; x_wconf 87' lang='lat' dir='ltr'><strong>initio</strong></span> <span class='ocrx_word' id='word_1_243' title='bbox 1084 2400 1093 2416; x_wconf 91' lang='lat'><strong>,</strong></span> <span class='ocrx_word' id='word_1_244' title='bbox 1132 2372 1217 2411; x_wconf 70' lang='lat' dir='ltr'><strong>cum</strong></span> <span class='ocrx_word' id='word_1_245' title='bbox 1247 2375 1291 2412; x_wconf 87' lang='lat' dir='ltr'><strong>ab</strong></span> 
     </span>
     <span class='ocr_line' id='line_1_36' title="bbox 238 2412 1292 2470; baseline 0.012 -21"><span class='ocrx_word' id='word_1_246' title='bbox 238 2412 322 2460; x_wconf 86' lang='lat' dir='ltr'><strong>Jphi</strong></span> <span class='ocrx_word' id='word_1_247' title='bbox 344 2426 549 2463; x_wconf 86' lang='lat' dir='ltr'><strong>amaretur,</strong></span> <span class='ocrx_word' id='word_1_248' title='bbox 579 2419 628 2457; x_wconf 85' lang='lat' dir='ltr'><strong>ita</strong></span> <span class='ocrx_word' id='word_1_249' title='bbox 655 2419 744 2458; x_wconf 87' lang='lat' dir='ltr'><strong>dura</strong></span> <span class='ocrx_word' id='word_1_250' title='bbox 762 2421 940 2458; x_wconf 84' lang='lat' dir='ltr'><strong>&amp;acerba</strong></span> <span class='ocrx_word' id='word_1_251' title='bbox 957 2420 1042 2460; x_wconf 87' lang='lat' dir='ltr'><strong>effet</strong></span> <span class='ocrx_word' id='word_1_252' title='bbox 1068 2425 1292 2470; x_wconf 85' lang='lat' dir='ltr'><strong>Anaxarete,</strong></span> 
     </span>
     <span class='ocr_line' id='line_1_37' title="bbox 238 2466 1291 2521; baseline 0.012 -21"><span class='ocrx_word' id='word_1_253' title='bbox 238 2472 281 2501; x_wconf 91' lang='lat' dir='ltr'><strong>ut</strong></span> <span class='ocrx_word' id='word_1_254' title='bbox 303 2477 345 2502; x_wconf 85' lang='lat' dir='ltr'><strong>ea</strong></span> <span class='ocrx_word' id='word_1_255' title='bbox 365 2466 402 2503; x_wconf 91' lang='lat' dir='ltr'><strong>in</strong></span> <span class='ocrx_word' id='word_1_256' title='bbox 425 2468 556 2507; x_wconf 85' lang='lat' dir='ltr'><strong>duritie</strong></span> <span class='ocrx_word' id='word_1_257' title='bbox 578 2470 622 2508; x_wconf 87' lang='lat' dir='ltr'><strong>ad</strong></span> <span class='ocrx_word' id='word_1_258' title='bbox 643 2480 851 2509; x_wconf 87' lang='lat' dir='ltr'><strong>extremum</strong></span> <span class='ocrx_word' id='word_1_259' title='bbox 875 2484 992 2521; x_wconf 86' lang='lat' dir='ltr'><strong>usque</strong></span> <span class='ocrx_word' id='word_1_260' title='bbox 1022 2474 1225 2512; x_wconf 86' lang='lat' dir='ltr'><strong>immobilis</strong></span> <span class='ocrx_word' id='word_1_261' title='bbox 1254 2477 1291 2513; x_wconf 64' lang='grc' dir='ltr'><strong>ὅς</strong></span> 
     </span>
     <span class='ocr_line' id='line_1_38' title="bbox 238 2517 1293 2574; baseline 0.01 -23"><span class='ocrx_word' id='word_1_262' title='bbox 238 2517 405 2562; x_wconf 85' lang='lat' dir='ltr'><strong>pertinax</strong></span> <span class='ocrx_word' id='word_1_263' title='bbox 444 2531 686 2567; x_wconf 73' lang='lat' dir='ltr'><strong>permaneret.</strong></span> <span class='ocrx_word' id='word_1_264' title='bbox 735 2524 905 2560; x_wconf 75' lang='lat' dir='ltr'><strong>C10PAN.</strong></span> <span class='ocrx_word' id='word_1_265' title='bbox 944 2530 986 2560; x_wconf 78' lang='lat'><strong>172</strong></span> <span class='ocrx_word' id='word_1_266' title='bbox 1012 2526 1139 2573; x_wconf 56' lang='lat' dir='ltr'><strong>pestore</strong></span> <span class='ocrx_word' id='word_1_267' title='bbox 1159 2525 1293 2574; x_wconf 81' lang='lat' dir='ltr'><strong>saxum</strong></span> 
     </span>
     <span class='ocr_line' id='line_1_39' title="bbox 242 2565 1294 2625; baseline 0.012 -24"><span class='ocrx_word' id='word_1_268' title='bbox 242 2565 449 2621; x_wconf 72' lang='lat' dir='ltr'><strong>Cantabrig.</strong></span> <span class='ocrx_word' id='word_1_269' title='bbox 471 2571 673 2610; x_wconf 85' lang='lat' dir='ltr'><strong>Oxoniens.</strong></span> <span class='ocrx_word' id='word_1_270' title='bbox 695 2573 872 2611; x_wconf 81' lang='lat' dir='ltr'><strong>Atondel.</strong></span> <span class='ocrx_word' id='word_1_271' title='bbox 892 2575 1001 2623; x_wconf 80' lang='lat' dir='ltr'><strong>prim.</strong></span> <span class='ocrx_word' id='word_1_272' title='bbox 1026 2576 1164 2613; x_wconf 89' lang='lat' dir='ltr'><strong>Moret.</strong></span> <span class='ocrx_word' id='word_1_273' title='bbox 1182 2577 1294 2625; x_wconf 86' lang='lat' dir='ltr'><strong>pluri-</strong></span> 
     </span>
     <span class='ocr_line' id='line_1_40' title="bbox 240 2620 768 2664; baseline 0.019 -13"><span class='ocrx_word' id='word_1_274' title='bbox 240 2625 367 2664; x_wconf 81' lang='lat' dir='ltr'><strong>mrque</strong></span> <span class='ocrx_word' id='word_1_275' title='bbox 389 2620 461 2657; x_wconf 83' lang='lat' dir='ltr'><strong>alii.</strong></span> <span class='ocrx_word' id='word_1_276' title='bbox 489 2622 592 2659; x_wconf 85' lang='lat' dir='ltr'><strong>bene.</strong></span> <span class='ocrx_word' id='word_1_277' title='bbox 623 2624 768 2661; x_wconf 58' lang='lat' dir='ltr'><strong>Herus.</strong></span> 
     </span>
    </p>

    <p class='ocr_par' dir='ltr' id='par_1_13' title="bbox 239 2672 1295 3060">
     <span class='ocr_line' id='line_1_41' title="bbox 295 2672 1293 2724; baseline 0.012 -21"><span class='ocrx_word' id='word_1_278' title='bbox 295 2676 379 2721; x_wconf 72' lang='lat'><strong>759.</strong></span> <span class='ocrx_word' id='word_1_279' title='bbox 407 2672 648 2721; x_wconf 76' lang='lat' dir='ltr'><strong>Dominaesub</strong></span> <span class='ocrx_word' id='word_1_280' title='bbox 660 2673 953 2724; x_wconf 77' lang='lat' dir='ltr'><strong>imaginefignum</strong></span> <span class='ocrx_word' id='word_1_281' title='bbox 966 2683 1091 2713; x_wconf 83' lang='lat' dir='ltr'><strong>Servat</strong></span> <span class='ocrx_word' id='word_1_282' title='bbox 1101 2677 1217 2715; x_wconf 78' lang='lat' dir='ltr'><strong>adhuc</strong></span> <span class='ocrx_word' id='word_1_283' title='bbox 1230 2684 1293 2716; x_wconf 84' lang='lat' dir='ltr'><strong>Sa·</strong></span> 
     </span>
     <span class='ocr_line' id='line_1_42' title="bbox 241 2714 1295 2771; baseline 0.015 -20"><span class='ocrx_word' id='word_1_284' title='bbox 241 2714 384 2765; x_wconf 55' lang='lat' dir='ltr'><strong>lanus]</strong></span> <span class='ocrx_word' id='word_1_285' title='bbox 416 2720 541 2767; x_wconf 77' lang='lat' dir='ltr'><strong>Usque</strong></span> <span class='ocrx_word' id='word_1_286' title='bbox 555 2724 625 2761; x_wconf 84' lang='lat' dir='ltr'><strong>huc</strong></span> <span class='ocrx_word' id='word_1_287' title='bbox 636 2725 747 2763; x_wconf 76' lang='lat' dir='ltr'><strong>statua</strong></span> <span class='ocrx_word' id='word_1_288' title='bbox 761 2728 1001 2771; x_wconf 65' lang='lat' dir='ltr'><strong>Anaxaretes,</strong></span> <span class='ocrx_word' id='word_1_289' title='bbox 1014 2729 1051 2765; x_wconf 91' lang='lat' dir='ltr'><strong>in</strong></span> <span class='ocrx_word' id='word_1_290' title='bbox 1063 2728 1186 2766; x_wconf 85' lang='lat' dir='ltr'><strong>saxum</strong></span> <span class='ocrx_word' id='word_1_291' title='bbox 1201 2741 1295 2768; x_wconf 89' lang='lat' dir='ltr'><strong>con-</strong></span> 
     </span>
     <span class='ocr_line' id='line_1_43' title="bbox 239 2767 1292 2828; baseline 0.014 -25"><span class='ocrx_word' id='word_1_292' title='bbox 239 2767 379 2810; x_wconf 81' lang='lat' dir='ltr'><strong>versae,</strong></span> <span class='ocrx_word' id='word_1_293' title='bbox 401 2769 449 2805; x_wconf 84' lang='lat' dir='ltr'><strong>est</strong></span> <span class='ocrx_word' id='word_1_294' title='bbox 462 2771 675 2812; x_wconf 79' lang='lat' dir='ltr'><strong>Salaminae.</strong></span> <span class='ocrx_word' id='word_1_295' title='bbox 696 2777 880 2823; x_wconf 73' lang='lat' dir='ltr'><strong>Superius,</strong></span> <span class='ocrx_word' id='word_1_296' title='bbox 894 2790 939 2816; x_wconf 88' lang='lat' dir='ltr'><strong>ex</strong></span> <span class='ocrx_word' id='word_1_297' title='bbox 952 2780 996 2814; x_wconf 85' lang='lat' dir='ltr'><strong>C.</strong></span> <span class='ocrx_word' id='word_1_298' title='bbox 1008 2778 1157 2828; x_wconf 87' lang='lat' dir='ltr'><strong>Vellejo</strong></span> <span class='ocrx_word' id='word_1_299' title='bbox 1170 2780 1292 2818; x_wconf 83' lang='lat' dir='ltr'><strong>Pater-</strong></span> 
     </span>
     <span class='ocr_line' id='line_1_44' title="bbox 240 2818 1293 2868; baseline 0.015 -15"><span class='ocrx_word' id='word_1_300' title='bbox 240 2818 350 2861; x_wconf 88' lang='lat' dir='ltr'><strong>culo,</strong></span> <span class='ocrx_word' id='word_1_301' title='bbox 380 2823 661 2868; x_wconf 76' lang='lat' dir='ltr'><strong>annotavimus,</strong></span> <span class='ocrx_word' id='word_1_302' title='bbox 692 2826 910 2864; x_wconf 80' lang='lat' dir='ltr'><strong>Salaminam</strong></span> <span class='ocrx_word' id='word_1_303' title='bbox 933 2829 1122 2867; x_wconf 88' lang='lat' dir='ltr'><strong>conditam</strong></span> <span class='ocrx_word' id='word_1_304' title='bbox 1147 2829 1249 2868; x_wconf 77' lang='lat' dir='ltr'><strong>fuiffe</strong></span> <span class='ocrx_word' id='word_1_305' title='bbox 1271 2830 1293 2868; x_wconf 66' lang='lat' dir='ltr'><strong>a</strong></span> 
     </span>
     <span class='ocr_line' id='line_1_45' title="bbox 240 2867 1292 2925; baseline 0.012 -20"><span class='ocrx_word' id='word_1_306' title='bbox 240 2867 412 2914; x_wconf 63' lang='lat' dir='ltr'><strong>Tem-ro,</strong></span> <span class='ocrx_word' id='word_1_307' title='bbox 426 2870 647 2910; x_wconf 83' lang='lat' dir='ltr'><strong>Telamonis</strong></span> <span class='ocrx_word' id='word_1_308' title='bbox 660 2874 746 2911; x_wconf 81' lang='lat' dir='ltr'><strong>filio.</strong></span> <span class='ocrx_word' id='word_1_309' title='bbox 770 2877 969 2914; x_wconf 83' lang='lat' dir='ltr'><strong>Sciendum</strong></span> <span class='ocrx_word' id='word_1_310' title='bbox 982 2888 1182 2925; x_wconf 83' lang='lat' dir='ltr'><strong>praeterea,</strong></span> <span class='ocrx_word' id='word_1_311' title='bbox 1195 2882 1292 2918; x_wconf 86' lang='lat' dir='ltr'><strong>Sala—</strong></span> 
     </span>
     <span class='ocr_line' id='line_1_46' title="bbox 240 2921 1291 2973; baseline 0.01 -17"><span class='ocrx_word' id='word_1_312' title='bbox 240 2931 382 2958; x_wconf 68' lang='lat' dir='ltr'><strong>minam</strong></span> <span class='ocrx_word' id='word_1_313' title='bbox 426 2921 528 2967; x_wconf 90' lang='lat' dir='ltr'><strong>Jovis</strong></span> <span class='ocrx_word' id='word_1_314' title='bbox 576 2923 730 2961; x_wconf 86' lang='lat' dir='ltr'><strong>delubris</strong></span> <span class='ocrx_word' id='word_1_315' title='bbox 757 2951 766 2968; x_wconf 90' lang='lat'><strong>,</strong></span> <span class='ocrx_word' id='word_1_316' title='bbox 815 2925 904 2963; x_wconf 78' lang='lat' dir='ltr'><strong>sicut</strong></span> <span class='ocrx_word' id='word_1_317' title='bbox 935 2928 1101 2973; x_wconf 84' lang='lat' dir='ltr'><strong>Paphum</strong></span> <span class='ocrx_word' id='word_1_318' title='bbox 1135 2930 1291 2968; x_wconf 87' lang='lat' dir='ltr'><strong>Veneris</strong></span> 
     </span>
     <span class='ocr_line' id='line_1_47' title="bbox 239 2971 1291 3021; baseline 0.01 -14"><span class='ocrx_word' id='word_1_319' title='bbox 239 2972 383 3019; x_wconf 89' lang='lat' dir='ltr'><strong>templo</strong></span> <span class='ocrx_word' id='word_1_320' title='bbox 400 2999 410 3014; x_wconf 96' lang='lat'>‚</span> <span class='ocrx_word' id='word_1_321' title='bbox 437 2971 616 3021; x_wconf 80' lang='lat' dir='ltr'><strong>insignem</strong></span> <span class='ocrx_word' id='word_1_322' title='bbox 648 2973 764 3012; x_wconf 79' lang='lat' dir='ltr'><strong>suill&#39;e.</strong></span> <span class='ocrx_word' id='word_1_323' title='bbox 805 2975 950 3014; x_wconf 68' lang='lat' dir='ltr'><strong>Auctor</strong></span> <span class='ocrx_word' id='word_1_324' title='bbox 974 2979 1211 3017; x_wconf 83' lang='lat' dir='ltr'><strong>Marcellinus</strong></span> <span class='ocrx_word' id='word_1_325' title='bbox 1229 2980 1291 3018; x_wconf 86' lang='lat' dir='ltr'><strong>lib.</strong></span> 
     </span>
     <span class='ocr_line' id='line_1_48' title="bbox 240 3023 520 3060; baseline 0.007 -2"><span class='ocrx_word' id='word_1_326' title='bbox 240 3032 320 3059; x_wconf 73' lang='lat' dir='ltr'><strong>xlv.</strong></span> <span class='ocrx_word' id='word_1_327' title='bbox 351 3023 520 3060; x_wconf 71' lang='lat' dir='ltr'><strong>CiOFAN.</strong></span> 
     </span>
    </p>

    <p class='ocr_par' dir='ltr' id='par_1_14' title="bbox 239 3074 1291 3381">
     <span class='ocr_line' id='line_1_49' title="bbox 294 3074 1288 3128; baseline 0.008 -19"><span class='ocrx_word' id='word_1_328' title='bbox 294 3074 378 3117; x_wconf 83' lang='lat'><strong>760.</strong></span> <span class='ocrx_word' id='word_1_329' title='bbox 407 3074 540 3110; x_wconf 81' lang='lat' dir='ltr'><strong>Veneris</strong></span> <span class='ocrx_word' id='word_1_330' title='bbox 553 3074 822 3124; x_wconf 80' lang='lat' dir='ltr'><strong>prospicientis.]</strong></span> <span class='ocrx_word' id='word_1_331' title='bbox 854 3083 960 3114; x_wconf 80' lang='lat' dir='ltr'><strong>Venus</strong></span> <span class='ocrx_word' id='word_1_332' title='bbox 976 3078 1174 3128; x_wconf 79' lang='lat' dir='ltr'><strong>prospiciens</strong></span> <span class='ocrx_word' id='word_1_333' title='bbox 1192 3079 1288 3117; x_wconf 61' lang='lat' dir='ltr'><strong>dista</strong></span> 
     </span>
     <span class='ocr_line' id='line_1_50' title="bbox 241 3124 1289 3175; baseline 0.007 -14"><span class='ocrx_word' id='word_1_334' title='bbox 241 3124 412 3169; x_wconf 83' lang='lat' dir='ltr'><strong>videtur,</strong></span> <span class='ocrx_word' id='word_1_335' title='bbox 437 3126 543 3172; x_wconf 83' lang='lat' dir='ltr'><strong>quod</strong></span> <span class='ocrx_word' id='word_1_336' title='bbox 566 3127 748 3171; x_wconf 67' lang='lat' dir='ltr'><strong>virginum</strong></span> <span class='ocrx_word' id='word_1_337' title='bbox 763 3127 983 3175; x_wconf 86' lang='lat' dir='ltr'><strong>superbiam,</strong></span> <span class='ocrx_word' id='word_1_338' title='bbox 1002 3138 1184 3168; x_wconf 89' lang='lat' dir='ltr'><strong>amatores</strong></span> <span class='ocrx_word' id='word_1_339' title='bbox 1198 3143 1289 3168; x_wconf 90' lang='lat' dir='ltr'><strong>con-</strong></span> 
     </span>
     <span class='ocr_line' id='line_1_51' title="bbox 239 3176 1289 3230; baseline 0.009 -20"><span class='ocrx_word' id='word_1_340' title='bbox 239 3177 487 3212; x_wconf 86' lang='lat' dir='ltr'><strong>temnentium</strong></span> <span class='ocrx_word' id='word_1_341' title='bbox 505 3203 515 3219; x_wconf 89' lang='lat'><strong>,</strong></span> <span class='ocrx_word' id='word_1_342' title='bbox 544 3176 763 3224; x_wconf 81' lang='lat' dir='ltr'><strong>prospiceret</strong></span> <span class='ocrx_word' id='word_1_343' title='bbox 791 3188 901 3228; x_wconf 85' lang='lat' dir='ltr'><strong>atque</strong></span> <span class='ocrx_word' id='word_1_344' title='bbox 917 3180 1136 3227; x_wconf 85' lang='lat' dir='ltr'><strong>provideret.</strong></span> <span class='ocrx_word' id='word_1_345' title='bbox 1166 3182 1289 3230; x_wconf 89' lang='lat' dir='ltr'><strong>Nym·</strong></span> 
     </span>
     <span class='ocr_line' id='line_1_52' title="bbox 240 3226 1288 3281; baseline 0.009 -20"><span class='ocrx_word' id='word_1_346' title='bbox 240 3226 312 3270; x_wconf 86' lang='lat' dir='ltr'><strong>phe</strong></span> <span class='ocrx_word' id='word_1_347' title='bbox 334 3236 472 3270; x_wconf 84' lang='lat' dir='ltr'><strong>autem,</strong></span> <span class='ocrx_word' id='word_1_348' title='bbox 492 3239 576 3264; x_wconf 87' lang='lat' dir='ltr'><strong>cum</strong></span> <span class='ocrx_word' id='word_1_349' title='bbox 597 3226 637 3264; x_wconf 86' lang='lat' dir='ltr'><strong>fit</strong></span> <span class='ocrx_word' id='word_1_350' title='bbox 661 3228 814 3266; x_wconf 80' lang='lat' dir='ltr'><strong>vocandi</strong></span> <span class='ocrx_word' id='word_1_351' title='bbox 837 3230 947 3273; x_wconf 86' lang='lat' dir='ltr'><strong>casus,</strong></span> <span class='ocrx_word' id='word_1_352' title='bbox 968 3230 1041 3268; x_wconf 83' lang='lat' dir='ltr'><strong>line</strong></span> <span class='ocrx_word' id='word_1_353' title='bbox 1055 3231 1288 3281; x_wconf 80' lang='lat' dir='ltr'><strong>diphthongo</strong></span> 
     </span>
     <span class='ocr_line' id='line_1_53' title="bbox 241 3273 1290 3332; baseline 0.012 -24"><span class='ocrx_word' id='word_1_354' title='bbox 241 3273 422 3314; x_wconf 81' lang='lat' dir='ltr'><strong>scribatur.</strong></span> <span class='ocrx_word' id='word_1_355' title='bbox 460 3279 624 3316; x_wconf 65' lang='lat' dir='ltr'><strong>Remus.</strong></span> <span class='ocrx_word' id='word_1_356' title='bbox 663 3278 789 3316; x_wconf 89' lang='lat' dir='ltr'><strong>Immo</strong></span> <span class='ocrx_word' id='word_1_357' title='bbox 816 3281 1044 3329; x_wconf 67' lang='lat' dir='ltr'><strong>prospicientis</strong></span> <span class='ocrx_word' id='word_1_358' title='bbox 1076 3294 1290 3332; x_wconf 81' lang='lat' dir='ltr'><strong>cognomen</strong></span> 
     </span>
     <span class='ocr_line' id='line_1_54' title="bbox 239 3327 1291 3381; baseline 0.012 -20"><span class='ocrx_word' id='word_1_359' title='bbox 239 3327 380 3374; x_wconf 75' lang='lat' dir='ltr'><strong>accepit</strong></span> <span class='ocrx_word' id='word_1_360' title='bbox 405 3339 425 3365; x_wconf 80' lang='lat' dir='ltr'><strong>a</strong></span> <span class='ocrx_word' id='word_1_361' title='bbox 449 3328 568 3378; x_wconf 78' lang='lat' dir='ltr'><strong>specie</strong></span> <span class='ocrx_word' id='word_1_362' title='bbox 597 3331 636 3369; x_wconf 87' lang='lat'>&amp;</span> <span class='ocrx_word' id='word_1_363' title='bbox 654 3330 774 3369; x_wconf 84' lang='lat' dir='ltr'><strong>forma</strong></span> <span class='ocrx_word' id='word_1_364' title='bbox 793 3332 1046 3381; x_wconf 68' lang='lat' dir='ltr'><strong>prospicientis</strong></span> <span class='ocrx_word' id='word_1_365' title='bbox 1071 3334 1116 3372; x_wconf 86' lang='lat' dir='ltr'><strong>de</strong></span> <span class='ocrx_word' id='word_1_366' title='bbox 1137 3334 1291 3374; x_wconf 77' lang='lat' dir='ltr'><strong>fenestra</strong></span> 
     </span>
    </p>
   </div>
   <div class='ocr_carea' id='block_1_5' title="bbox 2251 1320 2398 1394">
    <p class='ocr_par' dir='ltr' id='par_1_15' title="bbox 2251 1320 2398 1394">
     <span class='ocr_line' id='line_1_55' title="bbox 2251 1320 2398 1394; baseline 0.014 -20"><span class='ocrx_word' id='word_1_367' title='bbox 2251 1320 2398 1394; x_wconf 89' lang='lat' dir='ltr'><strong>Qua-</strong></span> 
     </span>
    </p>
   </div>
   <div class='ocr_carea' id='block_1_6' title="bbox 1340 1453 2470 3419">
    <p class='ocr_par' dir='ltr' id='par_1_16' title="bbox 1345 1453 2403 2625">
     <span class='ocr_line' id='line_1_56' title="bbox 1350 1453 2401 1505; baseline 0.005 -13"><span class='ocrx_word' id='word_1_368' title='bbox 1350 1454 1602 1498; x_wconf 79' lang='lat' dir='ltr'><strong>Anaxeretes‚</strong></span> <span class='ocrx_word' id='word_1_369' title='bbox 1628 1465 1723 1505; x_wconf 84' lang='lat' dir='ltr'><strong>quae</strong></span> <span class='ocrx_word' id='word_1_370' title='bbox 1744 1454 1874 1493; x_wconf 85' lang='lat' dir='ltr'><strong>eadem</strong></span> <span class='ocrx_word' id='word_1_371' title='bbox 1895 1453 2014 1503; x_wconf 83' lang='lat' dir='ltr'><strong>specie</strong></span> <span class='ocrx_word' id='word_1_372' title='bbox 2032 1455 2214 1493; x_wconf 85' lang='lat' dir='ltr'><strong>aVenere</strong></span> <span class='ocrx_word' id='word_1_373' title='bbox 2225 1457 2262 1494; x_wconf 89' lang='lat' dir='ltr'><strong>in</strong></span> <span class='ocrx_word' id='word_1_374' title='bbox 2275 1457 2401 1499; x_wconf 86' lang='lat' dir='ltr'><strong>saxum</strong></span> 
     </span>
     <span class='ocr_line' id='line_1_57' title="bbox 1352 1506 2403 1556; baseline 0.004 -13"><span class='ocrx_word' id='word_1_375' title='bbox 1352 1506 1525 1544; x_wconf 79' lang='lat' dir='ltr'><strong>conversa</strong></span> <span class='ocrx_word' id='word_1_376' title='bbox 1558 1507 1638 1544; x_wconf 90' lang='lat' dir='ltr'><strong>fuit.</strong></span> <span class='ocrx_word' id='word_1_377' title='bbox 1666 1518 1877 1556; x_wconf 81' lang='lat' dir='ltr'><strong>quanquam</strong></span> <span class='ocrx_word' id='word_1_378' title='bbox 1896 1507 1979 1545; x_wconf 83' lang='lat' dir='ltr'><strong>alibi</strong></span> <span class='ocrx_word' id='word_1_379' title='bbox 2001 1506 2097 1555; x_wconf 86' lang='lat' dir='ltr'><strong>apud</strong></span> <span class='ocrx_word' id='word_1_380' title='bbox 2116 1507 2283 1546; x_wconf 67' lang='lat' dir='ltr'><strong>amotores</strong></span> <span class='ocrx_word' id='word_1_381' title='bbox 2311 1521 2375 1548; x_wconf 86' lang='lat' dir='ltr'><strong>eos</strong></span> <span class='ocrx_word' id='word_1_382' title='bbox 2389 1537 2403 1556; x_wconf 86' lang='lat'>‚</span> 
     </span>
     <span class='ocr_line' id='line_1_58' title="bbox 1352 1557 2402 1609; baseline 0.003 -14"><span class='ocrx_word' id='word_1_383' title='bbox 1352 1559 1415 1607; x_wconf 84' lang='lat' dir='ltr'><strong>qui</strong></span> <span class='ocrx_word' id='word_1_384' title='bbox 1449 1558 1602 1602; x_wconf 78' lang='lat' dir='ltr'><strong>restant,</strong></span> <span class='ocrx_word' id='word_1_385' title='bbox 1639 1569 1762 1607; x_wconf 88' lang='lat' dir='ltr'><strong>neque</strong></span> <span class='ocrx_word' id='word_1_386' title='bbox 1792 1557 1935 1595; x_wconf 81' lang='lat' dir='ltr'><strong>fabulae</strong></span> <span class='ocrx_word' id='word_1_387' title='bbox 1955 1558 2087 1606; x_wconf 85' lang='lat' dir='ltr'><strong>hujus,</strong></span> <span class='ocrx_word' id='word_1_388' title='bbox 2114 1570 2236 1607; x_wconf 86' lang='lat' dir='ltr'><strong>neque</strong></span> <span class='ocrx_word' id='word_1_389' title='bbox 2257 1571 2402 1609; x_wconf 86' lang='lat' dir='ltr'><strong>cogno-</strong></span> 
     </span>
     <span class='ocr_line' id='line_1_59' title="bbox 1353 1607 2402 1657; baseline 0.002 -11"><span class='ocrx_word' id='word_1_390' title='bbox 1353 1609 1470 1646; x_wconf 89' lang='lat' dir='ltr'><strong>menti</strong></span> <span class='ocrx_word' id='word_1_391' title='bbox 1493 1608 1589 1647; x_wconf 89' lang='lat' dir='ltr'><strong>istius</strong></span> <span class='ocrx_word' id='word_1_392' title='bbox 1614 1609 1757 1646; x_wconf 91' lang='lat' dir='ltr'><strong>mentio</strong></span> <span class='ocrx_word' id='word_1_393' title='bbox 1777 1608 1848 1646; x_wconf 88' lang='lat' dir='ltr'><strong>ulla</strong></span> <span class='ocrx_word' id='word_1_394' title='bbox 1869 1607 1921 1646; x_wconf 90' lang='lat' dir='ltr'><strong>fit.</strong></span> <span class='ocrx_word' id='word_1_395' title='bbox 1947 1608 2008 1646; x_wconf 90' lang='lat' dir='ltr'><strong>sed</strong></span> <span class='ocrx_word' id='word_1_396' title='bbox 2027 1609 2102 1646; x_wconf 92' lang='lat' dir='ltr'><strong>hoc</strong></span> <span class='ocrx_word' id='word_1_397' title='bbox 2119 1618 2332 1657; x_wconf 87' lang='lat' dir='ltr'><strong>temporum</strong></span> <span class='ocrx_word' id='word_1_398' title='bbox 2344 1611 2402 1649; x_wconf 89' lang='lat' dir='ltr'><strong>in-</strong></span> 
     </span>
     <span class='ocr_line' id='line_1_60' title="bbox 1346 1659 2399 1710; baseline 0.002 -13"><span class='ocrx_word' id='word_1_399' title='bbox 1346 1660 1361 1708; x_wconf 90' lang='lat' dir='ltr'>j</span> <span class='ocrx_word' id='word_1_400' title='bbox 1370 1662 1467 1697; x_wconf 88' lang='lat' dir='ltr'><strong>uriae</strong></span> <span class='ocrx_word' id='word_1_401' title='bbox 1489 1668 1681 1709; x_wconf 83' lang='lat' dir='ltr'><strong>acceptum</strong></span> <span class='ocrx_word' id='word_1_402' title='bbox 1706 1659 1899 1697; x_wconf 86' lang='lat' dir='ltr'><strong>ferendum</strong></span> <span class='ocrx_word' id='word_1_403' title='bbox 1915 1688 1925 1703; x_wconf 93' lang='lat'><strong>,</strong></span> <span class='ocrx_word' id='word_1_404' title='bbox 1953 1671 2025 1710; x_wconf 89' lang='lat' dir='ltr'><strong>qua</strong></span> <span class='ocrx_word' id='word_1_405' title='bbox 2042 1660 2154 1708; x_wconf 84' lang='lat' dir='ltr'><strong>longe</strong></span> <span class='ocrx_word' id='word_1_406' title='bbox 2175 1660 2292 1708; x_wconf 90' lang='lat' dir='ltr'><strong>plures</strong></span> <span class='ocrx_word' id='word_1_407' title='bbox 2314 1660 2399 1702; x_wconf 77' lang='lat' dir='ltr'><strong>cum</strong></span> 
     </span>
     <span class='ocr_line' id='line_1_61' title="bbox 1351 1710 2402 1760; baseline 0.002 -12"><span class='ocrx_word' id='word_1_408' title='bbox 1351 1712 1459 1760; x_wconf 88' lang='lat' dir='ltr'><strong>hujus</strong></span> <span class='ocrx_word' id='word_1_409' title='bbox 1483 1739 1493 1756; x_wconf 89' lang='lat'><strong>,</strong></span> <span class='ocrx_word' id='word_1_410' title='bbox 1543 1720 1623 1749; x_wconf 89' lang='lat' dir='ltr'><strong>tum</strong></span> <span class='ocrx_word' id='word_1_411' title='bbox 1652 1711 1803 1749; x_wconf 87' lang='lat' dir='ltr'><strong>aliarum</strong></span> <span class='ocrx_word' id='word_1_412' title='bbox 1835 1723 1957 1748; x_wconf 88' lang='lat' dir='ltr'><strong>rerum</strong></span> <span class='ocrx_word' id='word_1_413' title='bbox 1986 1710 2152 1748; x_wconf 62' lang='lat' dir='ltr'><strong>aridiores</strong></span> <span class='ocrx_word' id='word_1_414' title='bbox 2179 1711 2365 1750; x_wconf 77' lang='lat' dir='ltr'><strong>amisimus</strong></span> <span class='ocrx_word' id='word_1_415' title='bbox 2390 1740 2402 1757; x_wconf 87' lang='lat'><strong>,</strong></span> 
     </span>
     <span class='ocr_line' id='line_1_62' title="bbox 1350 1761 2400 1811; baseline 0.003 -12"><span class='ocrx_word' id='word_1_416' title='bbox 1350 1773 1463 1810; x_wconf 83' lang='lat' dir='ltr'><strong>quam</strong></span> <span class='ocrx_word' id='word_1_417' title='bbox 1479 1763 1690 1800; x_wconf 86' lang='lat' dir='ltr'><strong>retinemus.</strong></span> <span class='ocrx_word' id='word_1_418' title='bbox 1718 1763 1894 1800; x_wconf 72' lang='lat' dir='ltr'><strong>Micrtr..</strong></span> <span class='ocrx_word' id='word_1_419' title='bbox 1924 1761 2051 1799; x_wconf 80' lang='lat' dir='ltr'><strong>Strabo</strong></span> <span class='ocrx_word' id='word_1_420' title='bbox 2063 1761 2298 1807; x_wconf 83' lang='lat' dir='ltr'><strong>lib.x1v.ait,</strong></span> <span class='ocrx_word' id='word_1_421' title='bbox 2320 1763 2400 1811; x_wconf 86' lang='lat' dir='ltr'><strong>post</strong></span> 
     </span>
     <span class='ocr_line' id='line_1_63' title="bbox 1353 1811 2401 1863; baseline 0.002 -14"><span class='ocrx_word' id='word_1_422' title='bbox 1353 1812 1560 1860; x_wconf 82' lang='lat' dir='ltr'><strong>Carpasiam</strong></span> <span class='ocrx_word' id='word_1_423' title='bbox 1585 1813 1698 1863; x_wconf 89' lang='lat' dir='ltr'><strong>Cypri</strong></span> <span class='ocrx_word' id='word_1_424' title='bbox 1718 1813 1844 1851; x_wconf 89' lang='lat' dir='ltr'><strong>urbem</strong></span> <span class='ocrx_word' id='word_1_425' title='bbox 1870 1811 1939 1851; x_wconf 84' lang='lat' dir='ltr'><strong>effe</strong></span> <span class='ocrx_word' id='word_1_426' title='bbox 1962 1820 2135 1850; x_wconf 87' lang='lat' dir='ltr'><strong>montem</strong></span> <span class='ocrx_word' id='word_1_427' title='bbox 2158 1824 2201 1850; x_wconf 85' lang='lat' dir='ltr'><strong>ac</strong></span> <span class='ocrx_word' id='word_1_428' title='bbox 2219 1825 2401 1861; x_wconf 87' lang='lat' dir='ltr'><strong>promon-</strong></span> 
     </span>
     <span class='ocr_line' id='line_1_64' title="bbox 1350 1863 2400 1913; baseline 0.001 -12"><span class='ocrx_word' id='word_1_429' title='bbox 1350 1865 1489 1902; x_wconf 88' lang='lat' dir='ltr'><strong>torium</strong></span> <span class='ocrx_word' id='word_1_430' title='bbox 1510 1892 1521 1909; x_wconf 90' lang='lat'>‚</span> <span class='ocrx_word' id='word_1_431' title='bbox 1561 1864 1698 1902; x_wconf 87' lang='lat' dir='ltr'><strong>montis</strong></span> <span class='ocrx_word' id='word_1_432' title='bbox 1729 1864 1918 1902; x_wconf 86' lang='lat' dir='ltr'><strong>summum</strong></span> <span class='ocrx_word' id='word_1_433' title='bbox 1953 1863 2164 1913; x_wconf 87' lang='lat' dir='ltr'><strong>Olympum</strong></span> <span class='ocrx_word' id='word_1_434' title='bbox 2194 1863 2300 1909; x_wconf 90' lang='lat' dir='ltr'><strong>dici,</strong></span> <span class='ocrx_word' id='word_1_435' title='bbox 2337 1865 2400 1902; x_wconf 86' lang='lat' dir='ltr'><strong>ubi</strong></span> 
     </span>
     <span class='ocr_line' id='line_1_65' title="bbox 1351 1913 2401 1970; baseline 0.001 -18"><span class='ocrx_word' id='word_1_436' title='bbox 1351 1915 1508 1954; x_wconf 88' lang='lat' dir='ltr'><strong>Veneris</strong></span> <span class='ocrx_word' id='word_1_437' title='bbox 1531 1916 1666 1953; x_wconf 85' lang='lat' dir='ltr'><strong>Atreae</strong></span> <span class='ocrx_word' id='word_1_438' title='bbox 1688 1916 1869 1964; x_wconf 88' lang='lat' dir='ltr'><strong>templum</strong></span> <span class='ocrx_word' id='word_1_439' title='bbox 1891 1914 1954 1960; x_wconf 91' lang='lat' dir='ltr'><strong>fit,</strong></span> <span class='ocrx_word' id='word_1_440' title='bbox 1982 1915 2085 1964; x_wconf 90' lang='lat' dir='ltr'><strong>quod</strong></span> <span class='ocrx_word' id='word_1_441' title='bbox 2097 1925 2167 1950; x_wconf 87' lang='lat' dir='ltr'><strong>nec</strong></span> <span class='ocrx_word' id='word_1_442' title='bbox 2179 1913 2303 1970; x_wconf 76' lang='lat' dir='ltr'><strong>adire,</strong></span> <span class='ocrx_word' id='word_1_443' title='bbox 2328 1926 2401 1953; x_wconf 86' lang='lat' dir='ltr'><strong>nec</strong></span> 
     </span>
     <span class='ocr_line' id='line_1_66' title="bbox 1351 1964 2400 2015; baseline 0 -11"><span class='ocrx_word' id='word_1_444' title='bbox 1351 1966 1477 2004; x_wconf 87' lang='lat' dir='ltr'><strong>videre</strong></span> <span class='ocrx_word' id='word_1_445' title='bbox 1500 1966 1711 2004; x_wconf 87' lang='lat' dir='ltr'><strong>mulieribus</strong></span> <span class='ocrx_word' id='word_1_446' title='bbox 1731 1964 1954 2004; x_wconf 84' lang='lat' dir='ltr'><strong>concessum.</strong></span> <span class='ocrx_word' id='word_1_447' title='bbox 1999 1964 2234 2015; x_wconf 82' lang='lat' dir='ltr'><strong>Ptolemaeus</strong></span> <span class='ocrx_word' id='word_1_448' title='bbox 2254 1964 2400 2004; x_wconf 79' lang='lat' dir='ltr'><strong>Videtur</strong></span> 
     </span>
     <span class='ocr_line' id='line_1_67' title="bbox 1348 2013 2402 2064; baseline 0.001 -11"><span class='ocrx_word' id='word_1_449' title='bbox 1348 2017 1614 2064; x_wconf 78' lang='lat' dir='ltr'><strong>Aphrodisium</strong></span> <span class='ocrx_word' id='word_1_450' title='bbox 1639 2028 1784 2054; x_wconf 87' lang='lat' dir='ltr'><strong>vocare.</strong></span> <span class='ocrx_word' id='word_1_451' title='bbox 1814 2013 1977 2062; x_wconf 76' lang='lat' dir='ltr'><strong>Raphael</strong></span> <span class='ocrx_word' id='word_1_452' title='bbox 2002 2014 2074 2058; x_wconf 83' lang='lat' dir='ltr'><strong>ait,</strong></span> <span class='ocrx_word' id='word_1_453' title='bbox 2102 2014 2292 2053; x_wconf 83' lang='lat' dir='ltr'><strong>Venerem</strong></span> <span class='ocrx_word' id='word_1_454' title='bbox 2315 2027 2402 2064; x_wconf 88' lang='lat' dir='ltr'><strong>pro·</strong></span> 
     </span>
     <span class='ocr_line' id='line_1_68' title="bbox 1347 2064 2402 2115; baseline 0.001 -11"><span class='ocrx_word' id='word_1_455' title='bbox 1347 2067 1560 2115; x_wconf 88' lang='lat' dir='ltr'><strong>spicientem</strong></span> <span class='ocrx_word' id='word_1_456' title='bbox 1576 2067 1710 2104; x_wconf 69' lang='lat' dir='ltr'><strong>dietam</strong></span> <span class='ocrx_word' id='word_1_457' title='bbox 1725 2094 1735 2110; x_wconf 99' lang='lat'><strong>,</strong></span> <span class='ocrx_word' id='word_1_458' title='bbox 1757 2065 1858 2115; x_wconf 88' lang='lat' dir='ltr'><strong>quod</strong></span> <span class='ocrx_word' id='word_1_459' title='bbox 1872 2067 2054 2112; x_wconf 85' lang='lat' dir='ltr'><strong>virginum</strong></span> <span class='ocrx_word' id='word_1_460' title='bbox 2070 2064 2402 2113; x_wconf 85' lang='lat' dir='ltr'><strong>superbiam,ama-</strong></span> 
     </span>
     <span class='ocr_line' id='line_1_69' title="bbox 1349 2116 2399 2164; baseline 0 -9"><span class='ocrx_word' id='word_1_461' title='bbox 1349 2125 1446 2155; x_wconf 87' lang='lat' dir='ltr'><strong>tores</strong></span> <span class='ocrx_word' id='word_1_462' title='bbox 1476 2118 1822 2159; x_wconf 88' lang='lat' dir='ltr'><strong>contemnentium,</strong></span> <span class='ocrx_word' id='word_1_463' title='bbox 1851 2116 2073 2164; x_wconf 87' lang='lat' dir='ltr'><strong>prospiceret</strong></span> <span class='ocrx_word' id='word_1_464' title='bbox 2099 2127 2142 2152; x_wconf 82' lang='lat' dir='ltr'><strong>ac</strong></span> <span class='ocrx_word' id='word_1_465' title='bbox 2163 2116 2399 2163; x_wconf 84' lang='lat' dir='ltr'><strong>provideret.</strong></span> 
     </span>
     <span class='ocr_line' id='line_1_70' title="bbox 1349 2165 2400 2216; baseline 0.001 -11"><span class='ocrx_word' id='word_1_466' title='bbox 1349 2168 1451 2216; x_wconf 88' lang='lat' dir='ltr'><strong>quod</strong></span> <span class='ocrx_word' id='word_1_467' title='bbox 1472 2169 1561 2206; x_wconf 89' lang='lat' dir='ltr'><strong>mihi</strong></span> <span class='ocrx_word' id='word_1_468' title='bbox 1583 2181 1660 2206; x_wconf 92' lang='lat' dir='ltr'><strong>non</strong></span> <span class='ocrx_word' id='word_1_469' title='bbox 1685 2167 1867 2216; x_wconf 83' lang='lat' dir='ltr'><strong>probatur.</strong></span> <span class='ocrx_word' id='word_1_470' title='bbox 1895 2167 2104 2204; x_wconf 71' lang='lat' dir='ltr'><strong>GLAREAN.</strong></span> <span class='ocrx_word' id='word_1_471' title='bbox 2130 2165 2325 2204; x_wconf 88' lang='lat' dir='ltr'><strong>Zulich.&amp;</strong></span> <span class='ocrx_word' id='word_1_472' title='bbox 2347 2168 2400 2206; x_wconf 86' lang='lat' dir='ltr'><strong>al-</strong></span> 
     </span>
     <span class='ocr_line' id='line_1_71' title="bbox 1345 2216 2399 2267; baseline 0.002 -12"><span class='ocrx_word' id='word_1_473' title='bbox 1345 2227 1399 2256; x_wconf 91' lang='lat' dir='ltr'><strong>ter</strong></span> <span class='ocrx_word' id='word_1_474' title='bbox 1420 2219 1572 2257; x_wconf 84' lang='lat' dir='ltr'><strong>Thuan.</strong></span> <span class='ocrx_word' id='word_1_475' title='bbox 1593 2218 1799 2267; x_wconf 60' lang='lat' dir='ltr'><strong>Ulciscentis.</strong></span> <span class='ocrx_word' id='word_1_476' title='bbox 1827 2229 1892 2264; x_wconf 85' lang='lat' dir='ltr'><strong>pro</strong></span> <span class='ocrx_word' id='word_1_477' title='bbox 1908 2245 1918 2262; x_wconf 93' lang='lat'><strong>,</strong></span> <span class='ocrx_word' id='word_1_478' title='bbox 1949 2216 1965 2252; x_wconf 81' lang='grc' dir='ltr'><em>ὂ</em></span> <span class='ocrx_word' id='word_1_479' title='bbox 1987 2230 2062 2253; x_wconf 83' lang='lat' dir='ltr'><strong>mea</strong></span> <span class='ocrx_word' id='word_1_480' title='bbox 2086 2216 2262 2266; x_wconf 73' lang='lat' dir='ltr'><strong>Nympho,</strong></span> <span class='ocrx_word' id='word_1_481' title='bbox 2291 2219 2399 2257; x_wconf 88' lang='lat' dir='ltr'><strong>multi</strong></span> 
     </span>
     <span class='ocr_line' id='line_1_72' title="bbox 1347 2267 2397 2318; baseline 0 -12"><span class='ocrx_word' id='word_1_482' title='bbox 1347 2279 1489 2307; x_wconf 87' lang='lat' dir='ltr'><strong>veteres</strong></span> <span class='ocrx_word' id='word_1_483' title='bbox 1510 2298 1521 2315; x_wconf 93' lang='lat'><strong>,</strong></span> <span class='ocrx_word' id='word_1_484' title='bbox 1571 2270 1712 2318; x_wconf 72' lang='lat' dir='ltr'><strong>optIma.</strong></span> <span class='ocrx_word' id='word_1_485' title='bbox 1750 2269 1785 2306; x_wconf 89' lang='lat' dir='ltr'><strong>S.</strong></span> <span class='ocrx_word' id='word_1_486' title='bbox 1813 2268 1933 2305; x_wconf 86' lang='lat' dir='ltr'><strong>Marci</strong></span> <span class='ocrx_word' id='word_1_487' title='bbox 1971 2268 2009 2305; x_wconf 83' lang='lat'>&amp;</span> <span class='ocrx_word' id='word_1_488' title='bbox 2042 2268 2100 2309; x_wconf 85' lang='lat' dir='ltr'><strong>alii</strong></span> <span class='ocrx_word' id='word_1_489' title='bbox 2135 2267 2193 2305; x_wconf 86' lang='lat' dir='ltr'><strong>sex</strong></span> <span class='ocrx_word' id='word_1_490' title='bbox 2214 2295 2225 2311; x_wconf 94' lang='lat'><strong>,</strong></span> <span class='ocrx_word' id='word_1_491' title='bbox 2266 2269 2397 2308; x_wconf 88' lang='lat' dir='ltr'><strong>omnia.</strong></span> 
     </span>
     <span class='ocr_line' id='line_1_73' title="bbox 1347 2318 2398 2368; baseline 0.002 -11"><span class='ocrx_word' id='word_1_492' title='bbox 1347 2320 1422 2358; x_wconf 90' lang='lat' dir='ltr'><strong>vid.</strong></span> <span class='ocrx_word' id='word_1_493' title='bbox 1439 2329 1545 2358; x_wconf 86' lang='lat' dir='ltr'><strong>notas</strong></span> <span class='ocrx_word' id='word_1_494' title='bbox 1562 2320 1672 2358; x_wconf 87' lang='lat' dir='ltr'><strong>Trist.</strong></span> <span class='ocrx_word' id='word_1_495' title='bbox 1694 2332 1722 2357; x_wconf 88' lang='lat'><strong>1.</strong></span> <span class='ocrx_word' id='word_1_496' title='bbox 1744 2319 1835 2368; x_wconf 89' lang='lat' dir='ltr'><strong>eleg.</strong></span> <span class='ocrx_word' id='word_1_497' title='bbox 1855 2331 1910 2357; x_wconf 81' lang='lat' dir='ltr'><strong>vt.</strong></span> <span class='ocrx_word' id='word_1_498' title='bbox 1932 2331 1964 2366; x_wconf 83' lang='lat'><strong>5.</strong></span> <span class='ocrx_word' id='word_1_499' title='bbox 1994 2318 2173 2367; x_wconf 84' lang='lat' dir='ltr'><strong>Apulejus</strong></span> <span class='ocrx_word' id='word_1_500' title='bbox 2190 2318 2248 2356; x_wconf 85' lang='lat' dir='ltr'><strong>lib.</strong></span> <span class='ocrx_word' id='word_1_501' title='bbox 2270 2332 2298 2356; x_wconf 90' lang='lat'><strong>1.</strong></span> <span class='ocrx_word' id='word_1_502' title='bbox 2321 2321 2398 2359; x_wconf 90' lang='lat' dir='ltr'><strong>Mi-</strong></span> 
     </span>
     <span class='ocr_line' id='line_1_74' title="bbox 1347 2369 2396 2421; baseline -0.001 -13"><span class='ocrx_word' id='word_1_503' title='bbox 1347 2369 1405 2408; x_wconf 87' lang='lat' dir='ltr'><strong>les.</strong></span> <span class='ocrx_word' id='word_1_504' title='bbox 1434 2377 1570 2408; x_wconf 84' lang='lat' dir='ltr'><strong>Remoto</strong></span> <span class='ocrx_word' id='word_1_505' title='bbox 1597 2371 1801 2421; x_wconf 66' lang='lat' dir='ltr'><strong>inquamjn</strong></span> <span class='ocrx_word' id='word_1_506' title='bbox 1821 2369 1909 2414; x_wconf 83' lang='lat' dir='ltr'><strong>loco,</strong></span> <span class='ocrx_word' id='word_1_507' title='bbox 1937 2379 2060 2418; x_wconf 82' lang='lat' dir='ltr'><strong>parens</strong></span> <span class='ocrx_word' id='word_1_508' title='bbox 2082 2370 2235 2417; x_wconf 78' lang='lat' dir='ltr'><strong>optima,</strong></span> <span class='ocrx_word' id='word_1_509' title='bbox 2263 2370 2318 2406; x_wconf 82' lang='lat' dir='ltr'><strong>dic</strong></span> <span class='ocrx_word' id='word_1_510' title='bbox 2337 2384 2396 2407; x_wconf 88' lang='lat' dir='ltr'><strong>oro</strong></span> 
     </span>
     <span class='ocr_line' id='line_1_75' title="bbox 1348 2420 2398 2472; baseline 0 -14"><span class='ocrx_word' id='word_1_511' title='bbox 1348 2422 1473 2469; x_wconf 79' lang='lat' dir='ltr'><strong>cujatis</strong></span> <span class='ocrx_word' id='word_1_512' title='bbox 1493 2421 1554 2472; x_wconf 80' lang='lat' dir='ltr'><strong>fis.</strong></span> <span class='ocrx_word' id='word_1_513' title='bbox 1585 2423 1635 2459; x_wconf 87' lang='lat' dir='ltr'><strong>ita</strong></span> <span class='ocrx_word' id='word_1_514' title='bbox 1665 2420 1827 2459; x_wconf 89' lang='lat' dir='ltr'><strong>vetulam</strong></span> <span class='ocrx_word' id='word_1_515' title='bbox 1849 2420 2058 2468; x_wconf 85' lang='lat' dir='ltr'><strong>alloquitur.</strong></span> <span class='ocrx_word' id='word_1_516' title='bbox 2087 2420 2231 2457; x_wconf 66' lang='lat' dir='ltr'><strong>Herus.</strong></span> <span class='ocrx_word' id='word_1_517' title='bbox 2261 2421 2398 2458; x_wconf 78' lang='lat' dir='ltr'><strong>Veneris</strong></span> 
     </span>
     <span class='ocr_line' id='line_1_76' title="bbox 1348 2469 2396 2523; baseline 0.002 -16"><span class='ocrx_word' id='word_1_518' title='bbox 1348 2486 1479 2523; x_wconf 78' lang='lat' dir='ltr'><strong>quoque</strong></span> <span class='ocrx_word' id='word_1_519' title='bbox 1516 2472 1659 2510; x_wconf 82' lang='lat' dir='ltr'><strong>numine</strong></span> <span class='ocrx_word' id='word_1_520' title='bbox 1701 2471 1841 2509; x_wconf 83' lang='lat' dir='ltr'><strong>Medic.</strong></span> <span class='ocrx_word' id='word_1_521' title='bbox 1874 2472 1912 2508; x_wconf 89' lang='lat'>&amp;</span> <span class='ocrx_word' id='word_1_522' title='bbox 1945 2470 2074 2508; x_wconf 82' lang='lat' dir='ltr'><strong>Ambr.</strong></span> <span class='ocrx_word' id='word_1_523' title='bbox 2107 2469 2241 2508; x_wconf 85' lang='lat' dir='ltr'><strong>deinde</strong></span> <span class='ocrx_word' id='word_1_524' title='bbox 2272 2484 2289 2507; x_wconf 89' lang='lat' dir='ltr'><strong>o</strong></span> <span class='ocrx_word' id='word_1_525' title='bbox 2317 2484 2396 2509; x_wconf 83' lang='lat' dir='ltr'><strong>mea</strong></span> 
     </span>
     <span class='ocr_line' id='line_1_77' title="bbox 1349 2521 2399 2571; baseline 0 -11"><span class='ocrx_word' id='word_1_526' title='bbox 1349 2523 1490 2561; x_wconf 61' lang='lat' dir='ltr'><strong>rectum</strong></span> <span class='ocrx_word' id='word_1_527' title='bbox 1523 2523 1581 2561; x_wconf 90' lang='lat' dir='ltr'><strong>est.</strong></span> <span class='ocrx_word' id='word_1_528' title='bbox 1613 2522 1687 2561; x_wconf 92' lang='lat' dir='ltr'><strong>vid.</strong></span> <span class='ocrx_word' id='word_1_529' title='bbox 1707 2522 1752 2561; x_wconf 86' lang='lat' dir='ltr'><strong>ad</strong></span> <span class='ocrx_word' id='word_1_530' title='bbox 1777 2522 1926 2560; x_wconf 86' lang='lat' dir='ltr'><strong>Petron.</strong></span> <span class='ocrx_word' id='word_1_531' title='bbox 1944 2533 2021 2571; x_wconf 84' lang='lat' dir='ltr'><strong>cap.</strong></span> <span class='ocrx_word' id='word_1_532' title='bbox 2039 2532 2140 2560; x_wconf 76' lang='lat' dir='ltr'><strong>cxvi.</strong></span> <span class='ocrx_word' id='word_1_533' title='bbox 2168 2521 2272 2558; x_wconf 90' lang='lat' dir='ltr'><strong>duros</strong></span> <span class='ocrx_word' id='word_1_534' title='bbox 2282 2523 2399 2571; x_wconf 83' lang='lat' dir='ltr'><strong>fastus</strong></span> 
     </span>
     <span class='ocr_line' id='line_1_78' title="bbox 1349 2575 2019 2625; baseline 0.003 -15"><span class='ocrx_word' id='word_1_535' title='bbox 1349 2575 1516 2623; x_wconf 88' lang='lat' dir='ltr'><strong>quinque</strong></span> <span class='ocrx_word' id='word_1_536' title='bbox 1531 2575 1623 2612; x_wconf 85' lang='lat' dir='ltr'><strong>libri.</strong></span> <span class='ocrx_word' id='word_1_537' title='bbox 2017 2623 2019 2625; x_wconf 17' lang='grc' dir='ltr'><strong><em>ι</em></strong></span> 
     </span>
    </p>

    <p class='ocr_par' dir='ltr' id='par_1_17' title="bbox 1347 2621 2395 2724">
     <span class='ocr_line' id='line_1_79' title="bbox 1402 2621 2395 2673; baseline 0.001 -13"><span class='ocrx_word' id='word_1_538' title='bbox 1402 2625 1484 2669; x_wconf 77' lang='lat'><strong>762.</strong></span> <span class='ocrx_word' id='word_1_539' title='bbox 1511 2625 1668 2673; x_wconf 78' lang='lat' dir='ltr'><strong>Jungere</strong></span> <span class='ocrx_word' id='word_1_540' title='bbox 1682 2653 1692 2669; x_wconf 88' lang='lat'><strong>,</strong></span> <span class='ocrx_word' id='word_1_541' title='bbox 1726 2621 1930 2673; x_wconf 50' lang='lat' dir='ltr'><strong>Nympha]</strong></span> <span class='ocrx_word' id='word_1_542' title='bbox 1967 2623 2124 2672; x_wconf 79' lang='lat' dir='ltr'><strong>Jungere</strong></span> <span class='ocrx_word' id='word_1_543' title='bbox 2144 2622 2287 2660; x_wconf 82' lang='lat' dir='ltr'><strong>dextrae</strong></span> <span class='ocrx_word' id='word_1_544' title='bbox 2301 2633 2395 2661; x_wconf 75' lang='lat' dir='ltr'><strong>unus</strong></span> 
     </span>
     <span class='ocr_line' id='line_1_80' title="bbox 1347 2673 1968 2724; baseline -0.003 -11"><span class='ocrx_word' id='word_1_545' title='bbox 1347 2674 1542 2724; x_wconf 83' lang='lat' dir='ltr'><strong>Argentin.</strong></span> <span class='ocrx_word' id='word_1_546' title='bbox 1564 2677 1705 2723; x_wconf 83' lang='lat' dir='ltr'><strong>jungere</strong></span> <span class='ocrx_word' id='word_1_547' title='bbox 1725 2675 1808 2711; x_wconf 86' lang='lat' dir='ltr'><strong>divo</strong></span> <span class='ocrx_word' id='word_1_548' title='bbox 1829 2673 1968 2712; x_wconf 72' lang='lat' dir='ltr'><strong>MediC.</strong></span> 
     </span>
    </p>

    <p class='ocr_par' dir='ltr' id='par_1_18' title="bbox 1400 2721 2334 2774">
     <span class='ocr_line' id='line_1_81' title="bbox 1400 2721 2334 2774; baseline -0.001 -13"><span class='ocrx_word' id='word_1_549' title='bbox 1400 2727 1483 2774; x_wconf 85' lang='lat'><strong>763.</strong></span> <span class='ocrx_word' id='word_1_550' title='bbox 1512 2727 1564 2762; x_wconf 80' lang='lat' dir='ltr'><strong>sic</strong></span> <span class='ocrx_word' id='word_1_551' title='bbox 1585 2725 1651 2762; x_wconf 80' lang='lat' dir='ltr'><strong>tibi</strong></span> <span class='ocrx_word' id='word_1_552' title='bbox 1669 2725 1760 2774; x_wconf 64' lang='lat' dir='ltr'><strong>nea]</strong></span> <span class='ocrx_word' id='word_1_553' title='bbox 1796 2725 1871 2761; x_wconf 83' lang='lat' dir='ltr'><strong>Tibi</strong></span> <span class='ocrx_word' id='word_1_554' title='bbox 1893 2725 1946 2761; x_wconf 81' lang='lat' dir='ltr'><strong>nil</strong></span> <span class='ocrx_word' id='word_1_555' title='bbox 1972 2726 2007 2762; x_wconf 90' lang='lat' dir='ltr'><strong>S.</strong></span> <span class='ocrx_word' id='word_1_556' title='bbox 2029 2723 2158 2760; x_wconf 83' lang='lat' dir='ltr'><strong>Marci.</strong></span> <span class='ocrx_word' id='word_1_557' title='bbox 2187 2721 2334 2760; x_wconf 63' lang='lat' dir='ltr'><strong>Herus.</strong></span> 
     </span>
    </p>

    <p class='ocr_par' dir='ltr' id='par_1_19' title="bbox 1349 2771 2403 2872">
     <span class='ocr_line' id='line_1_82' title="bbox 1402 2771 2403 2830; baseline 0.001 -18"><span class='ocrx_word' id='word_1_558' title='bbox 1402 2776 1484 2823; x_wconf 86' lang='lat'><strong>766.</strong></span> <span class='ocrx_word' id='word_1_559' title='bbox 1511 2781 1558 2813; x_wconf 82' lang='lat' dir='ltr'><strong>Et</strong></span> <span class='ocrx_word' id='word_1_560' title='bbox 1587 2776 1702 2813; x_wconf 82' lang='lat' dir='ltr'><strong>anilia</strong></span> <span class='ocrx_word' id='word_1_561' title='bbox 1735 2775 1882 2824; x_wconf 56' lang='lat' dir='ltr'><strong>demin]</strong></span> <span class='ocrx_word' id='word_1_562' title='bbox 1924 2775 1966 2812; x_wconf 90' lang='lat' dir='ltr'><strong>In</strong></span> <span class='ocrx_word' id='word_1_563' title='bbox 1999 2785 2110 2816; x_wconf 89' lang='lat' dir='ltr'><strong>meo,</strong></span> <span class='ocrx_word' id='word_1_564' title='bbox 2142 2771 2298 2830; x_wconf 39' lang='lat' dir='ltr'><strong>dempstt..</strong></span> <span class='ocrx_word' id='word_1_565' title='bbox 2322 2773 2403 2813; x_wconf 63' lang='lat' dir='ltr'><strong>Pla·-&gt;</strong></span> 
     </span>
     <span class='ocr_line' id='line_1_83' title="bbox 1349 2824 2311 2872; baseline -0.002 -8"><span class='ocrx_word' id='word_1_566' title='bbox 1349 2835 1419 2864; x_wconf 89' lang='lat' dir='ltr'><strong>cet.</strong></span> <span class='ocrx_word' id='word_1_567' title='bbox 1449 2827 1618 2864; x_wconf 67' lang='lat' dir='ltr'><strong>Cremu.</strong></span> <span class='ocrx_word' id='word_1_568' title='bbox 1647 2827 1699 2864; x_wconf 89' lang='lat' dir='ltr'><strong>Ita</strong></span> <span class='ocrx_word' id='word_1_569' title='bbox 1720 2827 1757 2864; x_wconf 65' lang='grc' dir='ltr'><strong>ὃς</strong></span> <span class='ocrx_word' id='word_1_570' title='bbox 1781 2826 1900 2862; x_wconf 88' lang='lat' dir='ltr'><strong>multi.</strong></span> <span class='ocrx_word' id='word_1_571' title='bbox 1923 2824 2023 2872; x_wconf 85' lang='lat' dir='ltr'><strong>ponit</strong></span> <span class='ocrx_word' id='word_1_572' title='bbox 2046 2834 2138 2861; x_wconf 90' lang='lat' dir='ltr'><strong>unus</strong></span> <span class='ocrx_word' id='word_1_573' title='bbox 2158 2824 2311 2862; x_wconf 79' lang='lat' dir='ltr'><strong>Mureti.</strong></span> 
     </span>
    </p>

    <p class='ocr_par' dir='ltr' id='par_1_20' title="bbox 1345 2872 2406 3065">
     <span class='ocr_line' id='line_1_84' title="bbox 1401 2872 2401 2926; baseline 0.001 -12"><span class='ocrx_word' id='word_1_574' title='bbox 1401 2877 1483 2921; x_wconf 83' lang='lat'><strong>768.</strong></span> <span class='ocrx_word' id='word_1_575' title='bbox 1512 2875 1721 2926; x_wconf 74' lang='lat' dir='ltr'><strong>Oppofitas.]</strong></span> <span class='ocrx_word' id='word_1_576' title='bbox 1758 2872 1939 2923; x_wconf 84' lang='lat' dir='ltr'><strong>Appofitas</strong></span> <span class='ocrx_word' id='word_1_577' title='bbox 1961 2873 2243 2923; x_wconf 79' lang='lat' dir='ltr'><strong>quatuordecim</strong></span> <span class='ocrx_word' id='word_1_578' title='bbox 2267 2874 2401 2923; x_wconf 84' lang='lat' dir='ltr'><strong>scripti.</strong></span> 
     </span>
     <span class='ocr_line' id='line_1_85' title="bbox 1346 2923 2399 2976; baseline 0.002 -14"><span class='ocrx_word' id='word_1_579' title='bbox 1346 2926 1524 2976; x_wconf 80' lang='lat' dir='ltr'><strong>oppofitam</strong></span> <span class='ocrx_word' id='word_1_580' title='bbox 1547 2928 1671 2964; x_wconf 80' lang='lat' dir='ltr'><strong>nubem</strong></span> <span class='ocrx_word' id='word_1_581' title='bbox 1695 2925 1797 2962; x_wconf 79' lang='lat' dir='ltr'><strong>Basil.</strong></span> <span class='ocrx_word' id='word_1_582' title='bbox 1829 2923 1974 2959; x_wconf 79' lang='lat' dir='ltr'><strong>Evincit</strong></span> <span class='ocrx_word' id='word_1_583' title='bbox 2001 2924 2148 2971; x_wconf 86' lang='lat' dir='ltr'><strong>Junian.</strong></span> <span class='ocrx_word' id='word_1_584' title='bbox 2170 2926 2207 2961; x_wconf 91' lang='lat'>&amp;</span> <span class='ocrx_word' id='word_1_585' title='bbox 2231 2926 2399 2974; x_wconf 86' lang='lat' dir='ltr'><strong>quinque</strong></span> 
     </span>
     <span class='ocr_line' id='line_1_86' title="bbox 1346 2971 2406 3024; baseline 0.003 -11"><span class='ocrx_word' id='word_1_586' title='bbox 1346 2977 1416 3013; x_wconf 87' lang='lat' dir='ltr'><strong>alii.</strong></span> <span class='ocrx_word' id='word_1_587' title='bbox 1440 2978 1559 3014; x_wconf 78' lang='lat' dir='ltr'><strong>eduxit</strong></span> <span class='ocrx_word' id='word_1_588' title='bbox 1585 2988 1688 3014; x_wconf 86' lang='lat' dir='ltr'><strong>unus.</strong></span> <span class='ocrx_word' id='word_1_589' title='bbox 1718 2973 1852 3013; x_wconf 86' lang='lat' dir='ltr'><strong>deinde</strong></span> <span class='ocrx_word' id='word_1_590' title='bbox 1870 2971 2004 3024; x_wconf 83' lang='lat' dir='ltr'><strong>refulfit</strong></span> <span class='ocrx_word' id='word_1_591' title='bbox 2026 2974 2168 3012; x_wconf 83' lang='lat' dir='ltr'><strong>Moreti</strong></span> <span class='ocrx_word' id='word_1_592' title='bbox 2191 2975 2316 3013; x_wconf 88' lang='lat' dir='ltr'><strong>&amp;duo</strong></span> <span class='ocrx_word' id='word_1_593' title='bbox 2331 2978 2406 3017; x_wconf 85' lang='lat' dir='ltr'><strong>alii.</strong></span> 
     </span>
     <span class='ocr_line' id='line_1_87' title="bbox 1345 3028 1611 3065; baseline 0.004 -2"><span class='ocrx_word' id='word_1_594' title='bbox 1345 3028 1485 3064; x_wconf 85' lang='lat' dir='ltr'><strong>reduxit</strong></span> <span class='ocrx_word' id='word_1_595' title='bbox 1508 3039 1611 3065; x_wconf 89' lang='lat' dir='ltr'><strong>unus.</strong></span> 
     </span>
    </p>

    <p class='ocr_par' dir='ltr' id='par_1_21' title="bbox 1340 3074 2470 3418">
     <span class='ocr_line' id='line_1_88' title="bbox 1393 3074 2396 3126; baseline 0.001 -12"><span class='ocrx_word' id='word_1_596' title='bbox 1393 3090 1476 3123; x_wconf 65' lang='grc' dir='ltr'><strong>ΠΟ.</strong></span> <span class='ocrx_word' id='word_1_597' title='bbox 1509 3083 1612 3126; x_wconf 73' lang='lat' dir='ltr'><strong>Inque</strong></span> <span class='ocrx_word' id='word_1_598' title='bbox 1638 3076 1754 3125; x_wconf 82' lang='lat' dir='ltr'><strong>figura</strong></span> <span class='ocrx_word' id='word_1_599' title='bbox 1788 3074 1939 3124; x_wconf 59' lang='lat' dir='ltr'><strong>captu]</strong></span> <span class='ocrx_word' id='word_1_600' title='bbox 1982 3075 2038 3113; x_wconf 89' lang='lat' dir='ltr'><strong>Sic</strong></span> <span class='ocrx_word' id='word_1_601' title='bbox 2061 3074 2211 3123; x_wconf 87' lang='lat' dir='ltr'><strong>quidem</strong></span> <span class='ocrx_word' id='word_1_602' title='bbox 2240 3075 2396 3123; x_wconf 83' lang='lat' dir='ltr'><strong>legitur,</strong></span> 
     </span>
     <span class='ocr_line' id='line_1_89' title="bbox 1340 3126 2388 3182; baseline 0 -17"><span class='ocrx_word' id='word_1_603' title='bbox 1340 3127 1399 3165; x_wconf 82' lang='lat' dir='ltr'><strong>sed</strong></span> <span class='ocrx_word' id='word_1_604' title='bbox 1421 3142 1571 3179; x_wconf 78' lang='lat' dir='ltr'><strong>namque</strong></span> <span class='ocrx_word' id='word_1_605' title='bbox 1585 3157 1594 3171; x_wconf 94' lang='lat'><strong>,</strong></span> <span class='ocrx_word' id='word_1_606' title='bbox 1614 3129 1701 3165; x_wconf 86' lang='lat' dir='ltr'><strong>loco</strong></span> <span class='ocrx_word' id='word_1_607' title='bbox 1723 3127 1816 3164; x_wconf 86' lang='lat' dir='ltr'><strong>illius</strong></span> <span class='ocrx_word' id='word_1_608' title='bbox 1836 3129 1963 3174; x_wconf 68' lang='lat' dir='ltr'><strong>inque,</strong></span> <span class='ocrx_word' id='word_1_609' title='bbox 1994 3135 2033 3164; x_wconf 89' lang='lat' dir='ltr'><strong>ut</strong></span> <span class='ocrx_word' id='word_1_610' title='bbox 2055 3133 2250 3182; x_wconf 85' lang='lat' dir='ltr'><strong>reponatur</strong></span> <span class='ocrx_word' id='word_1_611' title='bbox 2269 3126 2388 3166; x_wconf 87' lang='lat' dir='ltr'><strong>sensus</strong></span> 
     </span>
     <span class='ocr_line' id='line_1_90' title="bbox 1341 3177 2392 3233; baseline 0 -18"><span class='ocrx_word' id='word_1_612' title='bbox 1341 3180 1513 3227; x_wconf 80' lang='lat' dir='ltr'><strong>exposcit.</strong></span> <span class='ocrx_word' id='word_1_613' title='bbox 1542 3180 1695 3227; x_wconf 81' lang='lat' dir='ltr'><strong>exponit</strong></span> <span class='ocrx_word' id='word_1_614' title='bbox 1718 3179 1817 3215; x_wconf 87' lang='lat' dir='ltr'><strong>enim</strong></span> <span class='ocrx_word' id='word_1_615' title='bbox 1841 3177 1972 3220; x_wconf 75' lang='lat' dir='ltr'><strong>Poeta,</strong></span> <span class='ocrx_word' id='word_1_616' title='bbox 1996 3188 2058 3214; x_wconf 90' lang='lat' dir='ltr'><strong>cur</strong></span> <span class='ocrx_word' id='word_1_617' title='bbox 2071 3187 2297 3233; x_wconf 77' lang='lat' dir='ltr'><strong>wopusnon</strong></span> <span class='ocrx_word' id='word_1_618' title='bbox 2310 3178 2392 3216; x_wconf 89' lang='lat' dir='ltr'><strong>fue-</strong></span> 
     </span>
     <span class='ocr_line' id='line_1_91' title="bbox 1342 3226 2390 3274; baseline -0.002 -6"><span class='ocrx_word' id='word_1_619' title='bbox 1342 3231 1398 3268; x_wconf 84' lang='lat' dir='ltr'><strong>rit.</strong></span> <span class='ocrx_word' id='word_1_620' title='bbox 1423 3242 1507 3267; x_wconf 84' lang='lat' dir='ltr'><strong>nam</strong></span> <span class='ocrx_word' id='word_1_621' title='bbox 1529 3231 1712 3272; x_wconf 78' lang='lat' dir='ltr'><strong>Pomona,</strong></span> <span class='ocrx_word' id='word_1_622' title='bbox 1735 3226 1856 3265; x_wconf 71' lang='lat' dir='ltr'><strong>forma</strong></span> <span class='ocrx_word' id='word_1_623' title='bbox 1870 3227 2070 3265; x_wconf 83' lang='lat' dir='ltr'><strong>Vertumni</strong></span> <span class='ocrx_word' id='word_1_624' title='bbox 2090 3235 2206 3274; x_wconf 80' lang='lat' dir='ltr'><strong>capta,</strong></span> <span class='ocrx_word' id='word_1_625' title='bbox 2230 3227 2335 3265; x_wconf 78' lang='lat' dir='ltr'><strong>faclle</strong></span> <span class='ocrx_word' id='word_1_626' title='bbox 2354 3229 2390 3268; x_wconf 88' lang='lat' dir='ltr'><strong>ei</strong></span> 
     </span>
     <span class='ocr_line' id='line_1_92' title="bbox 1342 3277 2390 3330; baseline -0.002 -12"><span class='ocrx_word' id='word_1_627' title='bbox 1342 3293 1488 3318; x_wconf 88' lang='lat' dir='ltr'><strong>morem</strong></span> <span class='ocrx_word' id='word_1_628' title='bbox 1517 3281 1632 3330; x_wconf 84' lang='lat' dir='ltr'><strong>geffit.</strong></span> <span class='ocrx_word' id='word_1_629' title='bbox 1659 3280 1753 3317; x_wconf 84' lang='lat' dir='ltr'><strong>hanc</strong></span> <span class='ocrx_word' id='word_1_630' title='bbox 1783 3290 1873 3315; x_wconf 91' lang='lat' dir='ltr'><strong>vero</strong></span> <span class='ocrx_word' id='word_1_631' title='bbox 1905 3277 2208 3316; x_wconf 87' lang='lat' dir='ltr'><strong>emendationem</strong></span> <span class='ocrx_word' id='word_1_632' title='bbox 2228 3278 2390 3319; x_wconf 82' lang='lat' dir='ltr'><strong>nostram</strong></span> 
     </span>
     <span class='ocr_line' id='line_1_93' title="bbox 1340 3327 2470 3418; baseline -0.004 -47"><span class='ocrx_word' id='word_1_633' title='bbox 1340 3333 1457 3382; x_wconf 83' lang='lat' dir='ltr'><strong>inepti</strong></span> <span class='ocrx_word' id='word_1_634' title='bbox 1489 3332 1643 3382; x_wconf 85' lang='lat' dir='ltr'><strong>quidam</strong></span> <span class='ocrx_word' id='word_1_635' title='bbox 1675 3329 1896 3371; x_wconf 83' lang='lat' dir='ltr'><strong>Scalforniae</strong></span> <span class='ocrx_word' id='word_1_636' title='bbox 1927 3327 2223 3378; x_wconf 79' lang='lat' dir='ltr'><strong>reprehendunt,</strong></span> <span class='ocrx_word' id='word_1_637' title='bbox 2249 3336 2290 3368; x_wconf 90' lang='lat' dir='ltr'><strong>ut</strong></span> <span class='ocrx_word' id='word_1_638' title='bbox 2306 3341 2395 3418; x_wconf 63' lang='lat' dir='ltr'><strong>iyer—</strong></span> <span class='ocrx_word' id='word_1_639' title='bbox 2466 3339 2470 3372; x_wconf 77' lang='lat'>1</span> 
     </span>
    </p>

    <p class='ocr_par' dir='ltr' id='par_1_22' title="bbox 2322 3386 2468 3419">
     <span class='ocr_line' id='line_1_94' title="bbox 2322 3386 2468 3419; baseline 0 0"><span class='ocrx_word' id='word_1_640' title='bbox 2322 3391 2384 3419; x_wconf 80' lang='lat' dir='ltr'><strong>um</strong></span> <span class='ocrx_word' id='word_1_641' title='bbox 2466 3386 2468 3395; x_wconf 93' lang='lat'>&#39;</span> 
     </span>
    </p>
   </div>
  </div>
 </body>
</html>
