2483 3616
238 181 333 248 716

712 176 772 232 P.
848 170 1251 232 OVIDII
1321 171 1856 230 NASONIS

531 289 844 346 Concubitu
868 289 1040 343 vetito
1071 285 1305 339 Naturae
1328 288 1506 357 pollue
1529 288 1737 349 foeduS.

533 363 693 420 Velle
718 376 871 435 puta:
912 377 993 414 res
1018 359 1123 431 ipsa
1149 370 1309 412 vetat.
1350 359 1466 430 pius
1493 360 1608 425 ille,
1642 379 1962 436 memorque

393 454 490 505 355
525 435 679 507 Juris.
722 436 776 489 δε
803 435 836 487 ὀ
863 433 1055 488 vellem
1081 430 1256 485 fimilis
1278 429 1430 485 furor
1453 430 1581 486 effet
1605 435 1662 488 in
1685 436 1803 490 illo!

527 510 780 564 Dixerat:
821 520 873 561 at
896 506 1148 577 Cinyras,
1187 519 1351 576 quem
1380 504 1537 575 copia
1559 505 1722 576 digna
1745 525 2067 580 procorum,

537 581 687 653 Quid
712 580 897 647 faciat,
938 578 1180 633 dubitare
1206 575 1365 637 facin
1408 575 1598 630 sciatur
1625 576 1689 630 ab
1715 580 1850 651 ipsa,

533 653 854 708 Nominibus
880 651 1031 706 diciis
1048 689 1063 715 ‚
1104 648 1252 719 cujus
1276 648 1403 702 velit
1429 646 1533 702 effe
1558 649 1748 704 mariti.

532 726 619 781 Illa
643 726 753 781 silet
777 724 983 799 primo:
1027 722 1316 795 patriisque
1343 721 1400 776 in
1421 719 1655 776 vultibus
1678 722 1930 788 haerenS,

390 805 491 866 360
533 800 780 854 Aestuat:
820 798 876 851 δε
903 797 1092 868 tepido
1115 791 1373 850 suffundit
1397 794 1596 848 lumina
1619 811 1760 850 rore.

529 872 777 943 Virginei
799 870 1026 941 Cinyras
1051 869 1179 924 haec
1203 866 1428 922 credens
1455 866 1558 922 effe
1584 868 1821 932 timori8‚

532 944 687 998 Flere
711 955 887 1005 vetat;
928 941 1193 1014 liceatque
1221 957 1413 1012 genas;
1450 953 1612 1015 atque
1640 942 1816 998 oscula
1835 942 2028 1014 J'ungit.

529 1015 753 1088 Myrrha
779 1016 915 1070 datis
939 1015 1166 1070 nimium
1191 1013 1417 1086 gaudet:
1458 1014 1831 1089 consultaque,
1865 1016 2078 1090 qualem

528 1089 699 1162 Optet
723 1088 920 1144 habere
946 1088 1155 1154 vi1·um;
1194 1087 1434 1142 Similem
1461 1087 1596 1148 tibi,
1637 1088 1794 1143 dixit.
1830 1102 1883 1144 at
1908 1088 1995 1144 ille

386 1164 485 1233 365
520 1163 649 1218 Non
675 1161 996 1217 intelleciam
1018 1178 1213 1218 vocem
1240 1159 1537 1224 collaudat;
1581 1161 1667 1225 &‚
1689 1161 1820 1216 Esto

526 1236 672 1290 Tam
697 1236 780 1308 pia
805 1235 1041 1308 semper,
1078 1236 1165 1289 ait.
1205 1234 1413 1306 pietatis
1438 1234 1658 1289 nomine
1685 1234 1834 1290 dicio

525 1309 755 1364 Demisit
778 1310 983 1373 vultu8‚
1021 1307 1230 1364 sceleris
1254 1306 1346 1362 fibi
1369 1308 1606 1371 conscia,
1642 1307 1813 1380 virgo,

530 1381 716 1437 Noctis
744 1394 856 1437 erat
883 1382 1155 1445 medium,
1193 1397 1453 1453 curasque
1490 1381 1547 1434 δε
1571 1398 1804 1452 corpora
1828 1379 2044 1438 somnus

526 1455 784 1510 Solverat.
825 1466 877 1508 at
903 1454 1059 1525 virgo
1085 1453 1344 1525 Cinyreia
1375 1453 1605 1525 pervigil
1629 1453 1740 1525 igni

384 1545 485 1598 370
524 1528 777 1600 Carpitur
802 1526 1106 1590 indomito;
1144 1526 1446 1598 furiosaque
1472 1540 1598 1581 vota
1621 1527 1885 1582 retrac'tat.

526 1599 599 1655 Et
622 1600 791 1655 modo
819 1599 1091 1672 despe1·at;
1130 1599 1300 1654 modo
1323 1599 1437 1653 vult
1462 1612 1694 1654 tentare:
1734 1600 2042 1674 pudetque,

528 1673 599 1727 Et
625 1674 802 1746 cupit;
846 1672 930 1737 δε,
965 1672 1117 1747 quod
1147 1684 1296 1745 agat,
1332 1689 1444 1728 non
1467 1673 1687 1728 invenit.
1728 1686 1898 1747 utque
1923 1674 2093 1729 securi

232 1885 279 1922 tio
307 1886 361 1934 est.
389 1884 508 1934 itaque
531 1893 653 1935 poenas
683 1884 788 1922 luunt
815 1897 883 1921 non
910 1894 987 1922 tam
999 1883 1128 1933 judicii
1155 1885 1269 1936 (quae

229 1938 406 1986 quondam
435 1938 607 1985 nusquam
637 1946 758 1980 erant,
785 1935 882 1971 hodie
903 1935 1103 1982 multifaria
1122 1966 1132 1981 ‚
1169 1935 1270 1973 nulla

221 1987 333 2035 fiant,
387 1986 446 2024 uhi
465 1988 553 2034 sunt
576 1987 662 2033 ficia
685 2016 694 2031 ‚
724 1997 843 2023 tamen
872 1987 1022 2036 persaepe
1041 1987 1139 2036 falsa
1158 1988 1267 2035 funt)

231 2051 339 2086 quam
362 2048 403 2074 ut
420 2051 469 2073 eos
488 2038 618 2085 agitent
635 2066 645 2082 ,
681 2038 953 2086 inficienturque
976 2038 1099 2075 Furiae
1120 2051 1187 2074 non
1209 2051 1268 2074 ar-

230 2087 390 2125 dentibus
410 2087 629 2136 taedi5‚ficut
647 2090 684 2125 in
695 2087 851 2134 fabulis,
871 2088 935 2136 sed
954 2101 1077 2136 angore
1103 2088 1269 2137 conscien-

229 2138 299 2174 tiae
327 2139 537 2186 fraudisque
575 2139 742 2176 cruciatu.
794 2139 1025 2177 Consum.
1062 2139 1269 2177 FANENsrs.

228 2189 270 2225 In
293 2189 436 2227 duobus
464 2190 585 2227 Vatic.
617 2191 655 2228 δε
681 2189 824 2228 duobus
853 2190 945 2228 meis
974 2189 1098 2238 aperte
1117 2190 1266 2238 legitur:

229 2245 300 2275 Nec
320 2251 475 2277 metuens
499 2239 606 2290 fizcro.
634 2242 852 2278 Cromnos.
907 2241 1073 2289 Quidam
1097 2242 1268 2285 codices,

219 2291 332 2337 fizcro,
346 2291 449 2340 quod
469 2291 641 2339 probabat
652 2292 845 2330 Vivianus.
856 2291 918 2330 sed
929 2291 1024 2329 male
1037 2302 1151 2330 :atros
1164 2293 1267 2330 enim

226 2352 360 2389 angues
380 2342 493 2380 Furiis
505 2343 630 2391 paffim
644 2343 783 2381 Poetae
801 2343 978 2381 tribuunt.
1006 2343 1090 2381 vide
1103 2343 1267 2392 supr.lib.

232 2402 287 2427 1v.
308 2405 390 2440 455.
417 2406 498 2431 xxv.
524 2406 607 2439 410.
647 2394 733 2432 Stat.
765 2393 889 2432 Theb.
919 2405 965 2431 11.
992 2394 1077 2431 282.
1103 2394 1266 2443 legerem

227 2442 335 2478 etiam
361 2446 502 2490 potius,
530 2454 663 2481 metuas
688 2456 772 2482 cum
793 2445 893 2491 Junii
914 2445 952 2481 &
975 2444 1110 2493 Sprotii
1127 2445 1268 2483 codici-

228 2489 303 2527 bus.
322 2493 464 2529 crinitas
485 2496 594 2532 etiam
615 2504 685 2532 tres
702 2494 863 2533 codices.
889 2495 969 2532 Buu
980 2508 1020 2532 M.

279 2552 362 2589 350.
391 2545 667 2594 Qcasfacibus]
696 2549 819 2594 Qum
835 2546 1027 2593 Junianus.
1045 2554 1085 2584 ut
1104 2544 1190 2584 effet
1203 2558 1267 2584 ex-

228 2590 399 2629 clamatio
424 2621 434 2637 ,
471 2608 578 2644 quam
603 2597 734 2643 saevis.
770 2610 857 2646 quae
882 2597 919 2635 T
924 2597 1037 2637 huan.
1068 2609 1134 2646 pro
1166 2599 1264 2636 varia

224 2640 398 2679 lectione.

275 2701 358 2738 352-
386 2698 483 2728 Neve
509 2694 680 2741 parentis,
712 2696 812 2743 cara]
864 2698 907 2734 In
938 2698 1118 2736 ambobus
1150 2699 1266 2745 meis,

226 2741 385 2790 Capran.
404 2744 441 2778 δε
461 2743 536 2779 aliis
562 2745 744 2781 nonnullis
760 2773 770 2787 ‚
799 2749 1065 2796 Nevepotentis.
1092 2750 1263 2788 CroFAN.

222 2792 378 2830 Variant
399 2792 459 2829 hic
478 2793 619 2841 scripti,
649 2796 686 2830 &
708 2806 773 2842 pro
791 2803 943 2844 utraque
962 2799 1124 2836 leffione
1148 2801 1263 2838 multa

224 2842 297 2880 dici
318 2841 474 2891 possent.
509 2844 558 2880 ita
585 2852 709 2891 parens
743 2851 886 2881 Natura
916 2847 1123 2885 Claudiano
1150 2864 1196 2887 11.
1216 2851 1261 2887 de

222 2893 332 2940 Rapt.
351 2906 410 2941 45.
434 2894 630 2936 Ciceroni,
650 2895 811 2931 Senecae
840 2897 878 2932 ὅ(
898 2897 986 2933 aliis.
1012 2897 1072 2934 sed
1090 2900 1128 2935 &
1147 2909 1263 2948 potens

222 2943 346 2981 eidem
381 2944 585 2981 Claudiano
616 2956 658 2980 11.
684 2944 801 2981 Laud.
827 2946 902 2982 Stil.
929 2958 1010 2990 442.
1041 2949 1170 2986 Horat.
1203 2962 1259 2987 11.

222 2994 294 3031 Sat.
319 3006 397 3043 143·
427 2995 555 3031 Senec.
583 2995 698 3042 Hipp.
722 3007 825 3038 1114.
846 2996 929 3042 Juv.
961 2997 1031 3033 Sat.
1053 3010 1088 3033 x.
1110 3008 1193 3046 303.
1219 3000 1259 3036 ὃ(

220 3043 385 3082 similiter
413 3055 561 3081 naturae
581 3045 736 3093 potentia
767 3045 859 3082 Plin.
888 3058 976 3082 v111.
1004 3058 1037 3088 4.
1065 3048 1102 3083 &
1124 3048 1258 3086 Nostro

217 3094 279 3132 lib.
294 3107 325 3132 x.
339 3107 421 3144 757.
432 3096 490 3134 sed
500 3104 625 3133 tamen
637 3096 826 3133 huicforte
839 3097 924 3134 loco
938 3097 1165 3134 conveniens
1180 3110 1257 3135 rna-

218 3146 271 3192 gis
294 3146 379 3183 esset
395 3174 404 3190 ,
426 3146 579 3195 patentis
605 3146 748 3194 legere,
776 3155 815 3184 ut
842 3148 936 3184 inter
956 3148 1171 3185 concubitus
1193 3161 1258 3186 ve-

217 3196 304 3232 titos
324 3196 364 3233 sit
385 3198 582 3245 oppolitio.
639 3198 777 3235 Natura
803 3206 900 3245 patet
931 3198 1007 3234 satis
1035 3197 1128 3241 late,
1158 3200 1196 3236 &
1220 3208 1258 3237 ut

219 3255 266 3280 ex
288 3247 459 3285 omnibus
488 3248 596 3297 eligas
626 3249 836 3296 permittit,
864 3248 1074 3285 dummodo
1101 3247 1121 3284 a
1151 3252 1258 3297 patris

216 3295 333 3333 vetito
351 3297 548 3337 concubitu
561 3307 596 3338 te
608 3299 805 3339 contineas.
817 3298 865 3338 fic
876 3299 937 3338 lib.
955 3312 1002 3338 11.
1013 3299 1100 3337 Am.
1111 3311 1189 3338 xxx.
1201 3313 1260 3351 ις.

2199 1747 2385 1806 Saucia

1375 1883 1518 1935 Pinguis
1537 1896 1636 1922 amor
1653 1884 1872 1937 nimiumque
1888 1893 2024 1937 patens.

1324 1948 1401 1987 Ubi
1430 1951 1468 1991 ἃ
1486 1949 1634 1988 codices
1655 1950 1804 1999 quidam
1821 1979 1832 1996 ‚
1855 1959 1983 2000 potens.
2011 1951 2142 1991 Burm.

1379 2025 1463 2063 354.
1491 2014 1629 2064 Vetat.]
1661 2021 1777 2064 Negat
1796 2015 1899 2054 Bafil.
1920 2017 1959 2054 δε
1975 2017 2125 2067 Junian.

1379 2076 1462 2113 3¹54.
1491 2072 1692 2116 Memorque
1715 2065 1758 2114 est
1778 2066 1894 2103 moris.
1915 2067 1929 2116 ]
1984 2068 2095 2105 Prim.
2112 2067 2285 2107 Gronov.
2311 2072 2377 2108 ex&

1327 2125 1448 2164 cerpta
1467 2116 1583 2163 Jureti
1611 2118 1649 2154 ὅ(
1666 2118 1833 2166 quinque
1859 2117 1940 2163 alii,
1981 2118 2109 2163 Juris:
2139 2119 2249 2157 reete.
2276 2119 2376 2159 Vide

1326 2166 1402 2215 sup.
1426 2178 1510 2214 331.
1532 2168 1636 2205 &1x.
1665 2178 1749 2217 530.
1776 2168 1918 2205 Huius.
1945 2172 1993 2205 Et
2011 2179 2052 2205 ut
2070 2169 2223 2213 vellem,
2251 2170 2311 2209 vel
2334 2181 2375 2209 ut
2430 2178 2432 2181 ’

1324 2216 1345 2315 J*
1365 2217 1515 2274 vellem,
1545 2218 1722 2257 maluerat
1745 2220 1857 2257 etiam
1876 2219 2063 2258 Heinsius.
2090 2231 2134 2260 ω’
2159 2220 2219 2258 hoc
2245 2221 2373 2261 vellem

1349 2279 1473 2307 uman.

1377 2322 1462 2368 356.
1497 2321 1603 2371 Copia
1639 2320 1794 2370 digna.]
1847 2326 1984 2371 Magna
2029 2321 2158 2361 Oxou.
2204 2323 2244 2361 &
2279 2335 2373 2364 unus
2435 2339 2437 2348 ⁴

1323 2369 1479 2409 Heinfii.

1374 2433 1457 2470 359.
1486 2422 1670 2474 Patrisque
1688 2422 1728 2460 in
1745 2422 1948 2473 vultibus.]
1988 2423 2186 2475 Patriisque
2205 2436 2290 2463 cum
2314 2426 2372 2464 A-

1321 2473 1463 2510 rondel.
1483 2474 1521 2511 δε
1542 2485 1619 2511 uno
1640 2486 1729 2512 meo
1743 2502 1754 2519 ,
1772 2474 1811 2512 δε
1827 2474 1942 2512 altero
1963 2474 2195 2513 Twisdenio.
2223 2476 2372 2517 Hems.

1323 2523 1507 2574 Primoque
1525 2525 1637 2573 patris
1669 2525 1709 2562 in
1734 2524 1894 2562 vultibus
1920 2524 2064 2562 haerens
2093 2526 2219 2565 Gifan.
2252 2527 2368 2567 Indic.

1323 2573 1473 2613 Lucret.
1492 2587 1526 2623 p.
1543 2576 1627 2622 462.
1648 2577 1686 2613 &
1704 2576 1754 2613 ita
1772 2575 1878 2613 multi
1899 2575 2030 2625 scripti.

1378 2626 1462 2674 361.
1489 2626 1638 2674 Virginei
1667 2626 1819 2676 Cinyras
1844 2626 1927 2663 haec
1956 2626 2090 2664 credens
2112 2626 2169 2675 esJe
2188 2627 2363 2679 timoris]

1325 2674 1365 2712 In
1386 2688 1463 2713 uno
1483 2687 1571 2714 meo
1584 2705 1594 2721 ,
1623 2677 1774 2714 Credens
1792 2677 1874 2713 haec
1894 2676 1951 2725 effe
1976 2677 2122 2714 timoris.
2147 2679 2211 2725 qui
2231 2690 2363 2717 nume-

1321 2737 1380 2763 rus
1401 2726 1545 2764 videtur
1562 2728 1694 2764 melior
1721 2729 1759 2765 &
1778 2728 1934 2765 suavior.
1984 2729 2154 2764 CroFAN.
2182 2727 2224 2765 In
2244 2729 2364 2768 multis

1318 2785 1417 2819 erat,
1438 2777 1602 2826 pudoris,
1629 2788 1724 2825 quae
1751 2778 1864 2815 lestio
1896 2777 1990 2814 mihi
2018 2789 2103 2825 prae
2135 2778 2203 2816 alia
2223 2779 2362 2828 placet,

1318 2827 1357 2864 &
1376 2826 1480 2875 saepe
1498 2827 1630 2865 librarii
1650 2828 1712 2864 has
1735 2826 1821 2865 duas
1844 2838 1956 2864 voces
1976 2828 2242 2868 confuderunt.

1372 2887 1454 2934 364.
1483 2893 1589 2936 Optat
1614 2886 1746 2924 habere.
1778 2886 1794 2937 ]
1850 2893 1951 2937 Optat
1983 2888 2149 2939 plerique
2174 2890 2358 2929 meliores.

1317 2937 1533 2975 Hnmsms.

1368 2999 1451 3047 368.
1479 3005 1658 3047 Curasque
1678 3010 1720 3039 ω’
1739 3009 1881 3049 corpora.
1902 3001 1918 3050 ]
1975 3007 2090 3040 Curas
2120 3012 2164 3043 (θ’
2185 3001 2286 3039 Bafil.
2313 3001 2355 3039 &

1313 3049 1452 3095 septem
1471 3050 1542 3087 alii.
1564 3052 1698 3099 pec-lora
1721 3052 1833 3089 etiam
1856 3053 2029 3091 Gronov.
2049 3054 2122 3092 vid.
2144 3064 2198 3091 vr.
2217 3050 2354 3098 489.&

1315 3102 1594 3199 vnissffjgm']
1628 3152 1697 3199 [gni
1717 3152 1785 3191 sec.
1803 3153 1874 3192 Pal.
1897 3155 2005 3204 prim.
2024 3154 2154 3193 Erfurt.
2166 3151 2254 3202 Spir.
2263 3163 2354 3203 qua·

1313 3207 1398 3238 tuor
1420 3201 1492 3237 alii.
1523 3203 1668 3239 Herus.

1367 3261 1451 3299 371.
1480 3254 1632 3289 Tentare.
1651 3253 1666 3303 ]
1696 3260 1844 3306 captare
1865 3255 2003 3295 Medic.
2025 3254 2063 3293 ὅ(
2081 3254 2182 3293 alius.

2142 3366 2227 3403 372..
2254 3352 2354 3422 Qid
