2483 3616
262 167 364 215 ψ
743 142 1301 205 P.OV1D11

1373 142 1903 203 NASONIS

559 250 727 306 Sensit
753 269 950 325 equum
972 281 985 314 3
1024 261 1077 302 te
1100 246 1252 303 senfit
1277 263 1430 301 avem
1457 247 1646 301 crinita
1672 237 1903 302 colubris

411 339 511 376 120
550 322 735 379 Mater
760 325 887 397 equi
910 320 1163 379 volucris:
1204 317 1355 375 sensit
1379 318 1648 392 Delphina
1671 318 1968 375 Melantho,

252 535 344 574 vap.
368 522 427 562 ὅτ.
456 525 746 563 consumtus
769 525 941 563 Faussus.
979 527 1103 560 Arnen
1128 520 1314 559 intellexit

271 574 589 624 Parrhas.Quaest.
615 589 677 625 per
697 577 955 625 Epistol.xr.x1.
977 577 1014 612 ὅς
1039 572 1179 622 Baptist.
1193 572 1315 621 Egna-

269 626 339 664 tius
355 627 542 664 Racemat.
561 640 637 675 cap.
658 640 718 665 xr.

324 679 403 714 116.
433 678 616 727 Enipeus]
655 678 801 715 Fluvius
831 678 878 715 est
908 673 1114 714 Thessaliae
1146 672 1313 721 Enipeus,

265 726 305 764 in
325 739 437 776 quem
464 737 621 766 mutatus
643 729 837 775 Neptunus
861 728 970 776 Tyro
993 726 1179 762 Salmonei
1200 724 1312 760 filiam

268 778 361 814 circa
386 778 540 815 fluvium
571 779 783 826 spatiantem
818 780 957 825 rapuit,
986 788 1032 812 ex
1063 786 1179 822 eaque
1199 774 1313 811 susce-

267 829 322 875 pit
345 828 479 865 Peliam
502 830 539 865 &
562 830 721 866 Neleum
737 856 746 872 ,
774 836 881 865 autor
896 828 1085 863 Homerus
1109 824 1239 874 Odyff.
1258 835 1314 874 13.

261 878 435 915 Remus.

323 940 401 974 117.
430 929 550 977 Gignis
570 927 757 977 Aloidas]
787 929 983 977 Neptunus
1007 928 1043 965 in
1064 926 1225 965 eundem
1246 926 1314 965 flu-

267 979 372 1016 vium
403 980 595 1017 conversus
631 979 996 1028 Iphimediam,Alo‘1'
1013 989 1167 1016 uxorem
1206 989 1311 1015 com·

267 1029 412 1077 pressit,
442 1042 486 1067 ex
509 1042 579 1080 qua
600 1032 674 1068 nati
695 1030 775 1068 sunt
796 1030 918 1068 Othus
941 1031 979 1067 &
1003 1029 1212 1077 Ephialtes,
1248 1030 1312 1077 qui

266 1080 431 1173 &loidge
471 1080 491 1118 a
530 1081 650 1130 poetis
681 1089 871 1119 vocantur.
936 1080 1109 1130 Virgilius
1138 1079 1177 1117 in
1209 1079 1311 1117 sexto

308 1142 336 1168 s.
361 1146 375 1177 ς
410 1143 440 1168 2.

315 1183 380 1218 Hic
398 1194 441 1221 (5⁴
461 1182 608 1220 Aloidas
623 1184 776 1234 geminos
802 1182 977 1221 immania
1001 1181 1081 1219 vidi

316 1237 465 1282 Corpora
480 1262 490 1278 ,
518 1235 579 1283 qui
601 1236 766 1272 manibus
786 1248 954 1284 magnum
984 1232 1167 1278 rescindere
1187 1231 1312 1269 coelum

315 1283 466 1332 Aggreffi
478 1313 487 1327 ,
508 1286 702 1336 superisque
720 1286 852 1332 Jovem
873 1284 1053 1321 detrudere
1071 1284 1191 1332 reguis.

261 1333 432 1372 Rsoius.
461 1336 575 1374 Hunc
597 1337 738 1375 versum
763 1337 912 1386 quidam
934 1343 1174 1383 corrumpunt
1186 1333 1220 1371 se
1231 1345 1313 1371 cor-

264 1385 382 1433 rigere
403 1395 581 1434 putautes.
611 1388 769 1425 Censent
792 1389 892 1424 enim
915 1385 1082 1423 Aeolidas
1101 1382 1171 1422 effe
1187 1385 1311 1432 legen·

264 1434 381 1481 dum,
409 1449 479 1474 nec
507 1438 845 1476 animadverterunt
873 1438 908 1475 in
942 1435 1195 1474 vetustioribus
1216 1436 1311 1473 libris

264 1486 352 1524 citra
373 1487 471 1525 illam
502 1500 547 1528 (9⁹
564 1490 736 1538 copulam
758 1517 769 1533 ‚
799 1489 921 1537 Gignis
940 1487 1110 1529 Aloidas,
1139 1486 1310 1535 scriptum

267 1535 350 1575 effe.
387 1539 481 1586 Quo
513 1539 663 1588 quidem
694 1540 811 1577 modo
843 1539 868 1576 si
896 1539 1059 1587 legatur,
1086 1548 1156 1574 nec
1182 1537 1312 1586 syllaba

266 1587 505 1633 claudicabit,
533 1602 604 1628 nec
640 1591 807 1634 historia,
835 1590 1005 1639 quamvis
1039 1600 1082 1625 ex
1110 1587 1184 1624 aliis
1218 1600 1314 1625 non-

265 1638 355 1676 dum
378 1641 591 1678 examuffim
615 1650 782 1690 percepta
804 1668 815 1684 ‚
852 1639 1078 1688 repugnabit.
1100 1638 1214 1675 IDEM.
1242 1639 1312 1676 At-

269 1700 343 1737 que
360 1691 407 1728 ita
430 1691 582 1740 quidem
610 1693 746 1741 Regius
767 1691 949 1739 distinguit
967 1691 1033 1727 hos
1053 1688 1184 1726 versus.
1237 1690 1311 1727 La-

270 1740 425 1778 ‹ftantius
448 1751 572 1780 autem
592 1751 662 1781 tres
684 1751 828 1780 tantum
850 1741 984 1779 fabulas
995 1741 1105 1778 tribus
1125 1739 1219 1777 hisce
1230 1752 1310 1777 ver-

268 1789 360 1829 sibus
383 1794 565 1838 attribuit,
595 1794 848 1842 Menalippes,
880 1791 1122 1840 Iphimedias‚
1152 1790 1310 1828 &Bisal-

267 1841 364 1879 tidis.
419 1845 644 1893 Quanquam
667 1843 713 1881 de
737 1843 940 1891 lphimedia
955 1870 965 1887 ‚
992 1842 1053 1879 sub
1079 1842 1196 1890 specie
1220 1842 1308 1879 Eni-

267 1893 329 1940 pei
353 1893 553 1942 cornpreffa
568 1922 578 1938 ,
607 1895 690 1932 alibi
711 1906 789 1931 non
810 1895 858 1931 ita
877 1894 969 1931 clare
985 1893 1126 1941 legitur.
1183 1893 1309 1940 Quare

268 1942 426 1981 dubitari
455 1945 594 1992 potest,
634 1954 756 1982 utrum
790 1944 853 1981 liic
886 1943 1045 1981 Ovidius
1069 1943 1155 1980 duas
1177 1943 1313 1980 fabulas

269 1994 422 2032 miscere
446 2003 556 2044 atque
577 1996 804 2033 confundere
823 1994 1004 2037 voluerit,
1032 1994 1160 2043 Tyrus
1180 1994 1309 2031 videli-

269 2052 330 2082 cet
359 2045 398 2081 &
417 2045 661 2093 lphimedias,
686 2045 1006 2095 quemadmodum
1037 2045 1119 2082 alibi
1141 2044 1313 2093 Virgilius

269 2093 473 2143 Scyllarum
497 2097 575 2134 Nisi
596 2099 633 2134 ὃς
657 2098 799 2134 Phorci.
826 2097 1052 2134 Mmmus.
1091 2095 1236 2132 Omnes
1254 2095 1313 2132 lib.

269 2146 387 2193 scripti
406 2147 562 2193 habent,
589 2148 783 2196 limphas,
812 2159 874 2195 per
889 2147 946 2196 ph.
996 2148 1082 2194 Qua
1113 2146 1158 2182 de
1178 2157 1215 2182 re
1235 2146 1312 2183 satis

268 2197 386 2234 multa
407 2198 444 2234 in
464 2199 585 2246 primo
614 2199 720 2247 hujus
746 2199 958 2236 voluminis.
1013 2198 1070 2234 Sic
1091 2198 1202 2234 etiam
1223 2196 1313 2246 legi-

270 2255 331 2286 tur
348 2247 437 2285 illud
457 2248 590 2286 summi
611 2253 746 2298 poetae
768 2251 805 2286 in
825 2261 877 2286 1v.
898 2249 1034 2296 Georg
1056 2247 1141 2297 368.

323 2302 371 2334 Et
389 2309 486 2347 caput
501 2328 511 2344 ‚
523 2300 612 2336 unde
633 2299 728 2336 altus
743 2299 898 2348 primum
911 2299 947 2347 β’
966 2299 1095 2347 rumpit
1107 2296 1288 2347 Enipheus.

269 2350 308 2388 in
330 2350 567 2388 vetustissimo
589 2349 791 2399 exemplari
808 2350 953 2388 Ascanii
974 2349 1207 2391 Grandaevi,
1226 2348 1314 2386 civis

274 2400 348 2437 mei
361 2400 515 2438 honesto
545 2401 638 2439 loco
668 2402 771 2445 nati,
800 2401 1087 2450 Latinarumque
1113 2400 1315 2437 litterarum

271 2449 370 2488 haud
383 2451 506 2497 ignari.
536 2453 708 2501 Cumque
736 2452 773 2489 id
795 2452 1009 2489 evolverem
1031 2479 1041 2495 ‚
1069 2451 1106 2487 in
1128 2450 1204 2497 ipso
1221 2450 1314 2487 libro

273 2511 488 2549 argumenta
510 2503 568 2540 illa
586 2512 667 2541 tum
686 2504 722 2540 in
745 2503 882 2551 Georg.
906 2510 985 2540 tum
1005 2502 1042 2538 in
1052 2510 1124 2538 tres
1139 2509 1199 2537 aut
1209 2508 1316 2549 quat-

275 2558 361 2587 tuor
385 2552 573 2591 Aeneidos
590 2554 698 2591 libros
713 2581 723 2598 ,
750 2565 843 2603 quae
862 2552 925 2591 sub
940 2551 1139 2589 Modestini
1158 2551 1313 2588 nomine

274 2612 374 2638 nunc
403 2603 515 2650 vulgo
555 2605 880 2649 circumferuntur,
908 2603 1038 2640 Ovidii
1080 2600 1150 2639 effe
1186 2601 1315 2650 depre-

275 2650 400 2688 hendi.
429 2652 471 2689 ln
494 2665 540 2690 eo
560 2654 669 2702 igitur
695 2654 866 2703 scripturn
895 2662 970 2692 erat
992 2652 1318 2691 miniatislitterist

277 2701 580 2741 ARGUMENTUM
610 2705 769 2742 Ovinn.
824 2705 940 2753 Quod
967 2705 1059 2742 mihi
1080 2703 1158 2741 satis
1183 2703 1320 2740 miran-

278 2751 368 2789 dum
394 2752 508 2789 visum
531 2754 598 2790 est:
627 2761 707 2791 turn
738 2755 836 2791 enim
858 2756 1018 2802 primum
1038 2754 1074 2792 id
1093 2753 1182 2791 vidi.
1208 2755 1319 2801 Quo-

276 2803 373 2839 circa
392 2801 587 2839 hominem
603 2831 612 2846 ,
640 2815 752 2852 quam
780 2806 944 2841 maxime
966 2806 1095 2852 potui,
1124 2804 1319 2841 obtestatus

276 2853 356 2891 sum
373 2880 382 2896 ‚
412 2860 549 2889 uteum
570 2853 636 2890 suis
646 2854 762 2891 verbis
776 2881 786 2897 ,
816 2855 929 2891 veluti
949 2866 1025 2891 rem
1045 2855 1151 2903 plane
1163 2866 1319 2898 novam,

276 2904 360 2941 viro
380 2902 522 2940 summa
545 2903 755 2951 eloquentia
769 2931 779 2947 ,
807 2916 849 2940 ac
870 2904 1041 2952 sapientia
1051 2904 1322 2941 admirabilior—

275 2961 390 2997 nato,
417 2953 474 2990 M.
503 2953 548 2990 A.
578 2954 753 2997 Mureto,
782 2955 928 2991 mittere
951 2954 1043 2990 mihi
1062 2954 1198 2991 liceret.
1255 2954 1318 2991 llle

275 3004 442 3054 precibus
461 3003 610 3041 tandem
625 3003 739 3041 vinus
753 3031 762 3047 ,
790 3003 892 3052 quod
912 3003 1085 3049 optabam
1100 3031 1113 3046 ‚
1135 3002 1232 3039 haud
1241 3014 1321 3050 gra-

275 3063 362 3093 vate
381 3054 573 3093 concefflt:
603 3066 765 3103 eumque
775 3054 909 3101 Joanni
922 3051 1227 3096 Caramanicensi,
1243 3054 1321 3089 Ro-

276 3117 380 3144 mam
416 3113 498 3143 tum
533 3104 773 3154 proficiscenti
797 3132 806 3147 ‚
844 3103 948 3141 valde
975 3103 1092 3140 hilaris
1134 3102 1317 3140 commisi.

278 3157 378 3201 Hic,
406 3157 568 3194 nummis
596 3167 704 3204 egens
727 3182 738 3199 ,
774 3162 814 3192 ut
843 3154 962 3202 postea
983 3153 1132 3201 accepi,
1158 3152 1315 3197 librum,

275 3208 342 3255 qui
355 3208 555 3244 maximam
575 3206 703 3255 praese
725 3205 862 3242 ferebat
880 3205 1135 3253 antiquitatem
1149 3231 1161 3248 ,
1189 3202 1317 3240 vendi-

281 3257 345 3296 dit„
399 3258 543 3298 Interea
577 3257 615 3299 id
642 3256 760 3308 ipsum
788 3257 979 3306 ignorans,
1007 3253 1028 3294 ὲ.
1050 3255 1204 3295 Mureto
1221 3254 1318 3305 litte3

2148 393 2397 461 Omnibus

1368 530 1444 563 ras,
1472 518 1602 569 quibus
1616 547 1627 564 ‚
1655 519 1744 571 quid
1763 519 1808 558 de
1830 532 1871 558 ea
1890 533 1928 558 re
1950 518 2013 570 ipsi
2026 521 2209 562 videretur
2222 552 2232 569 ,
2246 536 2304 564 me
2317 529 2400 569 edos

1370 579 1469 608 ceret
1484 598 1493 614 ‚
1521 570 1666 620 singulis
1687 584 1800 620 prope
1827 573 1925 609 horis
1947 572 2072 611 avidus
2095 575 2348 622 exspectabam.
2368 582 2398 622 [s

1369 623 1566 669 praeterito
1583 623 1662 670 jam
1682 623 1804 660 mense
1825 623 2043 660 Sulmonem
2063 625 2221 662 reversus
2235 627 2400 671 ,affirma-

1371 672 1430 709 bat
1453 672 1646 720 Virgilium
1673 674 1798 715 illum,
1827 685 1939 722 quem
1960 672 1980 711 a
2001 686 2062 711 me
2079 686 2264 722 acceperat
2278 688 2333 718 ‚ut
2343 680 2401 721 de.

1371 723 1480 760 ferret
1499 723 1674 768 Mureto,
1703 724 1736 760 se
1753 752 1761 767 ‚
1791 736 1867 773 quo
1904 728 2064 774 primum
2087 735 2255 774 tempore
2274 729 2314 766 ad
2337 731 2399 771 Ur.

1371 772 1454 810 bem
1477 775 1602 818 venit,
1630 774 1831 812 reddidiffe.
1860 776 1961 813 Tum
1976 788 2089 821 ver0‚
2116 776 2398 827 simulatqueho-

1371 826 1512 861 minem
1531 824 1607 863 vidi
1622 854 1632 871 ,
1660 826 1703 862 ab
1726 825 1801 874 ipso
1822 826 1955 863 litteras
1969 854 1979 870 ,
2006 838 2095 875 quas
2113 828 2156 864 ab
2178 827 2309 866 eodem
2323 833 2398 872 Mu.

1369 884 1449 912 reto
1479 875 1523 912 ad
1554 888 1614 913 me
1640 876 1738 913 datas
1771 877 1968 923 putabam,
2004 885 2043 924 ut
2072 879 2289 926 opinionem
2307 879 2396 930 super

1368 926 1437 962 hac
1459 938 1496 962 re
1516 926 1616 963 suam
1636 927 1895 975 cognoscerem
1910 956 1920 970 ‚
1933 929 2072 976 rogavi.
2102 928 2396 977 Respondit,cum

1368 976 1441 1025 ipse
1462 978 1584 1014 Roma
1611 977 1784 1022 discessit,
1832 978 2024 1015 Muretum
2058 978 2107 1016 ibi
2137 991 2215 1017 non
2234 977 2323 1025 effe,
2347 983 2398 1024 sed

1368 1039 1517 1075 peregre
1540 1027 1682 1065 abiisse:
1713 1040 1778 1072 ac,
1806 1040 1972 1078 quonam
1998 1028 2116 1067 ivisset
2140 1058 2151 1074 ‚
2179 1030 2314 1078 prorsus
2332 1033 2396 1082 aje-

1369 1078 1428 1115 bat
1449 1079 1482 1115 se
1503 1079 1659 1116 nescire:
1690 1083 1814 1129 Atque
1836 1079 1922 1117 ideo
1936 1079 1981 1117 ad
2007 1080 2211 1118 melitteras
2221 1082 2264 1117 ab
2277 1093 2320 1118 eo
2330 1094 2397 1124 non

1369 1129 1554 1177 accepisic.
1608 1130 1711 1178 Quid
1735 1130 1893 1167 facerem
1915 1129 1930 1167 ?
1960 1130 2094 1168 credidi
2113 1132 2186 1169 hoc
2209 1131 2398 1176 affirmanti,

1370 1179 1596 1218 Subverebar
1616 1190 1742 1218 tamen
1769 1181 1953 1219 interdum
1970 1210 1979 1223 ‚
2007 1184 2044 1219 ὅ(
2078 1183 2140 1219 vix
2157 1181 2286 1220 adduci
2298 1179 2397 1231 ,pots
2462 1213 2463 1220 ,

1369 1242 1447 1267 rarn
1468 1258 1477 1273 ‚
1506 1241 1545 1268 ut
1571 1233 1757 1269 crederem
1789 1233 1980 1270 Muretum
2009 1244 2087 1270 non
2119 1233 2332 1281 respondille
2356 1234 2395 1276 ad
2461 1234 2465 1239 ’

1370 1292 1428 1319 eas
1454 1281 1610 1325 litteras.
1645 1294 1733 1332 quas
1764 1295 1836 1320 una
1874 1295 1958 1321 cum
1991 1283 2084 1320 libro
2102 1283 2146 1320 ad
2170 1284 2283 1332 ipsum
2306 1284 2396 1324 mise-

1369 1343 1461 1370 ram.
1516 1335 1638 1371 Antea
1659 1335 1786 1378 enirn,
1822 1335 1968 1383 quoties
1996 1333 2199 1383 scripseram
2216 1363 2226 1378 ,
2254 1334 2395 1384 benigne
2461 1370 2463 1373 .

1368 1382 1571 1421 admodum
1587 1412 1598 1428 ,
1626 1393 1666 1422 ut
1684 1385 1760 1434 ejus
1781 1385 1829 1421 est
1850 1385 2039 1434 ingenium
2073 1385 2301 1434 rescripserat.
2330 1385 2399 1434 De·-¹

1368 1433 1453 1472 inde
1475 1462 1486 1478 ,
1514 1443 1688 1484 quattuor
1716 1435 1896 1473 transactis
1928 1435 2108 1473 mensibus
2133 1464 2144 1479 ‚
2181 1435 2288 1473 aestas
2310 1436 2397 1476 enim
2460 1456 2462 1475 ι

1368 1493 1464 1529 erat,
1492 1497 1568 1534 quo
1579 1494 1749 1534 tempore
1769 1498 1855 1523 eum
1877 1499 1949 1524 una
1968 1499 2052 1524 cum
2077 1487 2403 1535 summoi’rincipe,

1369 1547 1411 1573 ac
1439 1536 1632 1574 Cardinale
1652 1537 1874 1584 amplissimo
1890 1565 1900 1582 ‚
1914 1538 2123 1587 Hippolyto
2145 1537 2278 1575 Estensi
2290 1536 2405 1578 Tibur?

1369 1586 1403 1624 se
1425 1588 1593 1624 conferre
1618 1587 1732 1625 solere
1750 1600 1985 1636 acceperam;
2009 1600 2079 1625 nec
2104 1598 2193 1626 tunc
2216 1589 2321 1626 nostri
2337 1587 2398 1626 ho-

1371 1639 1488 1675 mines
1508 1639 1543 1675 in
1572 1639 1709 1675 [rbem
1735 1639 1839 1676 facile
1861 1648 2097 1683 commeant,
2125 1639 2301 1676 obtulitse
2314 1638 2398 1679 mihi
2460 1647 2461 1651 ’

1369 1688 1414 1725 ad
1439 1701 1525 1725 eum
1548 1689 1723 1727 scribendi
1746 1688 1913 1732 occafio,
1942 1702 2036 1738 qua,
2054 1690 2156 1739 quod
2177 1691 2210 1727 ei
2231 1690 2399 1736 miseram,
2460 1711 2461 1715 =

1369 1738 1625 1785 significabam.
1656 1740 1687 1777 is
1707 1742 1981 1788 quam-primurn
2007 1739 2178 1789 rescripsit
2194 1768 2204 1784 ,
2232 1740 2398 1779 affirmans

1369 1789 1567 1838 Virgilium
1586 1791 1689 1828 ilium
1711 1803 1920 1840 numquam
1939 1792 1972 1829 se
1994 1789 2144 1834 vidiffe3
2174 1791 2285 1840 idque
2303 1801 2396 1840 aegre
2458 1806 2459 1809 ¹

1365 1840 1477 1878 ferre:
1498 1853 1633 1890 meque
1650 1871 1659 1885 ,
1673 1851 1714 1879 ut
1729 1870 1738 1885 ,
1767 1843 1923 1879 cuicum
1946 1841 2397 1888 commiseram,viderem‚
2458 1848 2460 1850 ’

1367 1892 1478 1929 etiam
1509 1901 1619 1940 atque
1651 1894 1762 1930 etiam
1793 1893 2013 1931 hortabatur.
2061 1892 2136 1929 Eae
2163 1892 2257 1940 ipsae
2287 1892 2399 1931 literae
2458 1886 2459 1896 ¹

1368 1942 1461 1979 mihi
1493 1942 1656 1980 Romam
1695 1943 1861 1980 venienti
1891 1946 1928 1980 in
1967 1942 2095 1980 itinere
2131 1942 2293 1980 redditae
2319 1941 2401 1982 sunti-

1370 1993 1459 2030 Non
1491 1993 1564 2031 dici
1594 1994 1710 2041 potest
1735 2022 1745 2038 ‚
1782 1993 1847 2031 illis
1873 1993 1974 2030 lectis
1997 2021 2006 2037 ,
2033 2005 2110 2041 quo
2130 1993 2261 2030 fuerim
2282 1992 2402 2037 dolore!
2458 2001 2459 2004 ’

1368 2042 1530 2081 affeems.
1585 2045 1718 2088 Certe,
1746 2043 1772 2081 si
1800 2044 1834 2081 in
1857 2045 1968 2091 patria
1984 2053 2065 2081 tum
2086 2041 2313 2087 manfiffem,
2339 2044 2399 2082 ho-.

1369 2095 1510 2131 minem
1532 2095 1569 2132 in
1585 2095 1767 2144 judicium
1788 2093 1971 2132 vocassem
1988 2123 1998 2138 ‚
2024 2103 2168 2143 ut,qua
2188 2094 2307 2137 debet,
2319 2105 2396 2143 poe-

1368 2156 1414 2181 na
1428 2145 1641 2184 multaretur
1657 2174 1665 2188 ,
1694 2157 1735 2183 ac
1756 2146 1876 2193 postea
1898 2145 2040 2182 fidelior
2061 2144 2131 2182 effe
2150 2144 2309 2182 disceret.
2334 2145 2396 2183 Ac-

1370 2194 1548 2235 cesserunt
1573 2197 1691 2244 postea
1711 2198 1778 2233 hac
1797 2196 1842 2232 de
1870 2208 1907 2233 re
1926 2208 2011 2233 cum
2031 2196 2267 2240 Mureto,cui
2283 2194 2396 2233 omnia
2456 2238 2458 2244 ¹

1370 2246 1463 2284 haec
1485 2247 1626 2285 narravi
1647 2274 1658 2291 ‚
1686 2246 1856 2295 querelae
1885 2247 2022 2285 multae
2032 2261 2043 2290 ;
2072 2258 2167 2296 quae
2193 2246 2282 2283 nihil
2301 2244 2396 2294 profi-

1373 2297 1527 2335 ciebant.
1582 2297 1727 2334 Deinde
1747 2325 1758 2341 ,
1796 2296 1874 2344 post
1905 2297 2060 2346 longum
2080 2306 2224 2344 tempus
2244 2297 2314 2334 huc
2331 2296 2410 2343 Ro?

1373 2358 1474 2385 mam
1497 2349 1599 2385 venit
1629 2347 1829 2385 Consalvus
1853 2348 2012 2393 Saneus,
2045 2348 2134 2385 civis
2156 2358 2284 2390 meUS,
2317 2347 2396 2396 ejus-

1371 2410 1443 2447 que
1469 2399 1597 2448 oppidi
1619 2398 1764 2442 Abbas,
1793 2398 1892 2448 cujas
1920 2399 1979 2436 ille
2007 2398 2077 2441 est,
2108 2400 2217 2446 eique
2238 2409 2336 2442 rem,
2361 2403 2395 2435 ut

1371 2448 1478 2496 plane
1499 2459 1573 2486 erat
1588 2477 1598 2493 ‚
1619 2449 1792 2498 exposui:
1819 2459 1928 2498 atque
1948 2450 2047 2486 hunc
2067 2449 2111 2485 ad
2130 2449 2318 2486 Muretum
2332 2475 2341 2491 ,
2362 2452 2396 2485 ut

1370 2500 1444 2536 hoc
1461 2499 1505 2537 ab
1526 2508 1685 2549 utroque
1705 2511 1834 2537 verum
1859 2497 1929 2537 effe
1948 2498 2220 2548 dignosceretur
2234 2527 2243 2542 ‚
2264 2496 2396 2536 deduxi.
2452 2500 2455 2510 '

1372 2550 1542 2588 Habebat
1562 2552 1663 2588 enim
1700 2550 1821 2588 Abbas
1852 2550 1888 2587 in
1913 2562 1999 2588 eum
2022 2549 2100 2587 satis
2118 2550 2230 2599 juris:
2257 2560 2337 2586 nam
2351 2546 2396 2586 sa·
2452 2557 2454 2562 ·

1373 2602 1440 2638 cris
1469 2601 1657 2639 ordinibus
1681 2602 1759 2649 jam
1789 2600 1928 2649 pridem
1959 2602 2119 2638 initiatus
2146 2609 2232 2638 erat.
2284 2599 2395 2648 Itaque
2452 2623 2454 2647 :

1373 2651 1495 2689 Abbas
1514 2652 1574 2689 ille
1603 2663 1728 2689 coram
1752 2652 1906 2689 Mureto
1933 2650 1967 2688 se
1985 2652 2179 2688 hominem
2199 2651 2395 2699 puniturum
2451 2654 2453 2684 j

1374 2703 1467 2739 mihi
1487 2704 1636 2749 recepit.
1690 2702 1788 2746 Hic,
1817 2713 1854 2738 re
1876 2701 2006 2739 affecta
2021 2728 2030 2744 ,
2060 2702 2181 2750 paullo
2201 2700 2277 2749 post
2296 2697 2396 2738 mori-
2452 2725 2453 2732 κ

1374 2760 1443 2791 tur.
1498 2754 1623 2801 Atque
1642 2753 1691 2789 ita
1710 2752 1756 2790 ad
1776 2753 1875 2790 hunc
1894 2751 2004 2801 usque
2033 2753 2130 2789 diem
2152 2752 2238 2789 huic
2262 2751 2308 2788 rei
2327 2747 2396 2787 finis

1372 2815 1451 2840 non
1472 2802 1519 2840 est
1541 2802 1743 2851 impositus.
1770 2803 1859 2839 Hoc
1877 2811 2000 2841 tamen
2025 2814 2135 2851 opera
2162 2802 2274 2844 illius,
2298 2799 2397 2850 quiin

1375 2853 1537 2903 ejusdem
1551 2865 1683 2902 ,quem
1703 2854 1803 2897 dixi,
1818 2854 1964 2891 Abbatis
1991 2853 2116 2890 locum
2140 2860 2326 2901 cooptatus
2343 2847 2397 2893 est,
2450 2882 2451 2885 ,

1376 2904 1421 2941 ad
1441 2916 1554 2953 quem
1572 2905 1640 2941 hac
1669 2903 1715 2942 de
1736 2916 1772 2941 re
1787 2904 1921 2941 litteras
1939 2903 2022 2940 dedi
2039 2931 2049 2947 ‚
2070 2904 2171 2941 brevi
2199 2899 2398 2940 confestum

1375 2955 1417 2991 iri
1437 2954 1554 3002 spero.
1607 2955 1705 2992 Cum
1727 2963 1851 2991 autem
1875 2954 2048 3003 Virgilius
2067 2955 2127 2991 hic
2142 2982 2152 2998 ‚
2180 2953 2225 2991 de
2247 2962 2318 3000 quo
2328 2959 2398 2987 tam

1376 3005 1492 3041 multa
1510 3004 1605 3041 dieta
1627 3004 1708 3041 sunt
1722 3033 1731 3048 ‚
1762 3005 1857 3042 nulla
1878 3006 2019 3042 ratione
2033 3033 2041 3046 .
2068 3005 2154 3042 licet
2174 3012 2345 3044 omnem,
2362 3004 2399 3037 ut

1377 3053 1507 3091 dicitur
1522 3081 1531 3097 ,
1558 3054 1718 3101 lapidem
1741 3057 1926 3093 moverim
1940 3084 1949 3098 ,
1987 3066 2166 3104 umquam
2187 3053 2207 3091 a
2228 3064 2286 3090 me
2305 3059 2399 3088 recu-

1372 3105 1486 3151 perari
1508 3101 1607 3151 posse
1628 3104 1840 3142 videretur:
1879 3114 2019 3153 praeter
2048 3105 2148 3154 spem
2171 3102 2298 3142 accidit
2321 3127 2330 3144 ,
2363 3104 2400 3137 ut

1371 3153 1453 3189 viro
1475 3153 1537 3191 illo
1565 3153 1667 3190 bono
1688 3181 1698 3198 ,
1739 3156 1795 3191 cui
1826 3167 1911 3191 eum
1945 3155 2166 3193 credideram
2193 3183 2203 3199 ,
2240 3158 2400 3193 mortuo·
2448 3155 2449 3161 ’

1372 3203 1482 3240 tribus
1523 3203 1601 3252 post
1630 3205 1733 3241 annis
1771 3205 1949 3242 Sulmone
1977 3206 2081 3243 domi
2123 3203 2303 3255 cujusdam
2331 3200 2399 3254 ‘³qu

1372 3253 1503 3301 amici,
1531 3265 1642 3304 opera
1659 3266 1702 3295 ac
1721 3255 1909 3306 diligentia
1927 3257 1985 3296 M.
2004 3257 2163 3296 Antonii
2180 3255 2292 3308 fratris
2312 3259 2386 3338 1113
2388 3274 2399 3292 ι

2282 3311 2342 3342 mv
2386 3317 2402 3345 2·
