2483 3616
224 171 316 240 138

723 169 786 226 Ρ.
863 169 1283 230 OVIDII·

1349 169 1896 229 NASONIS·

367 286 469 340 555
505 265 931 342 Virginibusque
956 268 1388 342 tribu8‚gemino
1412 269 1482 323 de
1513 269 1764 342 Cecrope
1789 272 1956 335 natiS,.

509 339 674 398 Hanc
699 343 876 413 legem
900 341 1150 406 dederat,
1189 343 1278 396 sua
1300 359 1370 396 ne
1394 342 1595 396 secreta
1617 343 1880 398 viderent.

508 414 714 470 Abdita
736 413 931 468 fronde
955 415 1059 470 levi
1083 415 1245 470 densa
1266 413 1569 487 speculabar
1596 414 1660 468 ab
1683 415 1861 479 ulmo,

508 488 662 561 Quid
694 486 947 542 facerent.
987 487 1260 542 commissa
1281 488 1418 543 duae
1443 487 1550 542 fine
1575 486 1762 542 fraude
1791 499 2058 553 tuentur...

499 560 798 616 Pandrosos
823 573 984 633 atque
1008 561 1203 616 Herse.
1241 560 1454 615 timidas
1477 573 1636 613 vocat
1661 578 1764 615 una
1787 561 1997 617 sorores

365 639 469 705 560
508 635 805 706 Aglauros:
829 633 1114 708 nodosque
1138 651 1301 689 manu
1326 632 1551 686 diducit.
1590 647 1643 687 at
1666 633 1807 688 intus

508 707 879 780 Infamemque
900 707 1116 771 vident,
1153 704 1640 779 adporrePtumque
1664 705 1990 762 draconem.-

509 779 649 834 Atta
672 779 824 833 Deae
849 779 1040 833 refero,
1079 797 1180 850 pro
1203 796 1314 852 quo
1340 777 1483 832 mihi
1498 779 1663 849 gratia
1688 781 1803 835 talis

509 851 816 914 Redditur,
853 863 914 904 ut
939 850 1086 905 dicar
1113 852 1281 906 tutela
1304 850 1446 924 pulsa
1469 850 1753 907 Minervae
1780 876 1795 915 ς

509 923 583 978 Et
606 940 775 997 ponar
798 922 916 995 post
939 922 1109 979 nof'tis
1133 941 1304 980 avem.
1340 941 1458 979 mea
1479 942 1655 997 poena
1677 927 1922 980 volucres

365 1003 433 1067 56
437 1015 466 1066 5
507 996 862 1052 Admonuiffe
888 996 1091 1069 potest;
1131 1015 1201 1053 ne
1224 1015 1363 1052 voce
1386 999 1621 1070 pericula
1647 1010 1922 1070 quaerant.

509 1073 588 1126 At
612 1083 775 1144 puto,
811 1087 924 1125 non
947 1071 1118 1135 ulti-0,
1154 1088 1256 1125 nec
1280 1070 1576 1144 quidquam
1600 1072 1703 1125 tale
1731 1082 2016 1143 rogantem
2026 1090 2031 1116 ι

507 1143 610 1199 Me
632 1144 803 1216 petiit.
843 1142 952 1215 ipsa
977 1144 1103 1198 licet
1126 1143 1232 1198 hoe
1261 1145 1291 1197 a
1315 1144 1527 1198 Pallade
1553 1162 1822 1217 quaeras}

511 1216 772 1290 Quamvis
796 1217 928 1272 irata
950 1216 1052 1281 est,
1090 1234 1202 1272 non
1225 1217 1331 1272 hoc
1356 1217 1489 1272 irata
1511 1216 1744 1290 negabit.

272 1400 356 1438 ςςς.
382 1386 526 1426 Gemino
548 1389 588 1426 de
611 1394 749 1438 Cecrope
770 1386 906 1437 natis.]
936 1387 1027 1425 Non
1038 1386 1161 1436 potuit
1172 1396 1264 1424 con-

218 1450 379 1489 coquere
404 1441 445 1476 τό
463 1440 598 1489 gemino
621 1440 864 1488 Capoferreus
890 1467 901 1484 ‚
927 1437 1106 1487 variisque
1135 1438 1264 1487 conje-

220 1490 328 1528 cturis
347 1491 474 1529 locum
497 1490 704 1540 exagitavit.
733 1490 848 1539 Atqui
861 1489 1023 1538 Cecrops
1043 1487 1178 1534 Διφύης
1200 1501 1267 1526 co-

219 1549 428 1589 gnomento
460 1541 600 1587 dietus,
627 1541 730 1592 quod
759 1540 917 1578 Ovidius
949 1539 1117 1588 expressit
1140 1542 1190 1587 τῷ
1207 1553 1266 1589 ge·

219 1592 315 1629 mino
336 1599 485 1642 Cecrope.
511 1592 710 1642 quomodo
732 1592 825 1630 infra
839 1621 849 1637 ,
857 1592 1053 1642 geminique
1072 1589 1157 1627 tulit
1177 1591 1265 1628 Chi-

219 1643 313 1679 ronis
334 1644 371 1679 in
391 1654 551 1681 antrum.
605 1645 655 1682 D.
680 1644 936 1691 Hieronymus
969 1642 1162 1680 Chronico
1188 1642 1266 1679 Eu-

217 1691 365 1731 sebiano
388 1694 433 1731 ad
465 1705 603 1732 annum
627 1706 752 1732 ccctx.
774 1694 915 1731 Primus
937 1693 975 1730 in
996 1693 1125 1730 Attica
1143 1707 1266 1742 regna-

220 1744 281 1779 vit
302 1750 439 1794 Cecrops
454 1773 464 1789 ‚
491 1746 551 1795 qui
573 1757 616 1785 (φ
639 1745 800 1795 Diphyes.
838 1757 930 1782 mox
952 1743 1071 1789 addit,
1086 1743 1266 1781 dicebatur

222 1805 341 1831 autem
364 1795 515 1845 Diphyes
529 1824 538 1841 ‚
557 1795 636 1845 five
657 1796 694 1832 ob
728 1795 980 1844 longitudinem
1002 1794 1168 1844 corporis,
1188 1794 1266 1845 five

221 1844 346 1882 idcirco
370 1873 381 1888 ,
428 1847 518 1896 quod
549 1860 627 1883 cum
657 1846 730 1895 effet
763 1847 953 1896 Aegyptius
981 1856 1168 1896 utramque
1201 1846 1279 1883 lin--

217 1908 328 1944 guam
347 1896 489 1945 sciebat.
530 1897 592 1934 ubi
613 1897 698 1935 vide
720 1905 896 1935 annotata
929 1908 949 1934 a
980 1897 1126 1945 Magno
1161 1897 1272 1935 Scali-

218 1957 310 1994 gero
324 1975 334 1991 ‚
363 1955 403 1984 ut
425 1948 464 1985 &
486 1947 692 1985 Meursium
712 1947 758 1985 de
781 1949 913 1996 Regno
936 1948 1076 1985 Attico.
1107 1947 1167 1985 alii
1188 1949 1272 1986 alias

219 1997 327 2046 hujus
359 1999 522 2036 nominis
554 1998 671 2036 causas
692 1998 889 2047 protulere.
922 1998 1052 2037 Statius
1071 2009 1274 2049 propemp-

224 2048 301 2085 tico
330 2049 440 2086 Metii
459 2049 594 2087 Celeris
613 2078 623 2094 ‚

271 2099 365 2136 Hinc
387 2099 496 2136 multo
508 2107 649 2137 Proteus
661 2128 672 2145 ‚
695 2101 894 2152 geminoque
904 2100 987 2139 hinc
1001 2109 1132 2151 corpore
1146 2102 1269 2138 Triton

276 2155 476 2188 Praenatet.
511 2151 718 2190 Hmnsxus.

222 2199 313 2241 Vid.
346 2201 483 2239 Meurs.
515 2203 607 2251 Reg.
631 2203 743 2240 Attic.
784 2215 814 2241 1.
852 2203 886 2241 6.
915 2203 954 2241 δε
983 2202 1055 2253 seq.
1088 2203 1269 2251 Antigon.

220 2251 316 2308 Hist.
342 2252 476 2290 Mirab.
499 2264 530 2291 c.
551 2254 610 2302 96.
636 2253 834 2303 Anonym.
858 2254 903 2292 de
937 2253 1137 2292 incredibil.
1169 2254 1273 2291 Alla-

221 2311 272 2341 Ul.
324 2332 332 2340 .
356 2315 376 2341 2
408 2332 415 2339 .

279 2314 360 2402 ςξό.
383 2315 608 2391 7servandam
628 2355 769 2392 dederat
782 2383 793 2400 ,
807 2355 875 2404 fid
905 2355 1084 2406 inconfeffa
1114 2354 1200 2406 quid
1220 2355 1268 2403 es-

217 2403 312 2452 fitt.]
342 2405 509 2442 Tametsi
530 2406 589 2442 hic
620 2405 738 2443 versus
761 2406 1036 2455 monosyllabae
1065 2406 1158 2443 illius
1187 2417 1268 2454 par—

223 2454 354 2492 ticulae
368 2456 430 2504 ftd
462 2457 604 2494 ratione
624 2457 741 2505 potest
763 2456 782 2494 a
802 2457 980 2494 trochaeo
1000 2456 1174 2500 defendi,
1196 2468 1267 2505 ego

224 2512 350 2542 tamen
364 2517 407 2543 ex
421 2506 562 2543 vetusto
576 2508 775 2556 exemplari
793 2509 841 2545 ita
862 2507 1005 2545 correxi
1021 2507 1098 2556 ,sed
1108 2508 1200 2544 enim
1213 2508 1269 2544 in-

225 2556 366 2603 ‘wfeffil
389 2557 474 2607 quid
504 2558 588 2605 effet.
625 2558 790 2606 Quidam
813 2569 905 2596 vero
924 2588 934 2603 ‚
962 2557 1175 2596 audaciores
1189 2585 1199 2602 ,
1222 2569 1267 2594 ex

226 2606 377 2642 cerebro
401 2608 597 2644 invertunt.
625 2610 688 2645 Sed
709 2623 777 2646 non
798 2608 937 2660 confhffa
962 2609 1047 2660 quid
1068 2609 1151 2659 effer.
1180 2610 1268 2656 Qua

224 2655 498 2711 compositione
510 2659 597 2695 nihil
609 2659 759 2707 asperius
772 2659 998 2709 fingipotest.
1020 2661 1183 2697 Remus.
1211 2659 1270 2696 Sic

223 2718 263 2743 in
277 2708 467 2744 veteribus.
479 2708 538 2745 sed
550 2709 680 2746 refflus
692 2710 826 2746 forrare
837 2710 1007 2748 nonnulli
1021 2711 1098 2758 ‚sed
1108 2711 1199 2746 enim
1212 2710 1269 2746 in-

224 2758 376 2805 consessu.
396 2757 525 2806 legitur
538 2759 663 2803 etiam,
674 2760 730 2805 fed
743 2774 809 2796 non
822 2761 971 2809 confcffa.
994 2761 1180 2799 NAuex-m.
1193 2766 1269 2796 Ser-

225 2809 388 2844 vandam
401 2808 514 2856 probe
528 2810 708 2846 meliores.
730 2817 914 2858 praeterea
927 2812 1096 2847 nonnulli
1111 2811 1189 2859 ,fid
1201 2824 1270 2847 non

223 2858 724 2907 confhffit.Rerneggertamen
738 2861 1080 2910 inconfhffiz.duo.nec
1090 2862 1133 2897 eis
1147 2860 1271 2908 confes-

214 2910 271 2958 fiz.
284 2909 356 2954 alii,
362 2910 425 2958 fid
434 2911 524 2946 enim
536 2910 727 2960 intotiteffiz.
753 2919 917 2948 ceterum
941 2911 959 2947 {1
983 2911 1103 2959 priore
1126 2911 1244 2959 Regio
1259 2938 1270 2955 ‚

224 2961 347 3008 priore
380 2962 601 3004 Erfurtan0‚
630 2963 667 2998 δε
699 2961 773 2998 aliis
796 2961 938 2998 duobus
970 2961 1065 2998 abest
1096 2961 1157 2997 hic
1189 2972 1272 2997 ver·

226 3010 289 3047 sus.
321 3011 360 3048 δ(
381 3011 429 3047 est
450 3011 620 3059 profecit>
643 3011 824 3049 tollendus
838 3040 848 3056 ‚
871 3011 973 3061 quod
994 3011 1179 3048 adstruunt
1201 3011 1272 3059 pri-

224 3073 305 3098 'mus
338 3062 563 3106 Vaticanus,
590 3062 771 3106 Urbinas,
801 3065 838 3099 8³<
868 3063 928 3099 sex
960 3062 1042 3106 alii,
1068 3062 1105 3099 in
1138 3062 1266 3111 quibus

230 3112 328 3148 versu
350 3113 524 3160 proximo
539 3119 660 3157 ‚Hanc
680 3112 783 3162 legem
805 3114 946 3150 dederat
970 3141 979 3156 ‚
1006 3124 1073 3160 pro
1098 3117 1143 3148 Et
1164 3113 1267 3161 legem

225 3163 388 3207 dederat,
414 3163 585 3212 scriptum
618 3164 786 3201 occurrit.
836 3164 872 3200 Si
904 3162 1045 3199 versum
1078 3162 1177 3199 hunc
1205 3163 1271 3201 ad<-

231 3212 342 3247 mittis
357 3241 366 3256 ‚
394 3216 567 3260 proximo
588 3214 785 3263 legendum
803 3242 813 3259 ‚
841 3219 887 3250 Et
910 3214 1011 3261 legem
1046 3213 1232 3250 addiderat
1255 3242 1267 3258 ‚

225 3272 274 3299 ne
306 3273 417 3311 quem
458 3264 635 3304 offendat.
654 3265 780 3305 odiosa
809 3265 978 3315 repetitio
1023 3267 1085 3302 τοῦ
1117 3265 1268 3304 dederat.

2227 1287 2388 1345 Name-

1317 1385 1379 1424 sed
1400 1385 1552 1435 praestat
1583 1385 1743 1426 omnino
1777 1385 1889 1426 deleri
1921 1384 2066 1424 versum
2092 1413 2104 1431 ‚
2140 1397 2253 1438 quem
2282 1386 2370 1425 dixi.

1320 1438 1537 1476 Heinsius.

1377 1489 1460 1538 556.
1488 1493 1536 1525 Et
1555 1488 1658 1538 legem
1681 1488 1887 1540 dederant.]¹
1917 1487 1992 1527 Alii
2017 1516 2029 1534 ,
2062 1494 2164 1527 Hanc
2185 1488 2288 1539 legem
2310 1487 2369 1525 dee

1323 1540 1436 1578 derat.
1476 1540 1693 1579 CrorAnus.

1373 1592 1455 1641 560.
1487 1591 1703 1641 Aglauros]
1742 1592 1856 1629 Varie
1888 1590 2042 1641 quidem
2085 1590 2129 1628 ab
2162 1590 2371 1629 auctoribus

1321 1643 1471 1681 Graecis
1492 1643 1599 1692 hujus
1620 1642 1761 1692 puellae
1783 1655 1927 1680 nomen
1948 1641 2122 1679 scribitur.
2149 1642 2250 1678 Nam
2274 1642 2369 1679 Pau-

1318 1693 1431 1731 sanias
1452 1694 1490 1731 in
1512 1694 1660 1732 Atticae
1693 1693 1934 1743 descriptione
1959 1721 1969 1737 ‚
2007 1690 2074 1729 nisi
2099 1691 2279 1729 mendum
2310 1692 2370 1730 in«
2391 1710 2394 1712 v

1321 1745 1370 1782 est
1384 1774 1394 1790 ‚
1409 1745 1593 1794 Aglauron
1608 1773 1616 1789 ,
1630 1753 1670 1782 ut
1703 1744 1827 1782 Latini
1851 1773 1862 1790 ,
1886 1744 1985 1782 illam
2009 1751 2130 1780 vocat.
2179 1743 2254 1780 Alii
2275 1754 2367 1780 vero

1322 1796 1480 1841 Graeci,
1509 1807 1604 1846 quos
1637 1795 1789 1846 quidem
1822 1807 1892 1845 ego
1923 1793 2080 1831 viderim
2105 1822 2115 1838 ‚
2143 1798 2334 1843 Agrauron
2358 1804 2368 1829 z

1326 1847 1456 1897 Itaque
1478 1846 1646 1893 correxi,
1674 1847 1843 1896 quamvis
1857 1845 2092 1884 Hellanicum
2109 1845 2195 1893 ,qui
2225 1845 2263 1882 in
2287 1856 2371 1882 eru-

1326 1898 1473 1936 ditionis
1506 1898 1791 1936 ostentationem
1814 1896 1834 1935 a
1857 1895 2072 1947 quibusdam
2104 1896 2258 1939 citatur,
2280 1907 2367 1933 cum
2388 1907 2390 1910 ·

1325 1949 1505 1998 nusquam
1527 1948 1832 1994 extet‚nondum
1853 1948 2017 1997 legerim.
2045 1947 2209 1983 Remus.
2232 1946 2371 1984 Imo&

1329 2000 1455 2037 Suidas·
1476 2001 1516 2037 &
1546 1999 1735 2037 Pausanias
1770 2001 1957 2044 Αγλαυρῦν
1985 2004 2134 2035 vocant.
2184 1995 2371 2045 Significat

1326 2059 1453 2088 autem
1476 2050 1681 2096 ἀγλαυρόν,
1705 2050 1935 2099 splendidum
1958 2060 2000 2086 ac
2023 2047 2215 2097 pulchrum
2232 2075 2241 2091 ‚
2269 2046 2370 2097 quafi

1326 2102 1440 2146 ἀυρῑις
1461 2101 1613 2146 ἀγλαὰς
1636 2103 1721 2148 ἔχον
1735 2130 1746 2146 ,
1772 2099 2096 2151 quemadmodum
2129 2099 2168 2135 δε
2190 2097 2369 2136 Nicandri

1326 2153 1501 2201 interpres
1531 2152 1592 2190 ait.
1618 2152 1776 2190 Proinde
1808 2160 1899 2201 puto
1931 2150 2121 2199 Aglauron
2147 2148 2243 2186 hanc
2263 2148 2323 2186 vel
2350 2160 2372 2186 a

1327 2205 1451 2241 forma
1472 2203 1690 2252 appellatam
1714 2231 1724 2248 ,
1751 2202 1810 2239 vel
1832 2214 1853 2239 a
1885 2200 2070 2238 contrario
2094 2227 2104 2243 ‚
2141 2198 2242 2247 quali
2275 2211 2371 2249 quae

1329 2254 1432 2292 tristis
1454 2255 1492 2291 Sc
1514 2254 1692 2292 invidiosa
1713 2251 1895 2299 fuerit,id
1906 2250 2009 2301 quod
2021 2251 2059 2288 in
2070 2249 2285 2299 sequentem
2317 2251 2373 2287 fa„

1326 2304 1450 2342 bulam
1485 2304 1649 2349 maxime
1678 2304 1841 2353 quadrat.
1888 2303 1967 2339 Aut
1999 2301 2111 2338 etiam
2152 2312 2172 2337 a
2204 2300 2371 2349 privandi

1325 2355 1522 2404 particula,
1552 2357 1590 2392 ὃς
1613 2356 1802 2400 γλαυρδς,
1831 2353 1934 2403 quod
1956 2352 2105 2390 Graecis
2134 2351 2235 2388 idem
2267 2350 2371 2401 quod

1322 2407 1445 2452 σεμνὸς
1466 2404 1663 2454 significat3
1693 2404 1793 2455 quasi
1808 2433 1818 2448 ‚
1843 2415 1938 2453 quae
1966 2415 2097 2452 parum
2127 2405 2234 2448 σεμνὴ
2257 2430 2268 2447 ,
2294 2402 2371 2438 hoc

1327 2457 1400 2502 est,
1427 2467 1604 2494 venerans
1627 2458 1665 2494 ὃς
1687 2455 1850 2504 religiosa
1878 2466 1963 2504 erga
1994 2452 2174 2491 Palladem
2195 2450 2259 2506 liic
2283 2480 2294 2496 ,
2330 2452 2371 2489 ὃς

1326 2520 1417 2545 mox
1441 2518 1524 2555 erga
1545 2507 1776 2544 Mercurium
1800 2506 1920 2543 fuerit.
1957 2505 2057 2541 Nam
2078 2503 2116 2540 in
2139 2513 2229 2550 agris
2250 2502 2370 2539 stabu-

1322 2558 1434 2596 latam
1468 2555 1538 2594 effe
1572 2557 1683 2595 filiam
1717 2556 1808 2606 regis
1831 2586 1841 2602 ‚
1877 2555 2165 2593 consentaneum
2197 2564 2276 2590 non
2305 2552 2366 2590 est.

1323 2608 1528 2658 praesertim
1553 2607 1704 2658 quando
1725 2608 1819 2644 infra
1840 2607 1951 2644 etiam
1969 2605 1989 2642 a
2014 2603 2203 2642 Mercurio
2222 2604 2260 2640 in
2282 2615 2367 2641 arce

1324 2659 1586 2708 deprehensam
1610 2660 1649 2695 &
1670 2656 1931 2705 compellatam
1946 2652 2059 2693 Po'e't'a
2072 2654 2169 2692 dicit.
2183 2654 2365 2691 Mrcrtt.

1377 2710 1460 2758 560.
1489 2707 1667 2758 Nodofique
1686 2720 1797 2744 manu
1819 2705 1982 2755 diducit]
2013 2706 2056 2744 ln
2077 2712 2166 2742 vett.
2188 2704 2234 2742 ad
2246 2717 2365 2743 unum

1321 2757 1506 2809 perspicue
1526 2758 1680 2807 legitur,
1708 2758 1860 2795 Deducit
1881 2769 1946 2806 per
1974 2757 2006 2793 E
2029 2757 2065 2793 in
2086 2757 2204 2805 prima
2223 2755 2367 2804 syllaba.
2390 2783 2393 2786 -

1324 2809 1442 2858 Quod
1474 2810 1610 2857 Regius
1633 2807 1730 2846 recte
1763 2807 1811 2845 est
1842 2809 2109 2857 interpretatus.
2146 2808 2391 2845 (toranus,-

1325 2860 1477 2897 Deducit
1498 2868 1639 2897 veteres
1670 2859 1846 2908 plerique.
1874 2871 1919 2896 an
1934 2858 2096 2907 seducit?
2123 2867 2287 2899 niox‚at
2310 2858 2369 2894 in-⁹

1326 2922 1382 2948 tus
1396 2939 1405 2956 ‚
1419 2923 1496 2948 non
1518 2923 1561 2950 cf
1575 2911 1783 2957 ‚hini-anus.
1814 2911 2015 2947 Hrmsrus.
2041 2908 2099 2945 sed
2122 2907 2286 2944 divellere
2307 2922 2368 2945 no-

1326 2962 1384 2998 dos
1415 2961 1463 2998 est
1485 2961 1581 3010 apud
1605 2961 1801 3010 Virgilium
1821 2960 1882 2998 lib.
1905 2972 1951 2996 11.
1975 2957 2131 2997 Aeneid.
2163 2958 2367 2996 220.Nost.

1326 3025 1417 3049 X111.
1431 3013 1512 3057 264.
1526 3011 1715 3063 vestemque
1734 3025 1845 3049 manu
1857 3011 2002 3048 diducit.
2031 3008 2103 3046 vid.
2125 3008 2218 3045 infra
2239 3008 2286 3046 ad
2307 3009 2367 3047 lib.
2391 3035 2394 3038 -

1327 3075 1380 3100 xv.
1406 3074 1488 3111 372.
1513 3062 1664 3112 diffblvit
1695 3063 1973 3100 Gronovianus.
2005 3060 2264 3096 nuntiamus.

1378 3115 1461 3161 561.
1499 3115 1742 3164 Infamemque
1773 3112 1937 3162 vident]
1980 3110 2079 3147 Videt
2109 3109 2197 3158 legit
2229 3109 2367 3158 Schepo

1322 3175 1427 3212 perus
1449 3164 1545 3212 apud
1568 3164 1713 3213 Tanaq.
1744 3163 1847 3200 Fabr.
1875 3163 1935 3199 lib.
1969 3173 2014 3198 11.
2047 3160 2157 3208 Epist.
2192 3172 2249 3204 71.
2281 3161 2368 3210 quia.

1322 3222 1466 3251 tantum
1502 3214 1547 3251 de
1579 3226 1651 3252 una
1683 3214 1809 3263 agitur.
1855 3213 1916 3250 sed
1947 3208 2141 3248 advocaffe
2175 3211 2369 3260 Agl-auron

1323 3264 1475 3317 reliquas
1497 3264 1637 3305 sorores
1660 3265 1705 3303 ad
1723 3264 1968 3314 spectaculum
1984 3292 1994 3309 ,
2014 3261 2206 3312 postquam
2231 3262 2288 3299 illa
2311 3260 2368 3346 sq}
