2483 3616
671 157 731 215 P.
806 156 1226 216 OV1D11

205 178 300 228 142

1293 155 1828 214 NASONIS

349 248 450 318 605
486 247 790 306 Indevitato
815 251 1021 323 trajecit
1045 249 1265 323 peStora
1292 250 1418 306 telo,

492 323 598 378 leta
637 324 790 379 dedit
815 325 1106 395 gemitum,
1142 321 1422 395 tractoque
1450 325 1479 379 Ξῖ
1502 324 1722 379 vulnere
1746 326 1922 391 ferro,

492 397 740 452 Candida
764 397 1030 469 poeniceo
1053 395 1292 468 perfudit
1318 395 1558 450 membra
1583 415 1808 452 cruore:

492 471 566 525 Et
597 471 762 534 dixit,
802 470 964 524 Potui
986 486 1185 541 poenas
1210 468 1335 532 tibi,
1374 468 1624 533 Phoebe,
1661 470 1896 534 dedisse3

494 543 600 598 Sed
638 543 897 617 peperiss'e
925 543 1086 615 prius.
1139 542 1250 596 duo
1275 559 1418 598 nunc
1444 541 1738 598 moriemur
1763 544 1819 598 in
1841 545 1961 601 unii.

348 622 451 674 610
490 615 798 679 HaPtenus3
841 616 897 670 &
920 615 1117 688 pariter
1140 615 1305 669 vitam
1330 631 1456 668 cum
1480 612 1730 685 sanguine
1754 616 1914 673 fudit.

497 687 714 762 Corpus
740 690 896 745 inane
920 688 1126 742 animae
1152 686 1318 757 frigus
1344 686 1498 739 letale
1522 686 1765 744 secutum
1788 689 1878 744 est.

492 763 749 818 Poenitet
773 763 907 817 heu!
950 760 1067 814 sero
1091 776 1296 831 poenae
1323 758 1554 813 crudelis
1579 775 1876 817 amantem:

494 835 701 907 Seque,
739 833 890 906 quod
915 831 1174 895 audierit,
1211 832 1361 904 quod
1387 830 1457 885 fic
1483 833 1765 899 exarserit,
1799 835 1944 890 odit:

489 908 627 962 Odit
649 925 831 970 avem,
868 922 964 978 per
991 922 1152 978 quam
1182 905 1387 959 crimen
1411 904 1744 979 caufl‘amque
1769 907 1993 964 dolendi

347 984 449 1049 615
490 980 638 1035 Scire
665 979 879 1034 coafius
905 991 1044 1033 erat:
1086 995 1451 1050 nervumque,
1490 994 1813 1051 arcumque,
1835 996 2163 1057 manumque

494 1053 660 1117 Odit,
698 1069 933 1125 cumque
960 1069 1147 1116 manu,
1182 1051 1464 1105 temeraria
1491 1052 1622 1115 tela,
1658 1051 1885 1123 sagittas

492 1126 904 1199 Collapsamque
928 1124 1106 1179 fovet:
1147 1125 1368 1196 seraque
1392 1141 1496 1196 ope
1520 1125 1739 1179 vincere
1767 1124 1874 1183 fata

486 1199 726 1261 Nititur,
767 1199 821 1254 δε
851 1197 1086 1252 medicas
1109 1210 1327 1252 exercet
1352 1196 1581 1251 inaniter
1606 1210 1757 1252 arteS.

493 1273 649 1346 Quae
673 1272 954 1345 postquam
978 1269 1165 1324 frustra
1191 1281 1419 1332 tentata,
1457 1287 1761 1344 rogumque
1785 1273 1955 1344 parari

346 1351 451 1401 620
488 1346 687 1409 Sensit,
728 1345 781 1399 &
807 1344 1010 1399 arsuros
1035 1343 1289 1415 supremis
1314 1341 1524 1413 ignibus
1548 1360 1719 1406 artus;

491 1420 644 1474 Turn
669 1436 805 1472 vero
827 1417 1057 1488 gemitus
1095 1420 1116 1487 (
1130 1433 1305 1487 neque
1332 1415 1476 1469 enim
1501 1416 1747 1471 coelestia
1774 1418 1947 1491 tingui

494 1493 605 1548 Ora
630 1492 790 1547 decet
815 1489 1080 1559 lacrimis)
1119 1489 1227 1544 alto
1251 1489 1320 1544 de
1347 1487 1516 1543 corde
1539 1490 1738 1563 petitos

251 1640 336 1690 605.
364 1638 606 1689 Indevitato.]
657 1638 789 1676 Malim
806 1666 817 1684 ,
851 1650 920 1675 non
941 1637 1073 1675 evitato
1086 1651 1097 1682 ;
1121 1644 1162 1674 ut
1184 1648 1238 1675 vr.

197 1703 284 1741 234.
322 1706 390 1729 non
420 1690 583 1728 evitabile
613 1689 733 1727 telum.
770 1689 937 1738 transegit
967 1700 1118 1738 quoque
1145 1700 1240 1726 unus

196 1741 450 1780 Bononiensis.
488 1743 696 1778 Hssrnsms.
734 1740 969 1777 indevitando
991 1740 1163 1777 Gronov.
1199 1750 1242 1775 u-

196 1803 264 1830 nus
279 1821 289 1836 ,
312 1793 414 1842 quod
436 1792 604 1830 Francius
648 1791 816 1829 malebat.
862 1791 946 1839 Ego
976 1790 1067 1829 nihil
1095 1798 1203 1828 muto
1226 1804 1238 1833 ;

194 1841 246 1879 fic
268 1844 368 1880 enim
394 1852 493 1880 amat
525 1843 658 1880 Noster
679 1853 779 1880 nova
813 1841 923 1879 verba
945 1839 1093 1890 fingere.
1121 1848 1162 1878 ut
1185 1841 1240 1877 in-

190 1892 389 1931 declinatus
410 1906 464 1932 1v.
485 1893 594 1931 Trist.
616 1906 668 1930 iv.
700 1905 756 1939 24.
785 1904 838 1929 xv.
872 1892 979 1930 Pont.
1001 1905 1035 1929 x.
1063 1892 1122 1941 83.
1144 1891 1242 1928 inde-

185 1944 300 1993 jeblus
329 1957 356 1982 1.
378 1945 475 1982 Met.
506 1944 591 1992 289.
624 1943 847 1989 indestrictus.
885 1954 956 1980 xix.
980 1955 1039 1991 92.
1072 1951 1238 1980 ceterum

191 1994 342 2032 Pausan.
361 1995 421 2032 lib.
445 2007 490 2032 11.
513 1995 573 2033 26.
598 2006 618 2031 a
640 1994 761 2032 Diana
784 1993 941 2031 occisam
961 1994 1021 2031 ait.
1045 1993 1176 2031 Eum.

246 2045 332 2083 606.
371 2048 558 2096 Trac‘loque
585 2045 610 2081 d
642 2044 785 2081 vulnere
798 2044 933 2094 ferr0.]
975 2044 1131 2093 Aliquot
1164 2052 1239 2082 vet.

190 2096 235 2132 'A
257 2106 385 2146 corpore
398 2098 504 2144 fi’rro.
531 2096 681 2133 Bri-inni
703 2123 714 2141 ‚
744 2095 769 2131 d
783 2098 924 2145 pefflore.
964 2095 1080 2134 CioF.
1126 2097 1239 2133 Fran-

191 2147 269 2184 cius
291 2147 471 2191 malebat,
497 2161 513 2184 e
544 2146 698 2184 vtilnere.

247 2197 334 2244 607.
362 2198 530 2235 Candida
546 2196 726 2247 punicea]
758 2197 800 2234 In
822 2209 900 2234 uno
923 2196 1046 2234 Vatic.
1071 2196 1239 2234 Candida

188 2257 367 2299 purpureo.
417 2250 587 2287 Cxofm.
631 2255 803 2297 Purpureo
836 2248 947 2285 etiam
980 2255 1051 2285 tres
1082 2247 1240 2285 codices.

193 2298 254 2343 sed
275 2300 401 2349 passim
421 2299 561 2348 sanguis
577 2300 749 2349 poeniceus
761 2299 903 2341 dicitur.
926 2298 1138 2336 vid.lib.1v.
1156 2310 1237 2344 127.

249 2352 334 2388 610.
363 2356 412 2388 Et
427 2351 690 2401 paritervitam
703 2349 1103 2398 ctcmsunguinefudit.]
1133 2349 1238 2397 Virg.

2211 1563 2344 1620 Edi-

1345 1635 1512 1684 Sustinuit
1529 1637 1677 1687 spectare
1688 1641 1830 1688 parens.

1295 1687 1335 1725 &
1356 1688 1406 1725 ita
1426 1688 1565 1737 paffim.

1348 1738 1431 1776 622..
1460 1745 1532 1775 Ora
1552 1738 1686 1789 decet.]
1717 1740 1778 1777 De
1810 1739 1898 1778 fletu
1929 1740 1968 1778 &
1998 1742 2111 1778 etiam
2142 1739 2209 1777 risu
2240 1738 2342 1778 Dea-

1296 1801 1379 1827 rum
1422 1789 1567 1828 abunde
1611 1799 1764 1839 egerunt
1813 1791 2059 1829 Broukhusius
2101 1790 2147 1828 ad
2177 1792 2342 1840 Propert.

1297 1840 1562 1889 11.Eleg.x111.
1577 1853 1633 1890 54.
1666 1843 1706 1880 &
1724 1841 1845 1880 Barth.
1868 1841 1915 1880 ad
1947 1842 2103 1880 Statium
2126 1841 2242 1890 saepe.
2265 1841 2341 1881 vid.

1297 1903 1322 1929 v
1344 1891 1469 1930 Theb.
1498 1904 1584 1938 270.
1609 1904 1665 1930 vx.
1688 1892 1771 1942 384.
1794 1905 1846 1931 xx.
1867 1903 1951 1942 713.
1973 1894 2011 1931 ὃς
2034 1893 2119 1931 820.
2142 1893 2182 1930 δε
2205 1893 2339 1941 Spanh.

1298 1942 1344 1981 ad
1366 1942 1511 1981 Callim.
1534 1944 1654 1992 Hym.
1675 1944 1788 1981 Dian.
1813 1956 1891 1993 149.
1941 1939 1946 1946 ’

1346 1993 1428 2040 624.
1456 2000 1597 2031 Dextra
1618 1993 1768 2031 libratus
1799 1994 1844 2032 ab
1873 1993 1996 2044 aure.]
2037 1994 2128 2031 Duo
2159 1994 2247 2031 Vat.
2281 1994 2342 2031 Vi-

1295 2044 1417 2082 bratus
1438 2046 1482 2082 ab
1502 2059 1596 2082 aure.
1635 2045 1847 2083 C1oranus.
1882 2045 1971 2083 Vid.
1992 2045 2084 2093 supr.
2107 2056 2178 2094 311.

1350 2096 1434 2142 627.
1467 2096 1662 2147 Injustaque
1683 2096 1820 2146 busta.]
1850 2097 1962 2134 Forte
1991 2108 2054 2144 per
2087 2094 2183 2142 busta
2214 2095 2343 2145 injusta

1296 2146 1480 2196 exsequias
1510 2158 1636 2196 parvas
1660 2175 1670 2191 ,
1703 2147 1827 2196 quales
1860 2145 2126 2196 extemporales
2154 2146 2270 2183 solent
2290 2146 2343 2183 es-

1293 2197 1328 2234 se
1343 2226 1353 2242 ,
1382 2199 1421 2235 ὃς
1450 2209 1538 2248 quas
1564 2206 1653 2235 tunc
1684 2197 1756 2235 sors
1778 2197 1851 2247 ipsa
1873 2198 1979 2235 dabat
1996 2225 2007 2242 ,
2033 2204 2138 2245 potes
2158 2196 2338 2245 accipere.

1295 2248 1438 2298 injustus
1481 2249 1582 2286 enim
1614 2260 1771 2296 parvum
1802 2247 1989 2286 interdum
2024 2246 2223 2296 fignificat,
2252 2246 2344 2285 ficut

1294 2308 1421 2336 contra
1446 2299 1580 2337 Cicero
1605 2299 1717 2348 justas
1737 2299 1941 2336 inimicitias
1964 2309 2114 2346 magnas
2135 2298 2342 2346 appellavit.

1295 2349 1460 2387 Asconio
1482 2350 1644 2387 auetore.
1666 2349 1839 2398 Virgilius
1862 2361 1926 2386 111.
1949 2350 2088 2397 Georg.
2112 2360 2195 2397 347.
2219 2361 2254 2386 x.
2283 2355 2345 2386 In-

189 2413 242 2438 -xL
265 2402 423 2440 Aeneid.
454 2415 495 2439 ac
526 2401 635 2446 multo
666 2401 784 2438 vitam
817 2413 895 2439 cum
929 2400 1100 2450 sauguine
1125 2400 1238 2448 fudit.
1287 2400 1377 2449 justo
1397 2400 1465 2449 sub
1477 2400 1574 2448 fasce
1594 2400 1695 2436 viam
1718 2401 1804 2436 dum
1838 2400 1958 2449 carpit.
1985 2400 2157 2447 jaconus
2190 2412 2212 2436 Α
2234 2400 2342 2436 Cno-

197 2453 414 2490 CIOFANUS.

251 2504 335 2549 615.
369 2510 438 2539 Nec
460 2517 527 2539 non
548 2516 735 2552 arcumque
765 2500 1019 2551 manumque.]
1059 2508 1242 2538 Nervam-

196 2567 262 2604 que
293 2567 479 2603 arcumque
512 2554 666 2590 Urbinas
691 2582 701 2598 ,
740 2553 778 2590 &
810 2564 878 2600 pro
911 2551 1049 2590 diversa
1080 2552 1241 2589 lectione

197 2603 511 2652 cantabrigiensis.
542 2604 600 2641 sed
622 2604 712 2641 nihil
732 2601 885 2640 neceffe„
912 2604 1059 2640 Hiems.

1299 2463 1359 2488 CE.
1399 2451 1585 2501 Invisaque
1598 2450 1693 2500 justa
1718 2450 1830 2499 aliqui
1862 2450 2031 2493 codices;
2057 2450 2164 2487 male.
2211 2449 2258 2485 fic
2286 2449 2342 2485 in-

1298 2511 1422 2551 nuptas
1455 2502 1593 2551 nuptias
1615 2501 1705 2538 dixit
1734 2500 1832 2549 apud
1854 2501 2078 2538 Ciceronem
2102 2507 2205 2536 vetus
2225 2500 2343 2538 Poeta

1297 2552 1359 2589 lib.
1382 2564 1410 2589 1.
1434 2552 1495 2590 De
1519 2553 1671 2590 Orator.
1692 2552 1731 2589 δε
1754 2552 1871 2600 prima
1893 2551 2102 2599 Philippica.
2125 2561 2155 2586 c.
2179 2562 2226 2586 11.
2254 2551 2343 2599 inſse-

1290 2603 1433 2653 pultam
1455 2602 1686 2653 sepulturam.
1715 2613 1791 2651 quo
1821 2602 1910 2639 loco
1939 2601 2042 2638 illum
2075 2599 2290 2648 Euripidem
2313 2601 2345 2638 i-

250 2654 336 2702 619.
362 2661 556 2703 Rogumque
573 2655 694 2704 parari
728 2654 864 2703 Vidit.]
897 2652 1005 2703 Senfit
1029 2653 1243 2691 Scholiastes
1299 2654 1472 2691 mitatum
1503 2651 1607 2690 fuiffe
1629 2660 1760 2689 notant
1782 2651 1851 2688 viri
1871 2650 1995 2695 dofti,
2024 2651 2087 2700 qui
2108 2651 2146 2688 in
2170 2650 2345 2688 Phoenis-

191 2704 303 2743 --Statii
324 2705 586 2742 lib.v1.Theb.
614 2705 694 2752 384.
719 2706 757 2741 &
781 2716 870 2741 mox
893 2717 974 2752 pro,
998 2710 1071 2741 Ora
1092 2704 1169 2741 licet
1191 2703 1245 2740 la-

197 2756 347 2804 crymi53
378 2761 451 2791 Ora
480 2755 570 2790 decet
600 2754 700 2791 idem
736 2754 978 2791 Scholiastes:
1017 2754 1121 2804 quod
1150 2752 1247 2791 Basi-

196 2806 324 2844 Iecnsis
346 2817 439 2843 unus
461 2803 666 2841 confirmat.
690 2805 727 2840 in
749 2804 856 2841 Fastis
875 2804 934 2840 lib.
955 2817 1009 2842 xv.

381 2862 498 2906 Neque
517 2856 610 2891 cuim
632 2854 814 2891 lacrimare
835 2855 974 2891 deorum
995 2855 1048 2903 est.

200 2908 319 2947 imm.
376 2908 468 2944 Licet
501 2904 666 2942 defendit
698 2904 900 2942 Broukhus.
931 2905 977 2942 ad
1009 2907 1171 2954 Propert.
1194 2917 1240 2942 11.

198 2971 291 2996 ³1:11.
321 2971 376 3007 54

1300 2703 1342 2741 fis
1374 2703 1465 2740 dixit
1485 2730 1498 2747 ,
1535 2703 1689 2749 Τοιάφος
1719 2700 1874 2748 ἄταφος.
1912 2700 1960 2739 fic
1982 2701 2083 2751 Eleg.
2110 2701 2148 2739 in
2169 2701 2343 2743 Drusum.

1300 2754 1358 2798 Jts.
1388 2765 1443 2800 54·

1349 2817 1469 2855 Saevit
1483 2846 1493 2863 ‚
1516 2827 1560 2857 (φ’
1580 2816 1747 2868 injustum
1763 2816 1822 2867 jus
1836 2814 1905 2867 fibi
1928 2815 2053 2868 ubique
2064 2817 2172 2865 facit.

1297 2881 1337 2919 δε
1360 2895 1394 2919 v.
1418 2882 1527 2920 Trist.
1548 2895 1582 2920 x.
1603 2894 1662 2932 43.

1351 2945 1459 2981 Adde
1479 2944 1569 2995 quod
1589 2945 1755 2996 injustum
1778 2946 1886 2995 rigido
1901 2947 1961 2996 jus
1983 2946 2112 2984 dicitur
2134 2945 2216 2994 ense.

251 3010 338 3047 620.
367 3006 572 3058 Supremis.]
612 3005 743 3044 Codex
775 3005 962 3054 Neapolit.
996 3006 1167 3056 fitppostis.
1195 3007 1245 3044 ita
1301 3005 1427 3045 Sidon.
1450 3020 1493 3044 11.
1516 3008 1583 3056 Ep.
1616 3019 1709 3045 v111.
1731 3007 1852 3057 injuste
1873 3008 1938 3046 tibi
1959 3008 2055 3058 justa
2072 3008 2253 3058 persbluta.
2296 3007 2345 3046 fic

198 3061 334 3097 Avien.
356 3061 441 3097 Fab.
458 3071 514 3105 37.

252 3118 400 3147 Voverat
421 3109 567 3146 attritus
589 3108 766 3159 quondam
784 3116 844 3157 per
859 3106 988 3156 proelia
1011 3106 1107 3143 miles

289 3162 417 3198 Omnia
428 3159 603 3210 suppofitis
623 3159 755 3208 ignibus
778 3171 881 3195 arma
907 3158 1000 3194 dare.
1029 3158 1243 3198 HHNSWS.

199 3210 303 3247 Nihil
324 3224 424 3259 opus.
445 3212 504 3248 lib.
528 3224 616 3248 xxii.
640 3209 722 3259 583.

251 3266 307 3298 At
329 3275 396 3299 non
417 3261 581 3312 impofitos
594 3261 766 3312 supremis
788 3259 920 3311 ignibus
943 3270 1043 3298 artus

1290 3058 1414 3106 secura
1436 3071 1518 3095 cura
1541 3059 1605 3095 inf.
1626 3059 1686 3096 lib.
1708 3070 1786 3096 xiv.
1810 3071 1894 3106 490.
1917 3071 1962 3096 ex
1982 3060 2087 3097 MSS.
2118 3060 2319 3097 Hfimsrus.

1352 3108 1436 3157 632.
1465 3107 1644 3158 Confistcre
1665 3109 1848 3160 corvum.]
1879 3108 2056 3159 Confidere
2081 3110 2346 3159 Neapolitanus

1300 3159 1339 3196 ὅ(
1387 3159 1579 3196 Mediceus
1619 3159 1808 3198 secundus.
1854 3168 1894 3197 ut
1930 3162 2010 3210 jam
2052 3160 2156 3199 libro.
2196 3174 2223 3199 1.
2261 3172 2345 3211 307.

1302 3209 1472 3248 diximus.
1502 3211 1540 3248 ὅ(
1562 3209 1609 3247 sic
1631 3211 1727 3248 forte
1750 3210 1950 3259 legendum
1972 3210 2064 3248 libro
2088 3224 2142 3249 XI.

1351 3266 1425 3303 Nec
1447 3271 1566 3303 tamen
1586 3260 1651 3299 hac
1665 3262 1851 3312 profugum
1873 3260 2035 3313 confidere
2058 3263 2157 3301 Pelea
2176 3272 2271 3300 terra

2256 3318 2347 3352 Fata
