2483 3616
241 183 339 245 630

701 178 760 235 p,
837 145 1251 235 o‘v1n11
1321 172 1860 233 NASONIS

441 310 505 360 75
540 291 696 365 Quid
722 293 839 349 fore
863 306 916 347 te
943 290 1155 353 credaS‚
1191 289 1358 344 solum
1383 290 1476 362 qui
1501 290 1679 345 versus
1703 290 1760 344 in
1787 302 2018 359 anguem

550 370 718 420 Arma
742 367 911 420 aliena
934 364 1150 418 moves?
1191 379 1355 435 quem
1378 361 1551 416 forma
1574 364 1809 434 precaria
1834 360 2000 416 celat?

551 438 801 492 Dixerat:
843 438 899 490 &
924 436 1131 491 summo
1156 434 1451 505 digitorum
1474 434 1686 487 vincula
1711 434 1853 486 collo

546 509 732 580 Injicit.
772 509 1029 581 angebar,
1069 526 1167 562 ceu
1193 519 1407 578 guttura
1430 505 1638 574 forcipe
1663 504 1887 575 pressus:

549 581 945 655 Pollicibusque
969 598 1110 636 meas
1133 577 1433 652 pugnabam
1457 577 1687 630 evellere
1713 575 1907 630 fauces.

446 657 512 709 80
551 654 637 708 Sic
664 672 884 726 quoq-ue
911 652 1124 708 devieto
1153 650 1374 705 restabat
1402 649 1558 703 tertia
1587 648 1723 704 tauri

550 725 748 780 Forma
772 726 966 785 trucis;
1008 740 1162 778 tauro
1189 735 1421 778 mutatus
1445 721 1686 776 membra
1712 719 1930 775 rebeIIO.

547 799 726 853 Induit
752 798 837 852 ille
864 797 991 851 toris
1021 799 1052 850 a
1074 797 1223 850 laeva
1247 808 1395 868 parte
1425 795 1682 857 lacertos;

545 868 959 941 Admiffumque
983 869 1194 923 trahens
1221 868 1482 942 sequitur:
1523 866 1888 940 deprensaque
1916 864 2051 921 dura

550 942 770 996 Cornua
793 941 908 1013 figit
935 941 1132 1005 humo;
1174 959 1370 1014 meque
1395 941 1498 995 alta
1524 939 1708 995 sternit
1734 941 1910 992 arena.

437 1017 464 1070 8
473 1034 501 1084 5
539 1014 658 1070 Nec
682 1013 800 1068 satis
822 1013 880 1068 id
907 1013 1106 1068 fuerat:
1147 1014 1382 1086 rigidum
1407 1013 1517 1068 fera
1541 1013 1763 1068 dextera
1787 1027 1959 1065 cornu

543 1087 695 1142 Dum
721 1099 898 1150 tenet,
931 1086 1148 1158 infregit
1171 1111 1186 1149 ς
1225 1088 1522 1159 truncaque
1548 1087 1577 1140 a
1604 1086 1783 1141 fronte
1807 1083 2034 1138 revellit.

542 1159 746 1216 Naides
768 1160 903 1223 hoe,
941 1160 1114 1230 pomis
1140 1158 1196 1213 &
1226 1160 1402 1214 odoro
1428 1160 1565 1214 flore
1593 1160 1886 1231 repletum,

546 1234 863 1297 Sacrarunts,
904 1231 1164 1306 divesque
1190 1250 1316 1288 meo
1348 1233 1490 1287 bona
1513 1232 1690 1306 Copia
1706 1247 1886 1286 -cornu
1910 1229 2000 1284 est.

260 1438 358 1490 buiffe
389 1435 525 1489 capita,
552 1433 617 1473 alii
645 1446 782 1473 novem.
817 1432 1006 1472 Simonides
1031 1433 1299 1485 quinquaginta.

256 1490 466 1529 Heraclitus
492 1487 537 1525 de
562 1485 836 1524 Incredibilibus
860 1486 904 1523 ab
924 1486 1063 1524 Allatio
1093 1487 1209 1525 editus
1231 1500 1301 1525 nu-

261 1553 408 1579 merum
439 1540 602 1587 capitum
632 1549 711 1574 non
740 1536 932 1585 expressit,
966 1536 1027 1574 sed
1046 1536 1300 1584 πολυκέφαλον

264 1593 370 1635 θηρίον
398 1590 555 1640 hydram
594 1588 761 1636 appellat.
796 1594 837 1624 ut
876 1588 916 1624 ὃς
953 1586 1108 1626 Severus
1137 1588 1301 1638 Sophista

257 1642 526 1680 Alexandrinus
558 1638 602 1676 ab
630 1639 767 1676 eodem
799 1637 916 1675 editus
939 1666 949 1682 ,
985 1639 1050 1687 qui
1073 1641 1301 1677 πλουτοῦσαν

256 1695 339 1736 ταῖς
370 1692 555 1740 κεφαλαῖς
573 1689 677 1729 dixit.
731 1689 906 1737 Virgilius
926 1700 1078 1739 quoque
1103 1690 1164 1729 lib.
1186 1702 1301 1730 V111.

281 1755 344 1781 00.

257 1755 277 1794 3
313 1800 482 1830 Lernaeus
506 1791 614 1830 turba
634 1789 785 1840 capitum
802 1788 1022 1835 circumstitit
1041 1791 1177 1842 anguis.

257 1845 452 1893 Euripides
501 1844 719 1888 μυριόκρανον
769 1843 855 1879 κύνει
892 1841 1022 1886 Λέρνας
1049 1843 1087 1880 in
1124 1842 1301 1881 Hercule.

259 1895 448 1934 Arnobius
474 1894 535 1931 lib.
565 1906 591 1931 1.
636 1890 884 1941 multiplicium
926 1892 1077 1941 capitum
1118 1894 1303 1932 nutricem.

257 1946 418 1984 Martial.
453 1957 506 1982 xx.
537 1944 660 1993 Epigr.
693 1954 773 1989 104.
810 1944 1025 1980 foecundam
1053 1944 1205 1993 hydram
1227 1974 1237 1991 ‚
1263 1952 1304 1982 ut

259 1997 395 2034 Noster
414 1997 487 2033 hoc
505 1995 605 2032 loco.
630 1994 708 2031 libr.
727 2005 780 2031 xv,
799 1995 1050 2042 Anthologiae
1063 1998 1307 2042 πολυκάρηνος

257 2047 341 2095 ’όφις
368 2046 500 2084 dicitur
525 2047 562 2082 ὅς
587 2046 838 2090 πολυάυχενος
866 2043 961 2090 ὕδροι.
1019 2046 1130 2084 Hanc
1153 2059 1198 2085 ex
1221 2047 1307 2096 Ty-

256 2100 384 2148 phone
395 2098 432 2134 &
444 2093 609 2133 Echidna
620 2105 836 2144 prognatam
850 2095 1066 2135 fabulantur.
1093 2097 1153 2135 sed
1174 2109 1307 2148 quem-

258 2147 465 2187 admodum
488 2149 623 2195 poetae
643 2146 681 2183 in
705 2157 864 2183 numero
889 2148 1049 2195 capitum
1069 2147 1208 2197 hydrae
1228 2161 1306 2186 non

259 2199 491 2237 conveniunt
505 2225 515 2242 ‚
544 2197 641 2234 ita&
654 2196 699 2234 de
712 2196 860 2234 Cerberi
876 2197 1051 2246 capitibus
1070 2199 1165 2236 inter
1184 2199 1218 2237 se
1239 2198 1307 2237 dis·

258 2251 447 2288 sentiunt:
486 2248 549 2297 qui
581 2259 792 2297 quanquam
826 2249 956 2297 triceps
986 2249 1100 2298 vulgo
1133 2249 1302 2295 dicatur,

260 2299 429 2338 Hesiodo
457 2307 583 2336 tamen
602 2297 650 2335 est
679 2298 904 2339 πεντήκοντα
933 2299 1089 2344 κάρηνος.
1124 2301 1163 2338 &
1186 2301 1310 2339 Hora-

261 2353 316 2388 tio
345 2351 405 2388 lib.
434 2362 480 2386 11.
511 2349 587 2386 Od.
610 2359 666 2397 13.
697 2347 811 2386 bellua
837 2349 1007 2399 centiceps.
1034 2350 1138 2388 Idem
1164 2350 1224 2388 lib.
1243 2364 1308 2390 111.

264 2401 326 2438 od.
343 2400 544 2437 11.Cerberi
563 2399 730 2448 quamvis
749 2399 881 2448 furiale
905 2410 1042 2439 centum
1056 2402 1230 2439 Muniam
1241 2415 1308 2439 an-

264 2463 343 2499 gues
372 2460 482 2499 caput.
517 2451 723 2487 Hnmsxus.

314 2512 381 2555 ⁵72.
411 2501 552 2536 Gemino
571 2500 750 2550 haerede]
790 2501 940 2540 Gemina
969 2503 1128 2541 Noricus
1154 2503 1246 2542 libel·
1267 2505 1307 2543 &

267 2562 385 2599 prima
412 2551 525 2587 editio
557 2550 690 2588 Aldina
718 2579 729 2595 ‚
767 2561 807 2589 ut
838 2552 884 2590 ad
911 2554 1094 2591 cervicem
1133 2555 1307 2603 respiciat.

269 2601 385 2638 IDEM,
440 2601 581 2637 Eodem
615 2601 733 2638 modo
773 2603 908 2640 Plinius
935 2604 996 2641 lib.
1026 2617 1104 2642 xvr.
1136 2616 1214 2654 cap.
1247 2617 1305 2655 37.

268 2650 445 2686 haeredem
458 2658 565 2686 vocat
585 2650 765 2687 stolonem
781 2664 825 2688 ex
845 2653 948 2691 salice
967 2655 1064 2692 caesa
1085 2656 1305 2705 repullulan-

268 2710 345 2790 {em
363 2727 372 2743 ‚
401 2707 574 2748 caesaeque
611 2698 743 2747 densius
771 2701 952 2740 innumero
974 2704 1117 2743 haerede
1146 2706 1303 2755 prosunt.

304 2761 489 2788 υκΜΑΝΝ.

323 2814 381 2848 74.
415 2799 661 2848 Domitamque
682 2798 840 2848 reduxi]
895 2803 1048 2842 Revinxi
1070 2807 1176 2853 prim.
1198 2807 1310 2845 Palat.

272 2854 479 2891 &bovam
503 2849 620 2897 subegi
646 2858 763 2897 quart.
792 2851 932 2889 Medic.
950 2864 1035 2890 cum
1059 2856 1133 2892 aliis
1154 2869 1308 2894 novem.

271 2905 459 2954 quinque,
482 2901 616 2949 reliqui.
644 2911 759 2944 unus,
787 2899 901 2947 receffi.
922 2903 1064 2940 Arond.
1085 2917 1151 2952 pro
1171 2907 1309 2944 diversa

269 2954 433 2992 lediione
457 2980 466 2995 ,
495 2948 629 2999 repreffi.
670 2950 744 2987 duo
770 2953 865 2994 mei,
887 2953 1150 3003 peremi‚quod
1180 2957 1310 3003 placet.

273 3004 337 3043 nifi
362 3003 462 3052 quod
479 3000 597 3050 peruffi
623 3000 753 3038 censeo
782 3002 1050 3048 reponendum.
1105 3004 1178 3041 Vel
1206 3007 1309 3054 quod

270 3056 443 3105 praestat,
468 3049 619 3101 praeuffi.
649 3050 750 3099 quod
767 3051 923 3088 verbum
947 3053 1176 3091 Columellae
1197 3057 1307 3093 etiam

273 3119 317 3143 ex
341 3105 490 3153 optimis
515 3102 735 3138 membranis
763 3100 990 3140 reddendum
1012 3103 1103 3140 libro
1125 3104 1169 3141 de
1189 3105 1311 3142 Arbo-

273 3158 368 3193 ribus
390 3166 468 3201 cap.
487 3164 539 3190 xx.
568 3158 661 3188 Uvas
675 3179 684 3195 ,
712 3164 800 3202 quae
817 3152 995 3190 meridiem
1020 3165 1084 3190 aut
1104 3154 1310 3193 occidentem

266 3204 491 3255 spatiabitur,
519 3216 561 3238 ne
589 3212 847 3249 praeurantur‚
865 3204 929 3250 suo
949 3202 1016 3253 fibi
1039 3206 1200 3254 pampino
1231 3217 1310 3256 tege.

274 3257 446 3292 &lammis
467 3254 566 3290 enim
593 3253 731 3301 hydrae
755 3254 878 3290 cervix
911 3253 1051 3292 desec'ta
1076 3257 1123 3292 est
1145 3257 1311 3304 domita,

276 3317 320 3342 ne
342 3304 580 3353 repulmlarct.
595 3304 650 3353 cuj
659 3316 694 3343 us
716 3305 765 3343 rei
779 3304 1156 3353 ignorantialibrarios
1169 3309 1314 3356 fefellit,

2146 1294 2370 1356 Dixerat
2385 1316 2400 1355 z

1354 1443 1396 1474 ut
1418 1446 1463 1473 ex
1480 1432 1606 1484 peruxi
1632 1432 1836 1473 conflarent
1858 1430 1995 1472 reduxi.
2022 1428 2215 1480 Euripides
2234 1427 2281 1468 de
2301 1427 2397 1475 Herf

1356 1487 1435 1525 cule
1455 1514 1465 1530 ‚
1485 1488 1522 1523 in
1540 1485 1689 1524 Hercul.
1710 1486 1858 1524 Furent.
1878 1498 1964 1533 420.

1455 1537 1535 1573 Τῑιν
1554 1536 1594 1572 δέ
1611 1536 1833 1582 μυριόκρανον

1463 1586 1672 1635 Πολυφὸνου
1691 1587 1779 1626 κύνει
1798 1588 1939 1634 Λέρνας

1458 1633 1589 1683 Τ”δραν
1612 1638 1832 1686 'egen-§poma

1358 1689 1545 1729 Nicander
1563 1688 1757 1727 Theriacis
1774 1689 1820 1727 de
1834 1687 2004 1738 Iphiclo:

1409 1740 1502 1777 Εὔα-ε
1523 1743 1586 1777 σῦν
1607 1740 1783 1786 Η“ραικλῆι
1808 1734 2300 1786 κακῆψέξεράκτεενῧδρην.

1359 1791 1499 1830 Seneca
1519 1792 1683 1830 imitatus
1707 1791 1869 1829 Hercule
1886 1791 2046 1829 Furente
2056 1787 2146 1826 vers.
2166 1799 2252 1834 241,

1408 1842 1508 1891 Qid
1519 1841 1634 1891 saeva
1656 1849 1785 1879 Lernae
1801 1842 1952 1890 monstra
1966 1870 1977 1887 ‚
2004 1838 2222 1888 numerosum
2242 1835 2380 1876 malurn
2407 1837 2423 1853 ²

1410 1899 1492 1929 Non
1509 1893 1586 1940 igne
1600 1892 1741 1930 demum
1760 1893 1848 1931 vicit
1866 1904 1911 1933 ω’
1932 1891 2049 1929 docuit
2071 1890 2159 1929 mori
2172 1898 2188 1928 ἓ

1362 1944 1532 1983 Avienus
1552 1944 1694 1982 Arateis
1715 1972 1725 1988 ,
1753 1944 1811 1986 ybs.
1839 1943 1921 1991 381.

1743 1994 1887 2031 Lernaei
1904 1992 2051 2042 gurgitis
2070 1991 2222 2041 hydram

1414 2051 1531 2083 Ureret
1553 2045 1692 2083 Alcides
1716 2044 1794 2082 cum
1811 2044 2020 2098 flammiger.

1362 2098 1467 2135 Hinc
1490 2096 1723 2145 intelligenda
1753 2095 1811 2133 illa
1830 2095 1973 2134 Sidonii
1993 2093 2217 2144 Apollinaris
2239 2091 2285 2131 de
2307 2089 2404 2130 Her-
2462 2105 2465 2122 τ

1363 2148 1444 2187 cule
1463 2160 1574 2186 carm.
1594 2159 1704 2185 x11r.
1721 2146 1809 2183 vers.
1825 2159 1858 2194 5.

1415 2203 1461 2235 Et
1479 2211 1686 2248 quanquam
1702 2197 1843 2235 ardenti
1858 2196 1975 2246 gladio
1986 2195 2054 2233 vix
2062 2194 2234 2244 straverit
2243 2192 2403 2244 hydram.
2460 2197 2463 2224 ¹

1361 2250 1411 2289 Et
1429 2249 1532 2288 Statii
1549 2249 1672 2288 Theb.
1698 2261 1728 2287 1.
1751 2248 1833 2298 384.

1617 2299 1777 2337 Herculeo
1791 2297 1931 2349 signata
1951 2306 2076 2348 vapore

1414 2351 1560 2389 Lernaei
1570 2351 1695 2400 stagna
1716 2360 1799 2388 atra
1815 2350 1917 2390 vadi.

1362 2402 1489 2441 Etlib.
1513 2415 1557 2440 11.
1579 2403 1662 2451 376.

1417 2455 1501 2502 Qa
1523 2459 1676 2490 Lernaea
1686 2452 1790 2503 palus
1810 2451 2035 2501 ambustaque
2041 2449 2201 2499 fontibus
2221 2450 2314 2489 ultre

1417 2511 1546 2554 Intepet
1565 2503 1679 2553 hydra
1698 2504 1816 2541 vadis.
1855 2505 1993 2541 Hfims.

1415 2567 1476 2605 75.
1503 2555 1604 2604 {Quid
1615 2556 1694 2602 fhre
1718 2565 1749 2592 te
1770 2554 1914 2603 credis]
1942 2553 2074 2591 Credas
2096 2564 2141 2590 ex
2153 2550 2402 2590 Flor.S.Ma1-·‘
2452 2559 2455 2597 j

1364 2607 1417 2650 ci,
1445 2618 1523 2644 uno
1548 2606 1655 2643 Leid.
1676 2607 1713 2644 &
1741 2606 1954 2644 Graeviano
1971 2633 1982 2651 ‚
2021 2605 2128 2654 prim.
2146 2604 2260 2642 Palat.
2279 2603 2407 2661 Oxon.
2452 2606 2454 2615 '

1363 2657 1439 2695 duo
1462 2656 1677 2698 alii,credes.
1710 2657 1829 2694 IDEM.

1416 2718 1475 2755 75.
1503 2706 1655 2753 Falsum.
1678 2706 1695 2754 ]
1748 2706 1943 2744 Mediceus
1973 2707 2011 2743 ὅτ
2032 2703 2330 2754 Langermanni,
2347 2701 2403 2751 fi-

1365 2756 1464 2801 lum,
1491 2756 1594 2805 quod
1615 2755 1755 2792 redum
1777 2765 1869 2804 puto
1885 2784 1893 2799 ,
1912 2758 1952 2792 &
1974 2756 2116 2803 opponi
2145 2755 2297 2804 Hydrae
2309 2751 2400 2791 mul·
2448 2746 2451 2767 ¹

1364 2816 1488 2845 torum
1512 2806 1697 2854 capitum,
1736 2806 1774 2842 &
1807 2806 1899 2842 natis
1928 2805 1949 2842 ὲ
1977 2805 2089 2843 caede
2109 2805 2276 2843 colubris.
2301 2803 2400 2842 aliter
2446 2831 2449 2854 5

1366 2859 1467 2895 enirn
1491 2856 1543 2894 bis
1558 2855 1654 2893 idem
1684 2855 1846 2900 diceret,
1876 2868 1960 2893 cum
1975 2858 2096 2903 forma
2126 2857 2284 2905 precaria
2310 2853 2402 2892 indi·
2446 2862 2448 2871 ’

1366 2916 1424 2945 cet
1444 2907 1570 2944 falsum
1594 2904 1697 2944 fuiffe
1720 2917 1893 2955 anguem.
1919 2919 1985 2956 pro
2005 2907 2092 2944 celat
2108 2905 2402 2945 MS.Bersm.ve·
2445 2914 2448 2948 g

1365 2958 1429 2994 lat.
1458 2958 1588 2994 Euam.

1418 3019 1478 3053 77.
1503 3012 1549 3042 Et
1571 3009 1710 3055 summo
1735 3006 1922 3056 digitorum
1955 3008 2100 3045 vincula
2125 3005 2203 3044 collo
2233 3001 2357 3051 Injicit.
2379 3001 2397 3052 ]
2444 2985 2445 2990 ¹

1366 3058 1456 3094 Hoc
1484 3057 1532 3094 est
1560 3057 1660 3105 quod
1690 3057 1849 3106 superius
1880 3059 1999 3097 dixit:
2041 3064 2182 3106 Totoque
2207 3066 2259 3101 ego
2274 3055 2401 3102 peelore
2442 3073 2444 3103 3

1361 3116 1511 3156 pronus,
1540 3112 1585 3142 Et
1604 3107 1725 3156 digitos
1746 3108 1863 3158 digitis
1877 3138 1887 3156 ,
1915 3121 1959 3150 cy
1972 3111 2126 3157 frontem
2138 3107 2258 3152 fronte
2269 3110 2410 3153 preme·'
2440 3121 2443 3129 ·

1367 3157 1460 3195 bam.
1488 3159 1657 3195 CIOFAN.

1419 3208 1477 3254 78.
1508 3208 1682 3258 messan]
1711 3211 1800 3248 Duo
1831 3220 1995 3254 veteres,
2013 3208 2163 3257 prensus.
2194 3206 2400 3243 Humerus.
2438 3242 2439 3246 ,

1371 3257 1468 3297 Vide
1488 3259 1532 3296 ad
1555 3272 1610 3295 vx.
1630 3260 1711 3308 556.
1729 3261 1859 3311 forpice
1881 3263 1990 3299 etiam
2008 3260 2177 3296 Vatican.

1422 3322 1480 3360 79.
1508 3309 1769 3361 Pollicibusque.
1791 3312 1808 3362 ]
1857 3310 2109 3363 poplitibusque
2128 3306 2228 3347 Bafil.
2255 3302 2402 3391 congreg

1840 3502 1851 3526 l
