2483 3616
697 162 758 218 P.

197 181 334 218 1020

833 153 1244 216 OVIDII
1317 155 1852 217 NASONIS

472 277 641 341 Sede,
679 276 828 331 novis
853 271 1089 327 habitant
1117 268 1367 348 domibus
1390 272 1686 346 vivuntque
1710 286 1976 350 receptae.

335 354 434 405 160
470 350 583 424 Ipse
607 368 710 421 ego
738 352 882 417 <nam
909 343 1155 411 memini)
1183 342 1410 412 Trojani
1437 355 1682 416 tempore
1707 349 1830 403 belli

473 420 802 481 Panthoides
829 415 1152 489 Euphorbus
1179 431 1326 470 eram
1353 434 1364 468 z
1405 416 1488 470 cui
1516 416 1734 487 peciore
1760 422 2034 493 quondam

479 496 629 551 Sedit
652 495 706 547 in
731 490 953 545 adverso
980 489 1151 562 gravis
1176 488 1315 542 hasta
1343 489 1566 543 minoris
1594 490 1836 546 Atridae.

479 565 730 638 Cognovi
758 565 1036 636 clypeum,
1075 563 1251 616 laevae
1278 560 1563 632 gestamina
1588 562 1824 628 nostrae,

478 641 667 711 Nuper
694 637 956 692 Abanteis
981 635 1186 706 templo
1205 633 1431 704 Junonis
1458 634 1515 688 in
1539 635 1715 707 Argis

340 719 435 782 165
474 713 671 768 Omnia
696 723 1004 765 mutantur:
1046 707 1178 762 nihil
1200 708 1400 762 interit.
1437 721 1606 771 errat,
1645 708 1700 761 δε
1726 708 1867 763 illinc

479 785 612 841 Huc
639 784 811 846 venit,
849 783 972 836 hinc
1000 782 1153 844 illue,
1195 779 1250 833 δε
1278 781 1546 853 quoslibet
1573 794 1801 852 occupat
1829 794 1970 837 artus

474 858 698 931 Spiritus
727 875 736 909 :
781 857 920 929 eque
945 854 1068 908 feris
1094 854 1321 908 humana
1347 855 1402 908 in
1427 871 1659 927 corpora
1688 856 1900 920 transit,

477 931 643 1004 Inque
672 929 805 983 feras
833 928 1010 983 noster
1036 945 1046 980 :
1087 944 1188 981 nec
1214 940 1460 999 tempore
1490 928 1697 999 deperit
1727 928 1850 982 ullo,

462 1003 664 1075 ‘thue
690 1003 842 1057 novis
869 1000 1064 1072 fragilis
1096 1000 1325 1072 signatur
1351 1018 1472 1055 cera
1496 1000 1677 1072 figuris
1695 1040 1708 1064 ,

337 1097 433 1147 170
475 1077 591 1131 Nec
617 1089 796 1130 manet
823 1089 880 1129 ut
908 1075 1110 1137 fuerat,
1148 1091 1250 1128 nec
1275 1073 1471 1128 formas
1497 1073 1666 1128 servat
1693 1074 1936 1140 easdem;

474 1149 580 1204 Sed
608 1161 784 1203 tamen
811 1147 916 1220 ipsa
946 1146 1134 1201 eadem
1162 1147 1237 1201 est
1265 1165 1275 1200 :
1317 1148 1545 1200 animam
1572 1147 1639 1201 fic
1668 1147 1873 1220 semper
1899 1149 2146 1207 eamdem

475 1221 625 1287 Esse,
664 1221 755 1276 sed
778 1221 833 1275 in
857 1221 1022 1276 varias
1050 1219 1227 1275 doceo
1255 1219 1486 1292 migrare
1512 1219 1721 1293 figuras,

180 1438 317 1477 Petitus
332 1467 341 1483 ,
367 1437 428 1477 lib.
447 1450 476 1476 1.
505 1436 660 1475 Observ.
684 1447 718 1484 7.
745 1435 808 1476 ubi
828 1435 988 1486 pluribus
1008 1435 1077 1474 hos
1098 1434 1229 1474 Ovidii

182 1489 302 1527 versus
322 1489 481 1527 illustrat.

235 1550 315 1588 159.
344 1540 460 1589 seda]
490 1546 565 1589 sepe
596 1551 689 1578 unus
721 1539 875 1577 Moreti.
892 1537 996 1587 quod
1018 1550 1085 1586 pro
1104 1537 1231 1588 septo,

181 1599 243 1629 aut
257 1592 407 1629 claustro
427 1591 647 1640 capiendum
661 1589 760 1629 effet.
773 1598 812 1629 ut
824 1592 873 1628 ita
885 1600 1017 1639 corpus
1029 1602 1142 1627 carcer
1153 1590 1230 1628 ani-

180 1652 264 1679 mae
284 1651 449 1681 vocatur.

235 1693 316 1730 160.
346 1695 412 1742 Ipfi?
431 1706 484 1741 ego
506 1691 610 1741 (nam
631 1692 793 1742 memini)
817 1693 963 1738 Trojano
986 1700 1132 1741 tempore
1150 1690 1232 1729 belli

179 1743 391 1780 Panthoides
424 1743 624 1793 Euphorbus
649 1745 786 1795 eram.]
827 1745 887 1782 De
917 1744 1122 1793 Euphorbo
1144 1771 1154 1787 ,
1190 1744 1230 1780 &

180 1794 380 1842 quomodo
407 1795 506 1832 idem
528 1795 736 1834 Patroclum
758 1795 958 1834 vulnerant
972 1822 982 1838 ,
1010 1794 1083 1842 ipse
1103 1802 1228 1832 autem

179 1842 200 1880 ὲ
220 1845 397 1882 Menelao
417 1845 555 1883 occisus
573 1847 705 1893 fuerit,
734 1847 925 1885 Homerus
945 1845 1170 1884 Iliadosxrv.
1189 1846 1229 1883 &

177 1894 352 1944 deinceps
374 1896 494 1934 tradit.
540 1896 601 1933 De
624 1898 758 1948 clypeo
780 1906 904 1936 autem
918 1926 928 1942 ‚
956 1908 1070 1947 quem
1090 1896 1154 1934 hic
1171 1897 1230 1934 O-

176 1945 300 1984 vidius
329 1945 437 1994 Argis
469 1947 507 1984 in
538 1949 681 1996 templo
709 1949 866 1996 Junonis
897 1947 1103 1997 suspensum
1134 1949 1171 1985 &
1208 1946 1229 1985 a

176 1996 388 2046 Pythagora
419 1998 584 2045 agnitum
614 1999 726 2043 dicit,
758 2000 927 2037 Laertius
946 2001 983 2036 in
1004 2000 1078 2037 vita
1098 2000 1232 2048 Pytha-

180 2058 295 2095 gorae
334 2048 408 2084 hoc
441 2047 589 2085 modo:
631 2050 734 2086 Ε’πεῖ
765 2048 796 2084 δ’
827 2049 1000 2095 Εὔφορβος
1032 2051 1198 2086 ἀποθάνοι
1219 2078 1230 2094 ,

176 2097 378 2142 μεταβῆναι
430 2101 494 2139 τῆν
541 2096 662 2143 ψυχὴν
710 2098 825 2136 ἄντοῦ
879 2099 931 2142 εἷς
977 2098 1192 2145 Ε”ρμότιμσν
1216 2127 1227 2145 ,

174 2147 211 2191 ’ὃς
242 2151 304 2185 καὶ
333 2149 448 2191 ἀντ-ὃς
475 2150 579 2189 nimo
609 2149 728 2186 δοῦναι
758 2150 864 2186 Θέλων
886 2177 896 2193 ,
947 2150 1146 2190 ἐπανῆλθεν
1177 2149 1228 2194 εἷς

175 2199 384 2245 Βραγχῖδκς
397 2228 407 2244 ,
435 2202 496 2237 καὶ
508 2198 669 2238 εἰσελθὼν
686 2199 735 2242 εἷς
748 2200 792 2237 τὸ
804 2201 867 2236 τοῦ
885 2200 1111 2242 Α’πόλλωνος
1124 2201 1227 2245 ἱερὸν,

178 2249 362 2299 ἐπέδειξεν
397 2251 434 2291 ἓν
460 2252 642 2293 Μενέλαος
671 2251 836 2292 ἀνέθηκεν
863 2250 1013 2289 umisa.
1049 2251 1120 2298 ἔφη
1156 2254 1227 2298 γὰρ

176 2302 290 2340 aurbu
312 2332 323 2348 ,
358 2297 413 2340 ὅτ’
443 2303 681 2339 ἀπέπλευσεν
710 2304 751 2339 ἐκ
774 2303 928 2347 Τροίας,
967 2300 1148 2339 οἰνκὸεῖναι
1179 2304 1228 2349 τῷ

174 2355 387 2391 Α’πόλλωνι
409 2357 471 2395 τῆν
488 2350 630 2391 alwisa
643 2381 653 2398 ,
682 2355 934 2394 διασεσηπυῖαν
952 2353 1036 2399 ἤδη,
1064 2356 1164 2398 μόνον
1183 2353 1224 2389 δὲ

173 2403 347 2447 διαμένειν
366 2407 406 2443 τὸ
427 2405 664 2452 ἐλεφάντινον
679 2407 872 2449 πρόσωπον,
910 2405 981 2443 Sed
998 2406 1091 2443 haec
1110 2404 1158 2443 eo
1180 2405 1224 2442 ab

177 2455 372 2494 Ovidianis
403 2456 579 2495 differunt
601 2485 611 2501 ,
651 2456 756 2506 quod
789 2457 985 2506 clypeum.
1021 2468 1134 2505 quem
1164 2455 1224 2493 ille

175 2508 283 2555 Argis
305 2507 469 2554 Junoni,
497 2509 557 2546 hic
579 2508 676 2556 apud
700 2507 918 2546 Branchidas
937 2508 973 2545 in
996 2507 1082 2544 Asia
1103 2507 1223 2556 Didy-

176 2566 286 2594 maeo
316 2558 482 2606 Apollini
514 2558 718 2607 suspensum
750 2559 848 2597 dicit.
886 2560 1063 2596 chvu.
1102 2559 1224 2607 Hujus

175 2608 228 2643 rei
256 2611 426 2646 meminit
454 2609 685 2648 Philostratus
704 2612 740 2648 in
762 2610 837 2647 vita
858 2609 1053 2658 Apollonii
1074 2609 1132 2646 lib.
1153 2621 1224 2646 ux.

177 2658 215 2694 ὅ(
237 2656 377 2706 Tyrius
407 2660 508 2696 Max.
531 2661 729 2699 Contione
750 2673 873 2699 xxxix.
904 2672 981 2710 quo
1008 2660 1095 2697 loco
1115 2661 1226 2697 refert

174 2719 287 2755 quare
308 2709 355 2745 ita
377 2709 622 2750 existimatum
644 2711 697 2750 fit.
728 2713 902 2762 Hyginus
914 2713 1026 2749 etiarn
1040 2722 1223 2760 cap.cx11.

178 2758 349 2797 C10FAN.

231 2811 314 2848 160.
343 2817 439 2848 Nam
463 2813 645 2864 memini]
673 2816 766 2861 Jam
786 2817 958 2854 Vatican.

231 2863 311 2899 162.
341 2861 455 2909 Haefit
480 2863 519 2899 in
544 2863 726 2912 adversm]
765 2866 856 2902 Sedit
889 2874 993 2902 vetus
1012 2865 1103 2902 liber
1124 2864 1223 2902 Poli-

174 2913 275 2950 tiani.
304 2912 500 2962 eleganter.
531 2914 664 2951 Noster
684 2915 777 2953 Met.
798 2929 861 2952 111.
881 2915 943 2953 88.

404 2963 611 3013 plagamque
622 2963 738 3010 sedere

226 3014 384 3051 Cedendo
404 3013 544 3051 arcebat
558 3043 568 3060 ‚
597 3027 655 3051 nec
679 3013 809 3063 longius
828 3015 876 3052 ire
888 3014 1038 3065 finebat.

177 3064 283 3103 Silius
303 3065 396 3104 libro
419 3077 514 3102 xvir.
535 3077 617 3111 440.

352 3115 450 3164 hasta
472 3114 596 3152 volans
617 3115 686 3152 imo
696 3115 763 3164 sub
779 3126 922 3166 gutture
928 3115 1033 3165 sedit.

174 3164 302 3203 Florus
331 3167 390 3204 lib.
412 3179 464 3205 xv.
485 3178 563 3215 cap.
587 3179 641 3204 11.
670 3169 748 3214 §Quo
776 3177 920 3216 tempore
945 3167 1072 3216 egregia
1103 3165 1221 3203 virtus

175 3221 321 3253 scaevae
340 3217 546 3254 centurionis
565 3218 725 3261 emicuit,
755 3219 849 3267 cujus
866 3218 904 3253 in
912 3221 1010 3266 scuto
1024 3229 1160 3255 centum
1173 3229 1216 3258 cv·

172 3268 405 3316 quadraginta
429 3269 497 3306 tela
517 3268 642 3318 sedere.
670 3269 769 3307 idem
805 3269 908 3307 Silius
941 3272 1067 3308 denuo
1099 3270 1158 3308 lib.
1185 3283 1217 3309 1.

171 3327 256 3364 539·

1338 1436 1458 1475 Ultrix
1473 1435 1592 1487 injusti
1610 1435 1774 1475 vibravit
1795 1437 1915 1476 lancea
1935 1437 2035 1483 belli,

1286 1492 1387 1577 l*bEt
1396 1489 1530 1536 femore
1548 1488 1693 1539 advorſs»
1716 1489 1847 1527 librata
1866 1489 1996 1540 cuspide
2007 1487 2112 1539 sedit.

1301 1552 1311 1577 i
1339 1552 1380 1578 ro
1404 1552 1446 1578 1v
1507 1554 1520 1578 1
1581 1570 1588 1578 .

1339 1591 1449 1639 Hasta
1463 1552 1691 1639 ’virZSJz-emore
1711 1603 1754 1633 cy·
1770 1591 1903 1643 pariter
1919 1599 1978 1642 per
1999 1589 2130 1629 anhela
2151 1589 2308 1628 volantis

1341 1642 1408 1679 Ilia
1419 1643 1513 1691 sedit
1532 1642 1623 1693 equi.

1286 1692 1380 1732 libro
1400 1706 1446 1739 v,
1477 1694 1559 1743 346.

1338 1751 1439 1782 Num
1460 1745 1564 1782 lateri
1582 1746 1687 1796 cuspis
1699 1775 1709 1791 ,
1738 1759 1824 1784 num
1847 1754 1916 1783 toto
1933 1753 2061 1794 corpore
2077 1743 2187 1782 telum

1339 1795 1474 1845 Sediſjet
1488 1825 1498 1841 ‚
1519 1798 1739 1848 fremuitque
1760 1810 1878 1835 amens
1893 1796 2067 1847 fhciosque
2087 1794 2241 1845 rogabat.

1284 1847 1379 1885 libro
1399 1859 1465 1892 VI,
1494 1860 1514 1884 2
1572 1877 1580 1886 .

1339 1898 1501 1949 Jamque
1515 1859 1599 1936 Zl3vo
1617 1900 1752 1950 penitus
1775 1899 1929 1948 demersa
1947 1896 2131 1949 phalarica
2141 1895 2246 1945 sedit.

1286 1949 1380 1988 libro
1404 1962 1486 1995 vn,
1514 1950 1599 1988 606.

1339 2002 1542 2038 Dexteriore
1556 2015 1645 2050 gena
1659 2001 1752 2050 sedit
1773 1999 1828 2037 cui
1843 1997 1979 2045 lethifer
1997 1998 2096 2035 ι’ἑῖας.

1281 2050 1376 2089 libro
1398 2063 1508 2096 xvii,
1542 2063 1623 2100 134.

1334 2101 1457 2139 Prima
1477 2101 1516 2139 in
1538 2101 1720 2152 cornipedis
1733 2100 1826 2150 sedit
1838 2098 2056 2152 spirantibus
2075 2099 2188 2148 ignem

1336 2151 1493 2189 Naribus
1513 2151 1612 2200 hasta
1633 2152 1768 2189 volans.

1285 2202 1429 2240 Lucan.
1448 2202 1511 2240 lib.
1534 2215 1560 2239 1.
1584 2214 1641 2252 32.

1337 2252 1430 2288 Alta
1442 2253 1565 2301 fidem
1584 2253 1705 2290 civilia
1729 2252 1880 2290 vulnera
1901 2254 2039 2291 dextra.

1287 2302 1413 2342 Sidon.
1432 2304 1568 2353 Paneg.
1592 2305 1710 2342 Aviti:

1624 2355 1826 2406 luxumque
1844 2354 1882 2392 in
1895 2354 2040 2392 vulnere
2050 2354 2154 2404 sedit.

1278 2405 1425 2455 vulgata
1448 2413 1575 2444 tamen
1599 2405 1770 2455 scriptura
1802 2418 1880 2445 non
1901 2406 1949 2444 est
1968 2415 2110 2444 temere
2133 2404 2330 2445 sollicitan-

1280 2457 1335 2495 da.
1365 2457 1512 2495 Hans.

1336 2508 1417 2555 164.
1444 2507 1622 2546 Abanteis
1643 2508 1787 2559 Argis]
1829 2509 1949 2558 Argos
1971 2508 2158 2547 clariffima
2179 2508 2261 2547 urbs
2281 2509 2331 2547 est

1280 2559 1528 2608 Peloponnesi
1542 2587 1552 2604 ,
1574 2560 1618 2602 ,in
1648 2571 1720 2609 qua
1744 2561 1840 2598 Abas
1861 2560 2050 2609 regnavit,
2079 2560 2178 2599 unde
2200 2559 2328 2597 Aban-

1280 2611 1328 2647 tei
1360 2611 1452 2660 Argi
1482 2609 1663 2648 dicuntur.
1711 2610 1880 2649 Tametfi
1908 2610 1952 2648 ab
1982 2611 2058 2649 aliis
2081 2611 2220 2661 legatur
2239 2609 2330 2658 agris

1279 2661 1476 2705 Abanteis,
1506 2670 1788 2711 exponaturque
1810 2663 1997 2700 Euboicis.
2045 2661 2205 2699 Abantes
2227 2661 2326 2697 enim

1279 2713 1408 2761 populi
1428 2711 1603 2751 Euboeae
1625 2713 1784 2750 fuerunt.
1815 2714 1983 2750 Remus.
2012 2712 2053 2749 In
2075 2711 2180 2759 Argis
2202 2722 2330 2759 regna-

1280 2766 1334 2801 vit
1354 2764 1473 2805 Abas,
1502 2762 1601 2800 unde
1620 2762 1751 2811 Argivi
1768 2762 1923 2800 Abantei
1935 2763 2115 2798 dicuntur.
2142 2761 2233 2798 haec
2253 2763 2328 2799 Ra-

1279 2815 1388 2863 phae‘l
1416 2812 1669 2852 verifimiliter.
1696 2825 1782 2851 nam
1816 2811 1972 2850 Acrifius
1999 2810 2220 2848 Abantiades
2239 2812 2329 2850 dici-

1279 2874 1338 2902 tur
1355 2865 1449 2903 libro
1469 2873 1612 2913 quarto.
1641 2864 1689 2900 Et
1709 2863 1852 2900 Perseus
1876 2863 1912 2899 in
1927 2860 2045 2899 fabula
2059 2862 2327 2901 Andromedae

1280 2915 1368 2952 alter
1391 2915 1482 2952 filius
1497 2943 1506 2957 ,
1536 2915 1625 2951 alter
1642 2925 1757 2961 nepos
1778 2912 1944 2949 Abantis.
1959 2923 2043 2949 nam
2058 2912 2158 2961 quod
2174 2914 2324 2962 quidam

1279 2965 1324 3002 ad
1356 2966 1452 3002 Abas
1480 2965 1676 3006 referunt,
1724 2963 1901 3012 oppidum
1930 2962 1969 2998 in
2000 2963 2186 3011 Phocide,
2225 2965 2327 3013 cujus

1280 3016 1387 3053 multi
1420 3015 1546 3052 eximii
1578 3014 1783 3051 meminere
1814 3012 1980 3050 auctores
1999 3040 2009 3057 ‚
2050 3025 2126 3051 non
2152 3013 2263 3052 video
2286 3023 2326 3053 ut

1278 3066 1457 3113 quadret,
1485 3077 1569 3102 cum
1603 3076 1732 3102 omnes
1752 3064 1788 3101 id
1808 3063 1991 3112 Apollinis
2012 3064 2164 3102 oraculo
2187 3065 2325 3104 clarum

1278 3116 1432 3160 dicant,
1481 3117 1540 3153 hic
1572 3124 1694 3152 autem
1735 3114 1893 3160 Junonis
1919 3113 1957 3151 in
1986 3115 2079 3164 agris
2108 3117 2325 3164 neutiquam

1274 3166 1405 3215 legam.
1454 3167 1663 3204 GLAREAN.
1700 3166 1887 3203 Pausanias
1923 3165 2191 3210 Corinthiacis,
2217 3168 2327 3205 stadia

1273 3218 1486 3266 quindecim
1517 3217 1634 3255 abesse
1658 3217 1827 3266 Mycenis
1847 3216 1922 3253 hoc
1939 3217 2098 3264 Junonis
2121 3218 2248 3255 fanum
2272 3219 2326 3255 af-

1270 3268 1391 3306 firmat
1412 3296 1421 3312 ,
1460 3268 1561 3315 cujus
1598 3268 1694 3306 inter
1734 3266 1800 3304 alia
1833 3267 1984 3305 donaria
2012 3267 2121 3305 etiam
2140 3268 2324 3320 *clypeum

1268 3320 1369 3360 hunc
1395 3319 1570 3359 recenset.
1605 3313 1669 3359 E’v
1702 3316 1805 3367 δεξιᾷ
1825 3317 1866 3356 δὲ
1889 3320 1996 3359 κλίνη
2021 3320 2085 3363 τῆς
2107 3320 2236 3365 Ηρας,
2255 3320 2328 3377 ,καὶ

2236 3384 2328 3407 acuu-
