<?xml version="1.0" encoding="UTF-8"?>
<!DOCTYPE html PUBLIC "-//W3C//DTD XHTML 1.0 Transitional//EN"
    "http://www.w3.org/TR/xhtml1/DTD/xhtml1-transitional.dtd">
<html xmlns="http://www.w3.org/1999/xhtml" xml:lang="en" lang="en">
 <head>
  <title>
</title>
<meta http-equiv="Content-Type" content="text/html;charset=utf-8" />
  <meta name='ocr-system' content='tesseract 3.04.00' />
  <meta name='ocr-capabilities' content='ocr_page ocr_carea ocr_par ocr_line ocrx_word'/>
</head>
<body>
  <div class='ocr_page' id='page_1' title='image "./publiiovidiinaso02ovid_0580.png"; bbox 0 0 2483 3616; ppageno 0'>
   <div class='ocr_carea' id='block_1_1' title="bbox 240 187 335 240">
    <p class='ocr_par' dir='ltr' id='par_1_1' title="bbox 240 187 335 240">
     <span class='ocr_line' id='line_1_1' title="bbox 240 187 335 240; baseline -0.021 0"><span class='ocrx_word' id='word_1_1' title='bbox 240 187 335 240; x_wconf 84' lang='lat'><em>570</em></span> 
     </span>
    </p>
   </div>
   <div class='ocr_carea' id='block_1_2' title="bbox 692 146 1848 216">
    <p class='ocr_par' dir='ltr' id='par_1_2' title="bbox 692 146 1848 216">
     <span class='ocr_line' id='line_1_2' title="bbox 692 146 1848 216; baseline -0.011 0"><span class='ocrx_word' id='word_1_2' title='bbox 692 159 752 216; x_wconf 90' lang='lat' dir='ltr'><em>P.</em></span> <span class='ocrx_word' id='word_1_3' title='bbox 824 148 1238 214; x_wconf 91' lang='lat' dir='ltr'>OVIDII</span> <span class='ocrx_word' id='word_1_4' title='bbox 1311 146 1848 205; x_wconf 89' lang='lat' dir='ltr'><strong>NASONIS</strong></span> 
     </span>
    </p>
   </div>
   <div class='ocr_carea' id='block_1_3' title="bbox 238 261 2373 408">
    <p class='ocr_par' dir='ltr' id='par_1_3' title="bbox 238 261 2373 408">
     <span class='ocr_line' id='line_1_3' title="bbox 240 261 2373 344; baseline -0.008 -13"><span class='ocrx_word' id='word_1_5' title='bbox 240 293 395 344; x_wconf 79' lang='lat' dir='ltr'><em>ereptas</em></span> <span class='ocrx_word' id='word_1_6' title='bbox 419 295 511 326; x_wconf 85' lang='lat' dir='ltr'><em>cum</em></span> <span class='ocrx_word' id='word_1_7' title='bbox 535 280 712 324; x_wconf 78' lang='lat' dir='ltr'><em>interitu</em></span> <span class='ocrx_word' id='word_1_8' title='bbox 739 275 1022 338; x_wconf 79' lang='lat' dir='ltr'><em>rependerunt.</em></span> <span class='ocrx_word' id='word_1_9' title='bbox 1085 267 1095 295; x_wconf 66' lang='grc' dir='ltr'><strong>ῑ</strong></span> <span class='ocrx_word' id='word_1_10' title='bbox 1129 268 1201 312; x_wconf 93' lang='lat' dir='ltr'><em>At</em></span> <span class='ocrx_word' id='word_1_11' title='bbox 1226 264 1419 313; x_wconf 79' lang='lat' dir='ltr'><em>Althaea</em></span> <span class='ocrx_word' id='word_1_12' title='bbox 1449 274 1589 313; x_wconf 87' lang='lat' dir='ltr'><em>mater</em></span> <span class='ocrx_word' id='word_1_13' title='bbox 1624 265 1838 328; x_wconf 80' lang='lat' dir='ltr'><em>Meleagri</em></span> <span class='ocrx_word' id='word_1_14' title='bbox 1863 294 1882 338; x_wconf 88' lang='lat'><em>.’</em></span> <span class='ocrx_word' id='word_1_15' title='bbox 1923 270 1971 310; x_wconf 86' lang='lat' dir='ltr'><em>ut</em></span> <span class='ocrx_word' id='word_1_16' title='bbox 1992 261 2192 337; x_wconf 80' lang='lat' dir='ltr'><em>fratrum</em></span> <span class='ocrx_word' id='word_1_17' title='bbox 2214 265 2373 315; x_wconf 83' lang='lat' dir='ltr'><em>caedem</em></span> 
     </span>
     <span class='ocr_line' id='line_1_4' title="bbox 238 328 2373 408; baseline -0.005 -20"><span class='ocrx_word' id='word_1_18' title='bbox 238 350 420 408; x_wconf 69' lang='lat' dir='ltr'><em>accepit,</em></span> <span class='ocrx_word' id='word_1_19' title='bbox 456 345 644 406; x_wconf 83' lang='lat' dir='ltr'><em>stipitem</em></span> <span class='ocrx_word' id='word_1_20' title='bbox 657 342 843 404; x_wconf 84' lang='lat' dir='ltr'><em>fatalem</em></span> <span class='ocrx_word' id='word_1_21' title='bbox 867 339 1072 386; x_wconf 75' lang='lat' dir='ltr'><em>conditum</em></span> <span class='ocrx_word' id='word_1_22' title='bbox 1099 334 1125 379; x_wconf 78' lang='grc' dir='ltr'><em>ιὶ</em></span> <span class='ocrx_word' id='word_1_23' title='bbox 1151 332 1335 390; x_wconf 80' lang='lat' dir='ltr'><em>Parcis,</em></span> <span class='ocrx_word' id='word_1_24' title='bbox 1369 333 1414 376; x_wconf 86' lang='lat' dir='ltr'><em>in</em></span> <span class='ocrx_word' id='word_1_25' title='bbox 1437 345 1514 391; x_wconf 85' lang='lat' dir='ltr'><em>quo</em></span> <span class='ocrx_word' id='word_1_26' title='bbox 1537 333 1635 376; x_wconf 86' lang='lat' dir='ltr'><em>vita</em></span> <span class='ocrx_word' id='word_1_27' title='bbox 1658 330 1870 390; x_wconf 71' lang='lat' dir='ltr'><em>Meleagri</em></span> <span class='ocrx_word' id='word_1_28' title='bbox 1891 328 2179 375; x_wconf 72' lang='lat' dir='ltr'><em>contenebatur</em></span> <span class='ocrx_word' id='word_1_29' title='bbox 2200 363 2217 389; x_wconf 78' lang='lat'>‚</span> <span class='ocrx_word' id='word_1_30' title='bbox 2239 331 2373 390; x_wconf 88' lang='lat' dir='ltr'><em>flam-</em></span> 
     </span>
    </p>
   </div>
   <div class='ocr_carea' id='block_1_4' title="bbox 229 392 2376 534">
    <p class='ocr_par' dir='ltr' id='par_1_4' title="bbox 229 392 2376 534">
     <span class='ocr_line' id='line_1_5' title="bbox 240 392 2376 472; baseline -0.005 -18"><span class='ocrx_word' id='word_1_31' title='bbox 240 411 507 472; x_wconf 75' lang='lat' dir='ltr'><em>maperuffit.</em></span> <span class='ocrx_word' id='word_1_32' title='bbox 579 408 678 471; x_wconf 61' lang='lat' dir='ltr'><em>Quo</em></span> <span class='ocrx_word' id='word_1_33' title='bbox 701 405 958 467; x_wconf 82' lang='lat' dir='ltr'><em>consumpto,</em></span> <span class='ocrx_word' id='word_1_34' title='bbox 995 400 1211 459; x_wconf 83' lang='lat' dir='ltr'><em>Meleager</em></span> <span class='ocrx_word' id='word_1_35' title='bbox 1243 397 1452 443; x_wconf 69' lang='lat' dir='ltr'><em>extinl‘lus</em></span> <span class='ocrx_word' id='word_1_36' title='bbox 1477 393 1562 454; x_wconf 81' lang='lat' dir='ltr'><em>est:</em></span> <span class='ocrx_word' id='word_1_37' title='bbox 1604 393 1619 419; x_wconf 76' lang='lat'><em>¹¹</em></span> <span class='ocrx_word' id='word_1_38' title='bbox 1650 394 1766 454; x_wconf 87' lang='lat' dir='ltr'><em>cujus</em></span> <span class='ocrx_word' id='word_1_39' title='bbox 1798 396 1978 439; x_wconf 85' lang='lat' dir='ltr'><em>interitu</em></span> <span class='ocrx_word' id='word_1_40' title='bbox 2007 392 2162 452; x_wconf 77' lang='lat' dir='ltr'><em>sorores</em></span> <span class='ocrx_word' id='word_1_41' title='bbox 2187 429 2202 454; x_wconf 82' lang='lat'>‚</span> <span class='ocrx_word' id='word_1_42' title='bbox 2240 393 2376 444; x_wconf 81' lang='lat' dir='ltr'><em>&#39;inter</em></span> 
     </span>
     <span class='ocr_line' id='line_1_6' title="bbox 229 458 2103 534; baseline -0.005 -22"><span class='ocrx_word' id='word_1_43' title='bbox 229 463 387 534; x_wconf 47' lang='lat' dir='ltr'><em>fficium</em></span> <span class='ocrx_word' id='word_1_44' title='bbox 411 473 628 534; x_wconf 52' lang='lat' dir='ltr'><em>com-&amp;sae</em></span> <span class='ocrx_word' id='word_1_45' title='bbox 651 475 696 517; x_wconf 79' lang='lat' dir='ltr'><em>in</em></span> <span class='ocrx_word' id='word_1_46' title='bbox 721 473 934 527; x_wconf 81' lang='lat' dir='ltr'><em>volucres,</em></span> <span class='ocrx_word' id='word_1_47' title='bbox 969 467 989 512; x_wconf 78' lang='grc' dir='ltr'><em>ὲ</em></span> <span class='ocrx_word' id='word_1_48' title='bbox 999 464 1165 527; x_wconf 84' lang='lat' dir='ltr'><em>fratris</em></span> <span class='ocrx_word' id='word_1_49' title='bbox 1189 463 1349 507; x_wconf 86' lang='lat' dir='ltr'><em>nomine</em></span> <span class='ocrx_word' id='word_1_50' title='bbox 1384 465 1411 485; x_wconf 86' lang='lat'><em>¹¹¹</em></span> <span class='ocrx_word' id='word_1_51' title='bbox 1434 458 1721 522; x_wconf 77' lang='lat' dir='ltr'><em>Meleagrides</em></span> <span class='ocrx_word' id='word_1_52' title='bbox 1746 460 2103 520; x_wconf 79' lang='lat' dir='ltr'><em>cognominantur.</em></span> 
     </span>
    </p>
   </div>
   <div class='ocr_carea' id='block_1_5' title="bbox 390 593 2041 786">
    <p class='ocr_par' dir='ltr' id='par_1_5' title="bbox 390 593 2041 786">
     <span class='ocr_line' id='line_1_7' title="bbox 390 593 2010 680; baseline -0.013 -15"><span class='ocrx_word' id='word_1_53' title='bbox 390 615 492 664; x_wconf 86' lang='lat'><em>260</em></span> <span class='ocrx_word' id='word_1_54' title='bbox 607 610 820 680; x_wconf 86' lang='lat' dir='ltr'><em>Amque</em></span> <span class='ocrx_word' id='word_1_55' title='bbox 843 605 1118 677; x_wconf 84' lang='lat' dir='ltr'><em>fatigatum</em></span> <span class='ocrx_word' id='word_1_56' title='bbox 1147 597 1299 679; x_wconf 79' lang='lat' dir='ltr'><em>tellus</em></span> <span class='ocrx_word' id='word_1_57' title='bbox 1326 596 1567 676; x_wconf 81' lang='lat' dir='ltr'><em>Aetnaea</em></span> <span class='ocrx_word' id='word_1_58' title='bbox 1592 593 1809 648; x_wconf 88' lang='lat' dir='ltr'><em>tenebat</em></span> <span class='ocrx_word' id='word_1_59' title='bbox 2001 666 2010 675; x_wconf 39' lang='lat'><strong>·</strong></span> 
     </span>
     <span class='ocr_line' id='line_1_8' title="bbox 536 616 2041 786; baseline -0.01 -49"><span class='ocrx_word' id='word_1_60' title='bbox 536 616 910 786; x_wconf 79' lang='lat' dir='ltr'><em>JDaedalon:</em></span> <span class='ocrx_word' id='word_1_61' title='bbox 953 678 1006 729; x_wconf 82' lang='lat'>&amp;</span> <span class='ocrx_word' id='word_1_62' title='bbox 1033 675 1211 729; x_wconf 74' lang='lat' dir='ltr'><em>sumus</em></span> <span class='ocrx_word' id='word_1_63' title='bbox 1238 686 1339 741; x_wconf 88' lang='lat' dir='ltr'><em>pro</em></span> <span class='ocrx_word' id='word_1_64' title='bbox 1365 668 1599 741; x_wconf 80' lang='lat' dir='ltr'><em>supplice</em></span> <span class='ocrx_word' id='word_1_65' title='bbox 1629 666 1860 721; x_wconf 85' lang='lat' dir='ltr'><em>Cocalus</em></span> <span class='ocrx_word' id='word_1_66' title='bbox 1884 684 2041 722; x_wconf 81' lang='lat' dir='ltr'><em>armis</em></span> 
     </span>
    </p>
   </div>
   <div class='ocr_carea' id='block_1_6' title="bbox 394 739 2096 1257">
    <p class='ocr_par' dir='ltr' id='par_1_6' title="bbox 394 739 2096 1257">
     <span class='ocr_line' id='line_1_9' title="bbox 609 739 1867 814; baseline -0.013 -5"><span class='ocrx_word' id='word_1_67' title='bbox 609 754 759 809; x_wconf 80' lang='lat' dir='ltr'><em>Mitis</em></span> <span class='ocrx_word' id='word_1_68' title='bbox 789 749 1091 806; x_wconf 73' lang='lat' dir='ltr'><em>habebatur.</em></span> <span class='ocrx_word' id='word_1_69' title='bbox 1125 744 1231 814; x_wconf 88' lang='lat' dir='ltr'><em>jam</em></span> <span class='ocrx_word' id='word_1_70' title='bbox 1256 739 1594 797; x_wconf 76' lang='lat' dir='ltr'><em>lamentabile</em></span> <span class='ocrx_word' id='word_1_71' title='bbox 1620 740 1867 794; x_wconf 80' lang='lat' dir='ltr'><em>Athenae</em></span> 
     </span>
     <span class='ocr_line' id='line_1_10' title="bbox 532 812 1791 883; baseline -0.012 -1"><span class='ocrx_word' id='word_1_72' title='bbox 532 826 775 883; x_wconf 80' lang='lat' dir='ltr'><em>Pendere</em></span> <span class='ocrx_word' id='word_1_73' title='bbox 804 823 1059 877; x_wconf 78' lang='lat' dir='ltr'><em>desierant</em></span> <span class='ocrx_word' id='word_1_74' title='bbox 1086 816 1299 871; x_wconf 71' lang='lat' dir='ltr'><em>Thesea</em></span> <span class='ocrx_word' id='word_1_75' title='bbox 1327 814 1483 869; x_wconf 89' lang='lat' dir='ltr'><em>laude</em></span> <span class='ocrx_word' id='word_1_76' title='bbox 1513 812 1791 868; x_wconf 88' lang='lat' dir='ltr'><em>tributum.</em></span> 
     </span>
     <span class='ocr_line' id='line_1_11' title="bbox 533 885 1959 968; baseline -0.011 -14"><span class='ocrx_word' id='word_1_77' title='bbox 533 899 761 968; x_wconf 84' lang='lat' dir='ltr'><em>Templa</em></span> <span class='ocrx_word' id='word_1_78' title='bbox 789 905 1147 950; x_wconf 84' lang='lat' dir='ltr'><em>coronantur:</em></span> <span class='ocrx_word' id='word_1_79' title='bbox 1188 888 1625 959; x_wconf 87' lang='lat' dir='ltr'><em>bellatricemque</em></span> <span class='ocrx_word' id='word_1_80' title='bbox 1651 885 1959 941; x_wconf 85' lang='lat' dir='ltr'><em>Minervam</em></span> 
     </span>
     <span class='ocr_line' id='line_1_12' title="bbox 394 958 2096 1040; baseline -0.008 -13"><span class='ocrx_word' id='word_1_81' title='bbox 394 978 493 1040; x_wconf 82' lang='lat'><em>265</em></span> <span class='ocrx_word' id='word_1_82' title='bbox 534 973 675 1026; x_wconf 85' lang='lat' dir='ltr'><em>Cum</em></span> <span class='ocrx_word' id='word_1_83' title='bbox 694 969 828 1039; x_wconf 85' lang='lat' dir='ltr'><em>Jove</em></span> <span class='ocrx_word' id='word_1_84' title='bbox 854 967 1063 1039; x_wconf 75' lang='lat' dir='ltr'><em>D&#39;isque</em></span> <span class='ocrx_word' id='word_1_85' title='bbox 1091 974 1284 1017; x_wconf 73' lang='lat' dir='ltr'><em>vocant</em></span> <span class='ocrx_word' id='word_1_86' title='bbox 1312 961 1447 1016; x_wconf 85' lang='lat' dir='ltr'><em>aliis:</em></span> <span class='ocrx_word' id='word_1_87' title='bbox 1492 977 1628 1033; x_wconf 81' lang='lat' dir='ltr'><em>quos</em></span> <span class='ocrx_word' id='word_1_88' title='bbox 1656 958 1907 1030; x_wconf 86' lang='lat' dir='ltr'><em>sanguine</em></span> <span class='ocrx_word' id='word_1_89' title='bbox 1932 970 2096 1023; x_wconf 85' lang='lat' dir='ltr'><em>Vot0,</em></span> 
     </span>
     <span class='ocr_line' id='line_1_13' title="bbox 531 1033 1890 1113; baseline -0.011 -14"><span class='ocrx_word' id='word_1_90' title='bbox 531 1040 959 1113; x_wconf 81' lang='lat' dir='ltr'><em>Muneribusque</em></span> <span class='ocrx_word' id='word_1_91' title='bbox 988 1036 1121 1091; x_wconf 84' lang='lat' dir='ltr'><em>datis</em></span> <span class='ocrx_word' id='word_1_92' title='bbox 1140 1075 1155 1099; x_wconf 91' lang='lat'><em>,</em></span> <span class='ocrx_word' id='word_1_93' title='bbox 1194 1034 1249 1088; x_wconf 69' lang='grc' dir='ltr'><em>δε</em></span> <span class='ocrx_word' id='word_1_94' title='bbox 1276 1034 1467 1089; x_wconf 83' lang='lat' dir='ltr'><em>acerris</em></span> <span class='ocrx_word' id='word_1_95' title='bbox 1494 1034 1623 1086; x_wconf 83' lang='lat' dir='ltr'><em>turis</em></span> <span class='ocrx_word' id='word_1_96' title='bbox 1650 1033 1890 1086; x_wconf 86' lang='lat' dir='ltr'><em>adorant.</em></span> 
     </span>
     <span class='ocr_line' id='line_1_14' title="bbox 531 1103 1973 1188; baseline -0.009 -17"><span class='ocrx_word' id='word_1_97' title='bbox 531 1114 792 1188; x_wconf 82' lang='lat' dir='ltr'><em>Sparserat</em></span> <span class='ocrx_word' id='word_1_98' title='bbox 822 1112 1099 1183; x_wconf 81' lang='lat' dir='ltr'><em>Argolicas</em></span> <span class='ocrx_word' id='word_1_99' title='bbox 1129 1125 1328 1162; x_wconf 88' lang='lat' dir='ltr'><em>nomen</em></span> <span class='ocrx_word' id='word_1_100' title='bbox 1353 1125 1483 1178; x_wconf 77' lang='lat' dir='ltr'><em>vaga</em></span> <span class='ocrx_word' id='word_1_101' title='bbox 1510 1106 1668 1159; x_wconf 84' lang='lat' dir='ltr'><em>Fama</em></span> <span class='ocrx_word' id='word_1_102' title='bbox 1694 1122 1789 1177; x_wconf 89' lang='lat' dir='ltr'><em>per</em></span> <span class='ocrx_word' id='word_1_103' title='bbox 1817 1103 1973 1159; x_wconf 85' lang='lat' dir='ltr'><em>urbes</em></span> 
     </span>
     <span class='ocr_line' id='line_1_15' title="bbox 534 1178 1918 1257; baseline -0.01 -12"><span class='ocrx_word' id='word_1_104' title='bbox 534 1188 802 1244; x_wconf 79' lang='lat' dir='ltr'><em>Theseos:</em></span> <span class='ocrx_word' id='word_1_105' title='bbox 845 1186 899 1239; x_wconf 59' lang='grc' dir='ltr'><em>δέ</em></span> <span class='ocrx_word' id='word_1_106' title='bbox 925 1182 1135 1257; x_wconf 89' lang='lat' dir='ltr'><em>populi,</em></span> <span class='ocrx_word' id='word_1_107' title='bbox 1174 1198 1309 1255; x_wconf 86' lang='lat' dir='ltr'><em>quos</em></span> <span class='ocrx_word' id='word_1_108' title='bbox 1334 1179 1482 1237; x_wconf 83' lang='lat' dir='ltr'><em>dives</em></span> <span class='ocrx_word' id='word_1_109' title='bbox 1512 1178 1717 1233; x_wconf 67' lang='lat' dir='ltr'><em>Achaia</em></span> <span class='ocrx_word' id='word_1_110' title='bbox 1743 1178 1918 1251; x_wconf 86' lang='lat' dir='ltr'><em>cepit,</em></span> 
     </span>
    </p>
   </div>
   <div class='ocr_carea' id='block_1_7' title="bbox 256 1385 1315 2755">
    <p class='ocr_par' dir='ltr' id='par_1_7' title="bbox 256 1385 1293 1497">
     <span class='ocr_line' id='line_1_16' title="bbox 259 1385 1293 1445; baseline -0.013 -11"><span class='ocrx_word' id='word_1_111' title='bbox 259 1395 438 1435; x_wconf 74' lang='lat' dir='ltr'><em>‘Atalanta</em></span> <span class='ocrx_word' id='word_1_112' title='bbox 459 1392 552 1445; x_wconf 73' lang='lat' dir='ltr'><em>Jafii</em></span> <span class='ocrx_word' id='word_1_113' title='bbox 574 1391 751 1432; x_wconf 84' lang='lat' dir='ltr'><em>Arcadiae</em></span> <span class='ocrx_word' id='word_1_114' title='bbox 771 1387 852 1439; x_wconf 82' lang='lat' dir='ltr'><em>regis</em></span> <span class='ocrx_word' id='word_1_115' title='bbox 879 1385 957 1437; x_wconf 80' lang='lat' dir='ltr'><em>filia</em></span> <span class='ocrx_word' id='word_1_116' title='bbox 994 1386 1112 1424; x_wconf 86' lang='lat' dir='ltr'><em>Raen.</em></span> <span class='ocrx_word' id='word_1_117' title='bbox 1135 1385 1293 1423; x_wconf 82' lang='lat' dir='ltr'><em>Atalan-</em></span> 
     </span>
     <span class='ocr_line' id='line_1_17' title="bbox 256 1443 1278 1497; baseline -0.012 -13"><span class='ocrx_word' id='word_1_118' title='bbox 256 1459 293 1484; x_wconf 82' lang='lat' dir='ltr'><em>ta</em></span> <span class='ocrx_word' id='word_1_119' title='bbox 312 1448 469 1484; x_wconf 85' lang='lat' dir='ltr'><em>Schaenei</em></span> <span class='ocrx_word' id='word_1_120' title='bbox 490 1448 572 1495; x_wconf 82' lang='lat' dir='ltr'><em>regis</em></span> <span class='ocrx_word' id='word_1_121' title='bbox 591 1445 671 1492; x_wconf 85' lang='lat' dir='ltr'><em>filia</em></span> <span class='ocrx_word' id='word_1_122' title='bbox 695 1443 830 1480; x_wconf 88' lang='lat' dir='ltr'><em>Colon.</em></span> <span class='ocrx_word' id='word_1_123' title='bbox 877 1490 883 1497; x_wconf 39' lang='grc' dir='ltr'>ι</span> <span class='ocrx_word' id='word_1_124' title='bbox 1068 1489 1074 1495; x_wconf 44' lang='grc'><em>.</em></span> <span class='ocrx_word' id='word_1_125' title='bbox 1271 1485 1278 1491; x_wconf 37' lang='grc' dir='ltr'>ι</span> 
     </span>
    </p>

    <p class='ocr_par' dir='ltr' id='par_1_8' title="bbox 258 1487 1297 1748">
     <span class='ocr_line' id='line_1_18' title="bbox 305 1487 1295 1546; baseline -0.01 -14"><span class='ocrx_word' id='word_1_126' title='bbox 305 1505 322 1532; x_wconf 88' lang='lat' dir='ltr'>g</span> <span class='ocrx_word' id='word_1_127' title='bbox 351 1499 458 1546; x_wconf 83' lang='lat' dir='ltr'><em>Cujus</em></span> <span class='ocrx_word' id='word_1_128' title='bbox 478 1494 686 1544; x_wconf 70' lang='lat' dir='ltr'><em>virtutem]</em></span> <span class='ocrx_word' id='word_1_129' title='bbox 717 1494 828 1542; x_wconf 82' lang='lat' dir='ltr'><em>Cujus</em></span> <span class='ocrx_word' id='word_1_130' title='bbox 844 1499 978 1527; x_wconf 76' lang='lat' dir='ltr'><em>virtute</em></span> <span class='ocrx_word' id='word_1_131' title='bbox 995 1498 1127 1538; x_wconf 77' lang='lat' dir='ltr'><em>pariter</em></span> <span class='ocrx_word' id='word_1_132' title='bbox 1144 1487 1295 1536; x_wconf 63' lang='lat' dir='ltr'><em>&amp;specte</em></span> 
     </span>
     <span class='ocr_line' id='line_1_19' title="bbox 259 1538 1295 1596; baseline -0.012 -11"><span class='ocrx_word' id='word_1_133' title='bbox 259 1558 374 1596; x_wconf 81' lang='lat' dir='ltr'><em>captus</em></span> <span class='ocrx_word' id='word_1_134' title='bbox 403 1547 571 1596; x_wconf 85' lang='lat' dir='ltr'><em>Meleager</em></span> <span class='ocrx_word' id='word_1_135' title='bbox 591 1575 602 1591; x_wconf 86' lang='lat'><em>,</em></span> <span class='ocrx_word' id='word_1_136' title='bbox 631 1546 653 1584; x_wconf 79' lang='lat' dir='ltr'><em>i.</em></span> <span class='ocrx_word' id='word_1_137' title='bbox 681 1559 715 1582; x_wconf 90' lang='lat' dir='ltr'><em>a.</em></span> <span class='ocrx_word' id='word_1_138' title='bbox 739 1558 765 1581; x_wconf 83' lang='lat' dir='ltr'><em>e.</em></span> <span class='ocrx_word' id='word_1_139' title='bbox 792 1557 818 1580; x_wconf 86' lang='lat' dir='ltr'><em>e.</em></span> <span class='ocrx_word' id='word_1_140' title='bbox 847 1539 1002 1588; x_wconf 84' lang='lat' dir='ltr'><em>conceffit.</em></span> <span class='ocrx_word' id='word_1_141' title='bbox 1056 1538 1295 1594; x_wconf 69' lang='lat' dir='ltr'><em>Qamobrern</em></span> 
     </span>
     <span class='ocr_line' id='line_1_20' title="bbox 258 1590 1297 1647; baseline -0.011 -12"><span class='ocrx_word' id='word_1_142' title='bbox 258 1597 434 1647; x_wconf 83' lang='lat' dir='ltr'><em>Plexippus</em></span> <span class='ocrx_word' id='word_1_143' title='bbox 465 1610 508 1637; x_wconf 70' lang='lat'><em>&lt;9⁰</em></span> <span class='ocrx_word' id='word_1_144' title='bbox 529 1603 655 1634; x_wconf 84' lang='lat' dir='ltr'><em>Toxeus</em></span> <span class='ocrx_word' id='word_1_145' title='bbox 681 1593 797 1642; x_wconf 82' lang='lat' dir='ltr'><em>Thestii</em></span> <span class='ocrx_word' id='word_1_146' title='bbox 817 1592 906 1638; x_wconf 76' lang='lat' dir='ltr'><em>filii,</em></span> <span class='ocrx_word' id='word_1_147' title='bbox 935 1603 979 1630; x_wconf 68' lang='grc' dir='ltr'><em>ω’</em></span> <span class='ocrx_word' id='word_1_148' title='bbox 1003 1590 1153 1628; x_wconf 85' lang='lat' dir='ltr'><em>Altheae</em></span> <span class='ocrx_word' id='word_1_149' title='bbox 1170 1600 1297 1626; x_wconf 79' lang='lat' dir='ltr'><em>matrts</em></span> 
     </span>
     <span class='ocr_line' id='line_1_21' title="bbox 262 1641 1295 1696; baseline -0.009 -11"><span class='ocrx_word' id='word_1_150' title='bbox 262 1649 425 1696; x_wconf 76' lang='lat' dir='ltr'><em>Meleagri</em></span> <span class='ocrx_word' id='word_1_151' title='bbox 439 1650 572 1695; x_wconf 78' lang='lat' dir='ltr'><em>fratres</em></span> <span class='ocrx_word' id='word_1_152' title='bbox 591 1644 764 1694; x_wconf 84' lang='lat' dir='ltr'><em>indignati</em></span> <span class='ocrx_word' id='word_1_153' title='bbox 784 1651 970 1692; x_wconf 80' lang='lat' dir='ltr'><em>rapuerunt</em></span> <span class='ocrx_word' id='word_1_154' title='bbox 988 1641 1119 1690; x_wconf 79' lang='lat' dir='ltr'><em>virgini</em></span> <span class='ocrx_word' id='word_1_155' title='bbox 1137 1652 1295 1678; x_wconf 86' lang='lat' dir='ltr'><em>munera.</em></span> 
     </span>
     <span class='ocr_line' id='line_1_22' title="bbox 259 1691 1296 1748; baseline -0.006 -14"><span class='ocrx_word' id='word_1_156' title='bbox 259 1702 356 1748; x_wconf 55' lang='lat' dir='ltr'><em>§Quas</em></span> <span class='ocrx_word' id='word_1_157' title='bbox 377 1698 566 1747; x_wconf 77' lang='lat' dir='ltr'><em>aggrediens</em></span> <span class='ocrx_word' id='word_1_158' title='bbox 587 1698 752 1745; x_wconf 70' lang='lat' dir='ltr'><em>Meleager</em></span> <span class='ocrx_word' id='word_1_159' title='bbox 782 1704 874 1743; x_wconf 86' lang='lat' dir='ltr'><em>nepos</em></span> <span class='ocrx_word' id='word_1_160' title='bbox 893 1707 942 1729; x_wconf 82' lang='lat' dir='ltr'><em>eos</em></span> <span class='ocrx_word' id='word_1_161' title='bbox 961 1691 1296 1729; x_wconf 81' lang='lat' dir='ltr'><em>interemitColon.</em></span> 
     </span>
    </p>

    <p class='ocr_par' dir='ltr' id='par_1_9' title="bbox 265 1741 1299 1837">
     <span class='ocr_line' id='line_1_23' title="bbox 311 1741 1299 1799; baseline -0.006 -15"><span class='ocrx_word' id='word_1_162' title='bbox 311 1748 328 1774; x_wconf 76' lang='lat' dir='ltr'><em>h</em></span> <span class='ocrx_word' id='word_1_163' title='bbox 358 1749 527 1799; x_wconf 81' lang='lat' dir='ltr'><em>Agenor.]</em></span> <span class='ocrx_word' id='word_1_164' title='bbox 557 1755 719 1798; x_wconf 83' lang='lat' dir='ltr'><em>Agenor,</em></span> <span class='ocrx_word' id='word_1_165' title='bbox 759 1743 924 1792; x_wconf 83' lang='lat' dir='ltr'><em>Meleagri</em></span> <span class='ocrx_word' id='word_1_166' title='bbox 941 1742 1135 1788; x_wconf 81' lang='lat' dir='ltr'><em>avunculi,</em></span> <span class='ocrx_word' id='word_1_167' title='bbox 1165 1741 1299 1791; x_wconf 83' lang='lat' dir='ltr'><em>virgini</em></span> 
     </span>
     <span class='ocr_line' id='line_1_24' title="bbox 265 1799 517 1837; baseline 0 0"><span class='ocrx_word' id='word_1_168' title='bbox 265 1808 337 1837; x_wconf 63' lang='grc' dir='ltr'><em>σε.</em></span> <span class='ocrx_word' id='word_1_169' title='bbox 366 1799 517 1837; x_wconf 81' lang='lat' dir='ltr'><em>Raener.</em></span> 
     </span>
    </p>

    <p class='ocr_par' dir='ltr' id='par_1_10' title="bbox 258 1843 1301 2048">
     <span class='ocr_line' id='line_1_25' title="bbox 315 1843 1301 1896; baseline -0.005 -11"><span class='ocrx_word' id='word_1_170' title='bbox 315 1848 324 1874; x_wconf 65' lang='grc' dir='ltr'><strong><em>ἱ</em></strong></span> <span class='ocrx_word' id='word_1_171' title='bbox 349 1853 401 1884; x_wconf 85' lang='lat' dir='ltr'><em>At</em></span> <span class='ocrx_word' id='word_1_172' title='bbox 425 1847 618 1896; x_wconf 69' lang='lat' dir='ltr'><em>Althaea]</em></span> <span class='ocrx_word' id='word_1_173' title='bbox 661 1846 816 1883; x_wconf 81' lang='lat' dir='ltr'><em>Althaea</em></span> <span class='ocrx_word' id='word_1_174' title='bbox 833 1857 912 1880; x_wconf 85' lang='lat' dir='ltr'><em>vero</em></span> <span class='ocrx_word' id='word_1_175' title='bbox 931 1843 1051 1880; x_wconf 83' lang='lat' dir='ltr'><em>videns</em></span> <span class='ocrx_word' id='word_1_176' title='bbox 1072 1843 1204 1881; x_wconf 88' lang='lat' dir='ltr'><em>caedem</em></span> <span class='ocrx_word' id='word_1_177' title='bbox 1218 1845 1301 1890; x_wconf 78' lang='lat' dir='ltr'><em>fta-</em></span> 
     </span>
     <span class='ocr_line' id='line_1_26' title="bbox 266 1894 1299 1947; baseline -0.004 -12"><span class='ocrx_word' id='word_1_178' title='bbox 266 1909 362 1935; x_wconf 83' lang='lat' dir='ltr'><em>trum</em></span> <span class='ocrx_word' id='word_1_179' title='bbox 379 1927 389 1943; x_wconf 90' lang='lat'><em>,</em></span> <span class='ocrx_word' id='word_1_180' title='bbox 416 1900 537 1947; x_wconf 83' lang='lat' dir='ltr'><em>accepit</em></span> <span class='ocrx_word' id='word_1_181' title='bbox 550 1898 698 1946; x_wconf 79' lang='lat' dir='ltr'><em>stipitem</em></span> <span class='ocrx_word' id='word_1_182' title='bbox 711 1895 864 1942; x_wconf 86' lang='lat' dir='ltr'><em>fatalem</em></span> <span class='ocrx_word' id='word_1_183' title='bbox 878 1923 887 1937; x_wconf 92' lang='lat'><em>,</em></span> <span class='ocrx_word' id='word_1_184' title='bbox 916 1894 1086 1931; x_wconf 81' lang='lat' dir='ltr'><em>traditum</em></span> <span class='ocrx_word' id='word_1_185' title='bbox 1117 1895 1141 1931; x_wconf 76' lang='lat' dir='ltr'><em>a</em></span> <span class='ocrx_word' id='word_1_186' title='bbox 1165 1895 1299 1938; x_wconf 81' lang='lat' dir='ltr'><em>Parcis,</em></span> 
     </span>
     <span class='ocr_line' id='line_1_27' title="bbox 264 1945 1301 1999; baseline -0.002 -14"><span class='ocrx_word' id='word_1_187' title='bbox 264 1963 330 1999; x_wconf 86' lang='lat' dir='ltr'><em>quo</em></span> <span class='ocrx_word' id='word_1_188' title='bbox 357 1963 393 1985; x_wconf 88' lang='lat' dir='ltr'><em>v.</em></span> <span class='ocrx_word' id='word_1_189' title='bbox 423 1956 474 1985; x_wconf 89' lang='lat' dir='ltr'><em>M.</em></span> <span class='ocrx_word' id='word_1_190' title='bbox 497 1962 522 1984; x_wconf 85' lang='lat' dir='ltr'><em>c.</em></span> <span class='ocrx_word' id='word_1_191' title='bbox 542 1960 584 1988; x_wconf 75' lang='grc'><em>(9·</em></span> <span class='ocrx_word' id='word_1_192' title='bbox 603 1947 754 1999; x_wconf 84' lang='lat' dir='ltr'><em>flamma</em></span> <span class='ocrx_word' id='word_1_193' title='bbox 776 1955 809 1995; x_wconf 89' lang='lat' dir='ltr'><em>p.</em></span> <span class='ocrx_word' id='word_1_194' title='bbox 837 1959 869 1995; x_wconf 83' lang='lat' dir='ltr'><em>q.</em></span> <span class='ocrx_word' id='word_1_195' title='bbox 897 1957 923 1983; x_wconf 78' lang='lat' dir='ltr'><em>c.</em></span> <span class='ocrx_word' id='word_1_196' title='bbox 949 1945 1028 1981; x_wconf 85' lang='lat' dir='ltr'><em>vita</em></span> <span class='ocrx_word' id='word_1_197' title='bbox 1053 1945 1212 1995; x_wconf 87' lang='lat' dir='ltr'><em>Meleagri</em></span> <span class='ocrx_word' id='word_1_198' title='bbox 1225 1958 1301 1983; x_wconf 86' lang='lat' dir='ltr'><em>con·</em></span> 
     </span>
     <span class='ocr_line' id='line_1_28' title="bbox 258 1999 619 2048; baseline 0.003 -14"><span class='ocrx_word' id='word_1_199' title='bbox 258 2004 401 2048; x_wconf 85' lang='lat' dir='ltr'><em>sumpta</em></span> <span class='ocrx_word' id='word_1_200' title='bbox 424 1999 466 2046; x_wconf 86' lang='lat' dir='ltr'><em>est</em></span> <span class='ocrx_word' id='word_1_201' title='bbox 484 1999 619 2036; x_wconf 85' lang='lat' dir='ltr'><em>Colon.</em></span> 
     </span>
    </p>

    <p class='ocr_par' dir='ltr' id='par_1_11' title="bbox 260 2045 1300 2198">
     <span class='ocr_line' id='line_1_29' title="bbox 317 2045 1298 2098; baseline -0.001 -13"><span class='ocrx_word' id='word_1_202' title='bbox 317 2051 334 2075; x_wconf 69' lang='lat' dir='ltr'>k</span> <span class='ocrx_word' id='word_1_203' title='bbox 363 2050 472 2098; x_wconf 80' lang='lat' dir='ltr'><em>Cujus</em></span> <span class='ocrx_word' id='word_1_204' title='bbox 493 2050 648 2086; x_wconf 82' lang='lat' dir='ltr'><em>interitu.</em></span> <span class='ocrx_word' id='word_1_205' title='bbox 669 2047 684 2097; x_wconf 91' lang='lat'><em>]</em></span> <span class='ocrx_word' id='word_1_206' title='bbox 713 2061 737 2085; x_wconf 86' lang='lat' dir='ltr'><em>c.</em></span> <span class='ocrx_word' id='word_1_207' title='bbox 757 2045 939 2083; x_wconf 83' lang='lat' dir='ltr'><em>interitum</em></span> <span class='ocrx_word' id='word_1_208' title='bbox 951 2045 1076 2094; x_wconf 76' lang='lat' dir='ltr'><em>fhrores</em></span> <span class='ocrx_word' id='word_1_209' title='bbox 1088 2045 1207 2097; x_wconf 85' lang='lat' dir='ltr'><em>flentes</em></span> <span class='ocrx_word' id='word_1_210' title='bbox 1218 2061 1298 2084; x_wconf 84' lang='lat' dir='ltr'><em>ver-</em></span> 
     </span>
     <span class='ocr_line' id='line_1_30' title="bbox 260 2097 1300 2149; baseline -0.001 -14"><span class='ocrx_word' id='word_1_211' title='bbox 260 2101 321 2149; x_wconf 86' lang='lat' dir='ltr'><em>sae</em></span> <span class='ocrx_word' id='word_1_212' title='bbox 341 2101 425 2147; x_wconf 78' lang='lat' dir='ltr'><em>sant</em></span> <span class='ocrx_word' id='word_1_213' title='bbox 453 2100 486 2136; x_wconf 87' lang='lat' dir='ltr'><em>in</em></span> <span class='ocrx_word' id='word_1_214' title='bbox 516 2101 687 2143; x_wconf 86' lang='lat' dir='ltr'><em>volucres,</em></span> <span class='ocrx_word' id='word_1_215' title='bbox 716 2111 802 2148; x_wconf 78' lang='lat' dir='ltr'><em>quae</em></span> <span class='ocrx_word' id='word_1_216' title='bbox 823 2098 861 2133; x_wconf 86' lang='lat' dir='ltr'><em>in</em></span> <span class='ocrx_word' id='word_1_217' title='bbox 872 2097 1001 2144; x_wconf 81' lang='lat' dir='ltr'><em>fratris</em></span> <span class='ocrx_word' id='word_1_218' title='bbox 1019 2110 1053 2134; x_wconf 89' lang='lat' dir='ltr'><em>n.</em></span> <span class='ocrx_word' id='word_1_219' title='bbox 1076 2099 1300 2135; x_wconf 76' lang='lat' dir='ltr'><em>M,nomina-</em></span> 
     </span>
     <span class='ocr_line' id='line_1_31' title="bbox 269 2151 530 2198; baseline 0 -12"><span class='ocrx_word' id='word_1_220' title='bbox 269 2161 324 2187; x_wconf 80' lang='lat' dir='ltr'><em>tae</em></span> <span class='ocrx_word' id='word_1_221' title='bbox 339 2155 425 2198; x_wconf 78' lang='lat' dir='ltr'><em>sunt</em></span> <span class='ocrx_word' id='word_1_222' title='bbox 447 2151 530 2188; x_wconf 89' lang='lat' dir='ltr'><em>Col.</em></span> 
     </span>
    </p>

    <p class='ocr_par' dir='ltr' id='par_1_12' title="bbox 270 2197 1307 2350">
     <span class='ocr_line' id='line_1_32' title="bbox 317 2197 1305 2251; baseline 0 -15"><span class='ocrx_word' id='word_1_223' title='bbox 317 2201 324 2227; x_wconf 91' lang='lat'><strong>¹</strong></span> <span class='ocrx_word' id='word_1_224' title='bbox 354 2207 447 2237; x_wconf 82' lang='lat' dir='ltr'><em>Inter</em></span> <span class='ocrx_word' id='word_1_225' title='bbox 459 2200 595 2251; x_wconf 83' lang='lat' dir='ltr'><em>fletum.</em></span> <span class='ocrx_word' id='word_1_226' title='bbox 620 2198 636 2249; x_wconf 93' lang='lat'>]</span> <span class='ocrx_word' id='word_1_227' title='bbox 693 2205 786 2235; x_wconf 85' lang='lat' dir='ltr'><em>Inter</em></span> <span class='ocrx_word' id='word_1_228' title='bbox 811 2197 965 2247; x_wconf 80' lang='lat' dir='ltr'><em>flendum</em></span> <span class='ocrx_word' id='word_1_229' title='bbox 986 2198 1102 2235; x_wconf 82' lang='lat' dir='ltr'><em>Raen.</em></span> <span class='ocrx_word' id='word_1_230' title='bbox 1125 2198 1305 2245; x_wconf 67' lang='lat' dir='ltr'><em>exstinfflus</em></span> 
     </span>
     <span class='ocr_line' id='line_1_33' title="bbox 270 2249 1307 2299; baseline -0.003 -11"><span class='ocrx_word' id='word_1_231' title='bbox 270 2251 322 2295; x_wconf 75' lang='lat' dir='ltr'><em>eft.</em></span> <span class='ocrx_word' id='word_1_232' title='bbox 350 2252 438 2287; x_wconf 84' lang='lat' dir='ltr'><em>unde</em></span> <span class='ocrx_word' id='word_1_233' title='bbox 448 2261 575 2299; x_wconf 78' lang='lat' dir='ltr'><em>sorores</em></span> <span class='ocrx_word' id='word_1_234' title='bbox 599 2252 669 2299; x_wconf 80' lang='lat' dir='ltr'><em>ejus</em></span> <span class='ocrx_word' id='word_1_235' title='bbox 690 2249 806 2298; x_wconf 87' lang='lat' dir='ltr'><em>flendo</em></span> <span class='ocrx_word' id='word_1_236' title='bbox 830 2251 868 2285; x_wconf 81' lang='lat' dir='ltr'><em>in</em></span> <span class='ocrx_word' id='word_1_237' title='bbox 898 2262 981 2285; x_wconf 86' lang='lat' dir='ltr'><em>aves</em></span> <span class='ocrx_word' id='word_1_238' title='bbox 1002 2251 1088 2298; x_wconf 80' lang='lat' dir='ltr'><em>sunt</em></span> <span class='ocrx_word' id='word_1_239' title='bbox 1109 2250 1283 2298; x_wconf 83' lang='lat' dir='ltr'><em>conversae</em></span> <span class='ocrx_word' id='word_1_240' title='bbox 1298 2278 1307 2294; x_wconf 96' lang='lat'><em>,</em></span> 
     </span>
     <span class='ocr_line' id='line_1_34' title="bbox 272 2300 834 2350; baseline -0.004 -13"><span class='ocrx_word' id='word_1_241' title='bbox 272 2315 357 2350; x_wconf 83' lang='lat' dir='ltr'><em>quae</em></span> <span class='ocrx_word' id='word_1_242' title='bbox 378 2302 529 2348; x_wconf 66' lang='lat' dir='ltr'><em>asratre</em></span> <span class='ocrx_word' id='word_1_243' title='bbox 557 2308 610 2338; x_wconf 91' lang='lat' dir='ltr'><em>M.</em></span> <span class='ocrx_word' id='word_1_244' title='bbox 641 2314 666 2336; x_wconf 87' lang='lat' dir='ltr'><em>c.</em></span> <span class='ocrx_word' id='word_1_245' title='bbox 692 2300 834 2348; x_wconf 82' lang='lat' dir='ltr'><em>Micyll.</em></span> 
     </span>
    </p>

    <p class='ocr_par' dir='ltr' id='par_1_13' title="bbox 276 2349 1308 2489">
     <span class='ocr_line' id='line_1_35' title="bbox 322 2349 1307 2400; baseline 0.001 -12"><span class='ocrx_word' id='word_1_246' title='bbox 322 2361 347 2378; x_wconf 75' lang='lat'><em>‘¹‘</em></span> <span class='ocrx_word' id='word_1_247' title='bbox 378 2352 611 2400; x_wconf 76' lang='lat' dir='ltr'><em>Meleagrides‚</em></span> <span class='ocrx_word' id='word_1_248' title='bbox 633 2349 649 2399; x_wconf 91' lang='lat'>]</span> <span class='ocrx_word' id='word_1_249' title='bbox 703 2351 792 2387; x_wconf 87' lang='lat' dir='ltr'><em>Plin.</em></span> <span class='ocrx_word' id='word_1_250' title='bbox 815 2349 873 2386; x_wconf 85' lang='lat' dir='ltr'><em>lib.</em></span> <span class='ocrx_word' id='word_1_251' title='bbox 894 2362 928 2387; x_wconf 87' lang='lat' dir='ltr'><em>x.</em></span> <span class='ocrx_word' id='word_1_252' title='bbox 949 2351 1098 2398; x_wconf 85' lang='lat' dir='ltr'><em>cap.26.</em></span> <span class='ocrx_word' id='word_1_253' title='bbox 1125 2350 1307 2389; x_wconf 88' lang='lat' dir='ltr'><em>Antonin.</em></span> 
     </span>
     <span class='ocr_line' id='line_1_36' title="bbox 276 2400 1308 2451; baseline 0.002 -14"><span class='ocrx_word' id='word_1_254' title='bbox 276 2402 428 2439; x_wconf 71' lang='lat' dir='ltr'><em>Liberal.</em></span> <span class='ocrx_word' id='word_1_255' title='bbox 467 2414 543 2450; x_wconf 80' lang='lat' dir='ltr'><em>cap.</em></span> <span class='ocrx_word' id='word_1_256' title='bbox 571 2413 605 2438; x_wconf 88' lang='lat'><em>2.</em></span> <span class='ocrx_word' id='word_1_257' title='bbox 644 2401 785 2438; x_wconf 71' lang='lat' dir='ltr'><em>Aeli-an.</em></span> <span class='ocrx_word' id='word_1_258' title='bbox 816 2400 945 2439; x_wconf 83' lang='lat' dir='ltr'><em>Anim.</em></span> <span class='ocrx_word' id='word_1_259' title='bbox 971 2401 1034 2440; x_wconf 87' lang='lat' dir='ltr'><em>lib.</em></span> <span class='ocrx_word' id='word_1_260' title='bbox 1065 2413 1116 2439; x_wconf 83' lang='lat' dir='ltr'><em>iv.</em></span> <span class='ocrx_word' id='word_1_261' title='bbox 1146 2412 1220 2451; x_wconf 84' lang='lat' dir='ltr'><em>cap.</em></span> <span class='ocrx_word' id='word_1_262' title='bbox 1252 2414 1308 2449; x_wconf 85' lang='lat'><em>42.</em></span> 
     </span>
     <span class='ocr_line' id='line_1_37' title="bbox 276 2453 493 2489; baseline 0.009 -2"><span class='ocrx_word' id='word_1_263' title='bbox 276 2453 493 2489; x_wconf 59' lang='lat' dir='ltr'><em>Muscam.</em></span> 
     </span>
    </p>

    <p class='ocr_par' dir='ltr' id='par_1_14' title="bbox 276 2501 1311 2652">
     <span class='ocr_line' id='line_1_38' title="bbox 324 2501 1309 2551; baseline 0.005 -14"><span class='ocrx_word' id='word_1_264' title='bbox 324 2504 407 2538; x_wconf 64' lang='lat'><em>250.</em></span> <span class='ocrx_word' id='word_1_265' title='bbox 437 2502 547 2538; x_wconf 86' lang='lat' dir='ltr'><em>Tellus</em></span> <span class='ocrx_word' id='word_1_266' title='bbox 568 2501 769 2551; x_wconf 62' lang='lat' dir='ltr'><em>Aetnaea]</em></span> <span class='ocrx_word' id='word_1_267' title='bbox 809 2509 970 2540; x_wconf 84' lang='lat' dir='ltr'><em>Hennaea</em></span> <span class='ocrx_word' id='word_1_268' title='bbox 992 2515 1083 2541; x_wconf 87' lang='lat' dir='ltr'><em>unus</em></span> <span class='ocrx_word' id='word_1_269' title='bbox 1105 2503 1309 2543; x_wconf 85' lang='lat' dir='ltr'><em>Mediceus.</em></span> 
     </span>
     <span class='ocr_line' id='line_1_39' title="bbox 276 2551 1310 2602; baseline 0.004 -14"><span class='ocrx_word' id='word_1_270' title='bbox 276 2564 352 2601; x_wconf 85' lang='lat' dir='ltr'><em>quo</em></span> <span class='ocrx_word' id='word_1_271' title='bbox 372 2554 407 2589; x_wconf 72' lang='grc' dir='ltr'><em>ὃ(</em></span> <span class='ocrx_word' id='word_1_272' title='bbox 436 2552 495 2588; x_wconf 84' lang='lat' dir='ltr'><em>alii</em></span> <span class='ocrx_word' id='word_1_273' title='bbox 515 2551 676 2589; x_wconf 85' lang='lat' dir='ltr'><em>alludunt</em></span> <span class='ocrx_word' id='word_1_274' title='bbox 698 2580 706 2595; x_wconf 93' lang='lat'><em>,</em></span> <span class='ocrx_word' id='word_1_275' title='bbox 744 2554 780 2590; x_wconf 88' lang='lat' dir='ltr'><em>in</em></span> <span class='ocrx_word' id='word_1_276' title='bbox 813 2553 961 2602; x_wconf 85' lang='lat' dir='ltr'><em>quibus,</em></span> <span class='ocrx_word' id='word_1_277' title='bbox 989 2554 1175 2599; x_wconf 86' lang='lat' dir='ltr'><em>Ethenna,</em></span> <span class='ocrx_word' id='word_1_278' title='bbox 1204 2555 1310 2592; x_wconf 84' lang='lat' dir='ltr'><em>Ethe-</em></span> 
     </span>
     <span class='ocr_line' id='line_1_40' title="bbox 276 2602 1311 2652; baseline 0.006 -14"><span class='ocrx_word' id='word_1_279' title='bbox 276 2616 363 2647; x_wconf 78' lang='lat' dir='ltr'><em>nea,</em></span> <span class='ocrx_word' id='word_1_280' title='bbox 395 2602 547 2638; x_wconf 69' lang='lat' dir='ltr'><em>Ennaea.</em></span> <span class='ocrx_word' id='word_1_281' title='bbox 576 2611 729 2651; x_wconf 86' lang='lat' dir='ltr'><em>uterque</em></span> <span class='ocrx_word' id='word_1_282' title='bbox 748 2604 948 2652; x_wconf 82' lang='lat' dir='ltr'><em>Hamburg.</em></span> <span class='ocrx_word' id='word_1_283' title='bbox 973 2611 1137 2643; x_wconf 83' lang='lat' dir='ltr'><em>Hetnaea.</em></span> <span class='ocrx_word' id='word_1_284' title='bbox 1167 2607 1311 2645; x_wconf 64' lang='lat' dir='ltr'><em>Heius.</em></span> 
     </span>
    </p>

    <p class='ocr_par' dir='ltr' id='par_1_15' title="bbox 282 2652 1315 2755">
     <span class='ocr_line' id='line_1_41' title="bbox 332 2652 1315 2703; baseline 0.004 -14"><span class='ocrx_word' id='word_1_285' title='bbox 332 2654 412 2689; x_wconf 52' lang='lat' dir='ltr'>lsvz.</span> <span class='ocrx_word' id='word_1_286' title='bbox 443 2653 533 2697; x_wconf 70' lang='lat' dir='ltr'><em>Jam</em></span> <span class='ocrx_word' id='word_1_287' title='bbox 557 2652 775 2689; x_wconf 79' lang='lat' dir='ltr'><em>lamentabile</em></span> <span class='ocrx_word' id='word_1_288' title='bbox 798 2654 957 2690; x_wconf 82' lang='lat' dir='ltr'><em>Athenae</em></span> <span class='ocrx_word' id='word_1_289' title='bbox 979 2656 1126 2692; x_wconf 82' lang='lat' dir='ltr'><em>Pendere</em></span> <span class='ocrx_word' id='word_1_290' title='bbox 1148 2656 1315 2703; x_wconf 75' lang='lat' dir='ltr'><em>defierant</em></span> 
     </span>
     <span class='ocr_line' id='line_1_42' title="bbox 282 2702 1314 2755; baseline 0.007 -16"><span class='ocrx_word' id='word_1_291' title='bbox 282 2703 404 2752; x_wconf 66' lang='lat' dir='ltr'><em>Thesea</em></span> <span class='ocrx_word' id='word_1_292' title='bbox 435 2703 536 2739; x_wconf 64' lang='lat' dir='ltr'><em>laude</em></span> <span class='ocrx_word' id='word_1_293' title='bbox 570 2702 788 2752; x_wconf 73' lang='lat' dir='ltr'><em>tributum]</em></span> <span class='ocrx_word' id='word_1_294' title='bbox 844 2705 985 2743; x_wconf 84' lang='lat' dir='ltr'><em>Plautus</em></span> <span class='ocrx_word' id='word_1_295' title='bbox 1011 2707 1047 2743; x_wconf 89' lang='lat' dir='ltr'><em>in</em></span> <span class='ocrx_word' id='word_1_296' title='bbox 1072 2707 1226 2755; x_wconf 76' lang='lat' dir='ltr'><em>Epidico</em></span> <span class='ocrx_word' id='word_1_297' title='bbox 1260 2720 1314 2746; x_wconf 86' lang='lat'><em>11.</em></span> 
     </span>
    </p>
   </div>
   <div class='ocr_carea' id='block_1_8' title="bbox 286 2765 1317 2873">
    <p class='ocr_par' dir='ltr' id='par_1_16' title="bbox 286 2765 1317 2873">
     <span class='ocr_line' id='line_1_43' title="bbox 286 2765 421 2803; baseline 0 -12"><span class='ocrx_word' id='word_1_298' title='bbox 286 2765 340 2791; x_wconf 80' lang='lat'><em>11.</em></span> <span class='ocrx_word' id='word_1_299' title='bbox 363 2766 421 2803; x_wconf 72' lang='lat'><em>43.</em></span> 
     </span>
     <span class='ocr_line' id='line_1_44' title="bbox 336 2818 1317 2873; baseline 0.005 -17"><span class='ocrx_word' id='word_1_300' title='bbox 336 2824 391 2856; x_wconf 80' lang='lat' dir='ltr'><em>At</em></span> <span class='ocrx_word' id='word_1_301' title='bbox 417 2818 568 2856; x_wconf 80' lang='lat' dir='ltr'><em>tributus</em></span> <span class='ocrx_word' id='word_1_302' title='bbox 598 2832 699 2868; x_wconf 75' lang='lat' dir='ltr'><em>quom</em></span> <span class='ocrx_word' id='word_1_303' title='bbox 735 2819 919 2869; x_wconf 83' lang='lat' dir='ltr'><em>imperatus</em></span> <span class='ocrx_word' id='word_1_304' title='bbox 955 2820 1021 2869; x_wconf 77' lang='lat' dir='ltr'><em>est,</em></span> <span class='ocrx_word' id='word_1_305' title='bbox 1057 2833 1182 2871; x_wconf 84' lang='lat' dir='ltr'><em>negant</em></span> <span class='ocrx_word' id='word_1_306' title='bbox 1213 2823 1317 2873; x_wconf 80' lang='lat' dir='ltr'><em>pendi</em></span> 
     </span>
    </p>
   </div>
   <div class='ocr_carea' id='block_1_9' title="bbox 282 2869 1321 3342">
    <p class='ocr_par' dir='ltr' id='par_1_17' title="bbox 454 2869 579 2918">
     <span class='ocr_line' id='line_1_45' title="bbox 454 2869 579 2918; baseline 0.008 -14"><span class='ocrx_word' id='word_1_307' title='bbox 454 2869 579 2918; x_wconf 72' lang='lat' dir='ltr'><em>potesse.</em></span> 
     </span>
    </p>

    <p class='ocr_par' dir='ltr' id='par_1_18' title="bbox 282 2919 1321 3342">
     <span class='ocr_line' id='line_1_46' title="bbox 334 2919 1317 2973; baseline 0.004 -16"><span class='ocrx_word' id='word_1_308' title='bbox 334 2919 399 2957; x_wconf 81' lang='lat' dir='ltr'><em>His</em></span> <span class='ocrx_word' id='word_1_309' title='bbox 426 2919 548 2968; x_wconf 79' lang='lat' dir='ltr'><em>quibus</em></span> <span class='ocrx_word' id='word_1_310' title='bbox 575 2919 726 2957; x_wconf 80' lang='lat' dir='ltr'><em>tributus</em></span> <span class='ocrx_word' id='word_1_311' title='bbox 753 2923 863 2970; x_wconf 76' lang='lat' dir='ltr'><em>major</em></span> <span class='ocrx_word' id='word_1_312' title='bbox 882 2922 1068 2970; x_wconf 83' lang='lat' dir='ltr'><em>penditur,</em></span> <span class='ocrx_word' id='word_1_313' title='bbox 1089 2924 1192 2971; x_wconf 85' lang='lat' dir='ltr'><em>pendi</em></span> <span class='ocrx_word' id='word_1_314' title='bbox 1203 2924 1317 2973; x_wconf 85' lang='lat' dir='ltr'><em>potest.</em></span> 
     </span>
     <span class='ocr_line' id='line_1_47' title="bbox 287 2985 1318 3038; baseline 0.005 -16"><span class='ocrx_word' id='word_1_315' title='bbox 287 2985 375 3022; x_wconf 89' lang='lat' dir='ltr'><em>Huc</em></span> <span class='ocrx_word' id='word_1_316' title='bbox 395 2986 574 3033; x_wconf 84' lang='lat' dir='ltr'><em>pertinet,</em></span> <span class='ocrx_word' id='word_1_317' title='bbox 601 2986 703 3035; x_wconf 87' lang='lat' dir='ltr'><em>quod</em></span> <span class='ocrx_word' id='word_1_318' title='bbox 734 2987 879 3035; x_wconf 79' lang='lat' dir='ltr'><em>collegit</em></span> <span class='ocrx_word' id='word_1_319' title='bbox 900 2988 1064 3025; x_wconf 82' lang='lat' dir='ltr'><em>Valerius</em></span> <span class='ocrx_word' id='word_1_320' title='bbox 1095 2989 1153 3026; x_wconf 88' lang='lat' dir='ltr'><em>lib.</em></span> <span class='ocrx_word' id='word_1_321' title='bbox 1177 3002 1211 3026; x_wconf 89' lang='lat' dir='ltr'><em>v.</em></span> <span class='ocrx_word' id='word_1_322' title='bbox 1241 3002 1318 3038; x_wconf 88' lang='lat' dir='ltr'><em>cap.</em></span> 
     </span>
     <span class='ocr_line' id='line_1_48' title="bbox 285 3035 1317 3087; baseline 0.004 -16"><span class='ocrx_word' id='word_1_323' title='bbox 285 3047 318 3084; x_wconf 82' lang='lat'><em>3.</em></span> <span class='ocrx_word' id='word_1_324' title='bbox 350 3035 525 3078; x_wconf 79' lang='lat' dir='ltr'><em>Detrahe,</em></span> <span class='ocrx_word' id='word_1_325' title='bbox 555 3036 976 3086; x_wconf 81' lang='lat' dir='ltr'><em>inquit,Athenienfibus</em></span> <span class='ocrx_word' id='word_1_326' title='bbox 1004 3038 1146 3087; x_wconf 64' lang='lat' dir='ltr'><em>Thesea:</em></span> <span class='ocrx_word' id='word_1_327' title='bbox 1177 3040 1317 3083; x_wconf 86' lang='lat' dir='ltr'><em>nullae,</em></span> 
     </span>
     <span class='ocr_line' id='line_1_49' title="bbox 284 3086 1321 3137; baseline 0.005 -16"><span class='ocrx_word' id='word_1_328' title='bbox 284 3097 348 3121; x_wconf 85' lang='lat' dir='ltr'><em>aut</em></span> <span class='ocrx_word' id='word_1_329' title='bbox 368 3100 434 3123; x_wconf 84' lang='lat' dir='ltr'><em>non</em></span> <span class='ocrx_word' id='word_1_330' title='bbox 456 3097 530 3122; x_wconf 85' lang='lat' dir='ltr'><em>tam</em></span> <span class='ocrx_word' id='word_1_331' title='bbox 553 3086 664 3123; x_wconf 85' lang='lat' dir='ltr'><em>clarae</em></span> <span class='ocrx_word' id='word_1_332' title='bbox 690 3087 852 3125; x_wconf 84' lang='lat' dir='ltr'><em>Athenae</em></span> <span class='ocrx_word' id='word_1_333' title='bbox 872 3087 1173 3137; x_wconf 80' lang='lat' dir='ltr'><em>erunt:fiquidem</em></span> <span class='ocrx_word' id='word_1_334' title='bbox 1195 3090 1253 3126; x_wconf 87' lang='lat' dir='ltr'><em>ille</em></span> <span class='ocrx_word' id='word_1_335' title='bbox 1264 3090 1321 3126; x_wconf 88' lang='lat' dir='ltr'><em>vi-</em></span> 
     </span>
     <span class='ocr_line' id='line_1_50' title="bbox 287 3137 1318 3186; baseline 0.004 -15"><span class='ocrx_word' id='word_1_336' title='bbox 287 3137 392 3172; x_wconf 81' lang='lat' dir='ltr'><em>catim</em></span> <span class='ocrx_word' id='word_1_337' title='bbox 413 3137 569 3186; x_wconf 75' lang='lat' dir='ltr'><em>disperfhs</em></span> <span class='ocrx_word' id='word_1_338' title='bbox 593 3139 682 3174; x_wconf 83' lang='lat' dir='ltr'><em>cives</em></span> <span class='ocrx_word' id='word_1_339' title='bbox 702 3140 779 3186; x_wconf 73' lang='lat' dir='ltr'><em>suos</em></span> <span class='ocrx_word' id='word_1_340' title='bbox 799 3139 835 3174; x_wconf 82' lang='lat' dir='ltr'><em>in</em></span> <span class='ocrx_word' id='word_1_341' title='bbox 858 3152 966 3174; x_wconf 86' lang='lat' dir='ltr'><em>unam</em></span> <span class='ocrx_word' id='word_1_342' title='bbox 990 3139 1105 3175; x_wconf 82' lang='lat' dir='ltr'><em>urbem</em></span> <span class='ocrx_word' id='word_1_343' title='bbox 1125 3140 1318 3182; x_wconf 80' lang='lat' dir='ltr'><em>contraxit,</em></span> 
     </span>
     <span class='ocr_line' id='line_1_51' title="bbox 282 3186 1321 3238; baseline 0.006 -18"><span class='ocrx_word' id='word_1_344' title='bbox 282 3186 492 3237; x_wconf 64' lang='lat' dir='ltr'><em>soarfimque</em></span> <span class='ocrx_word' id='word_1_345' title='bbox 519 3199 562 3228; x_wconf 67' lang='grc' dir='ltr'><em>ω’</em></span> <span class='ocrx_word' id='word_1_346' title='bbox 585 3189 704 3235; x_wconf 64' lang='lat' dir='ltr'><em>agresti</em></span> <span class='ocrx_word' id='word_1_347' title='bbox 728 3203 817 3225; x_wconf 86' lang='lat' dir='ltr'><em>more</em></span> <span class='ocrx_word' id='word_1_348' title='bbox 847 3189 988 3226; x_wconf 80' lang='lat' dir='ltr'><em>viventi</em></span> <span class='ocrx_word' id='word_1_349' title='bbox 1009 3190 1125 3238; x_wconf 78' lang='lat' dir='ltr'><em>populo</em></span> <span class='ocrx_word' id='word_1_350' title='bbox 1161 3189 1321 3238; x_wconf 67' lang='lat' dir='ltr'><em>amplifi-</em></span> 
     </span>
     <span class='ocr_line' id='line_1_52' title="bbox 291 3238 1321 3290; baseline 0.007 -20"><span class='ocrx_word' id='word_1_351' title='bbox 291 3248 364 3270; x_wconf 68' lang='lat' dir='ltr'><em>mae</em></span> <span class='ocrx_word' id='word_1_352' title='bbox 408 3238 564 3274; x_wconf 68' lang='lat' dir='ltr'><em>civitatis</em></span> <span class='ocrx_word' id='word_1_353' title='bbox 587 3241 744 3285; x_wconf 80' lang='lat' dir='ltr'><em>sormam</em></span> <span class='ocrx_word' id='word_1_354' title='bbox 782 3250 886 3289; x_wconf 84' lang='lat' dir='ltr'><em>atque</em></span> <span class='ocrx_word' id='word_1_355' title='bbox 922 3241 1107 3288; x_wconf 75' lang='lat' dir='ltr'><em>imaginem</em></span> <span class='ocrx_word' id='word_1_356' title='bbox 1151 3241 1321 3290; x_wconf 69' lang='lat' dir='ltr'><em>imposuit.</em></span> 
     </span>
     <span class='ocr_line' id='line_1_53' title="bbox 288 3286 1319 3342; baseline 0.013 -23"><span class='ocrx_word' id='word_1_357' title='bbox 288 3286 380 3321; x_wconf 69' lang='lat' dir='ltr'><em>Idem</em></span> <span class='ocrx_word' id='word_1_358' title='bbox 394 3287 504 3335; x_wconf 58' lang='lat' dir='ltr'><em>Jizeza</em></span> <span class='ocrx_word' id='word_1_359' title='bbox 520 3289 736 3340; x_wconf 79' lang='lat' dir='ltr'><em>potentifflmi</em></span> <span class='ocrx_word' id='word_1_360' title='bbox 756 3291 841 3340; x_wconf 74' lang='lat' dir='ltr'><em>regis</em></span> <span class='ocrx_word' id='word_1_361' title='bbox 855 3290 983 3330; x_wconf 78' lang='lat' dir='ltr'><em>Minois</em></span> <span class='ocrx_word' id='word_1_362' title='bbox 1006 3291 1148 3342; x_wconf 82' lang='lat' dir='ltr'><em>imperia</em></span> <span class='ocrx_word' id='word_1_363' title='bbox 1159 3293 1319 3332; x_wconf 78' lang='lat' dir='ltr'><em>vixdum</em></span> 
     </span>
    </p>
   </div>
   <div class='ocr_carea' id='block_1_10' title="bbox 2220 1252 2391 1342">
    <p class='ocr_par' dir='ltr' id='par_1_19' title="bbox 2220 1252 2391 1342">
     <span class='ocr_line' id='line_1_54' title="bbox 2220 1252 2391 1342; baseline 0.029 -32"><span class='ocrx_word' id='word_1_364' title='bbox 2220 1252 2391 1342; x_wconf 88' lang='lat' dir='ltr'><em>Hujus</em></span> 
     </span>
    </p>
   </div>
   <div class='ocr_carea' id='block_1_11' title="bbox 1349 1379 2395 1638">
    <p class='ocr_par' dir='ltr' id='par_1_20' title="bbox 1349 1379 2395 1536">
     <span class='ocr_line' id='line_1_55' title="bbox 1349 1379 2395 1434; baseline 0.002 -12"><span class='ocrx_word' id='word_1_365' title='bbox 1349 1395 1463 1422; x_wconf 86' lang='lat' dir='ltr'><em>aetate</em></span> <span class='ocrx_word' id='word_1_366' title='bbox 1479 1383 1675 1434; x_wconf 74' lang='lat' dir='ltr'><em>pubescente</em></span> <span class='ocrx_word' id='word_1_367' title='bbox 1694 1380 1829 1433; x_wconf 85' lang='lat' dir='ltr'><em>repulit.</em></span> <span class='ocrx_word' id='word_1_368' title='bbox 1860 1379 2030 1420; x_wconf 73' lang='lat' dir='ltr'><em>CiorAN.</em></span> <span class='ocrx_word' id='word_1_369' title='bbox 2084 1381 2220 1420; x_wconf 86' lang='lat' dir='ltr'><em>Solvere</em></span> <span class='ocrx_word' id='word_1_370' title='bbox 2243 1391 2395 1432; x_wconf 67' lang='lat' dir='ltr'><em>quatuor</em></span> 
     </span>
     <span class='ocr_line' id='line_1_56' title="bbox 1349 1432 2393 1484; baseline 0.002 -10"><span class='ocrx_word' id='word_1_371' title='bbox 1349 1436 1439 1474; x_wconf 85' lang='lat' dir='ltr'><em>libri.</em></span> <span class='ocrx_word' id='word_1_372' title='bbox 1463 1436 1600 1474; x_wconf 85' lang='lat' dir='ltr'><em>reddere</em></span> <span class='ocrx_word' id='word_1_373' title='bbox 1635 1436 1780 1484; x_wconf 87' lang='lat' dir='ltr'><em>Sprotii.</em></span> <span class='ocrx_word' id='word_1_374' title='bbox 1817 1432 2006 1471; x_wconf 80' lang='lat' dir='ltr'><em>debuerant</em></span> <span class='ocrx_word' id='word_1_375' title='bbox 2035 1445 2088 1483; x_wconf 83' lang='lat' dir='ltr'><em>pr.</em></span> <span class='ocrx_word' id='word_1_376' title='bbox 2109 1435 2252 1472; x_wconf 82' lang='lat' dir='ltr'><em>Moreti</em></span> <span class='ocrx_word' id='word_1_377' title='bbox 2267 1461 2278 1479; x_wconf 90' lang='lat'><em>,</em></span> <span class='ocrx_word' id='word_1_378' title='bbox 2301 1433 2393 1476; x_wconf 57' lang='lat' dir='ltr'><em>unde*</em></span> 
     </span>
     <span class='ocr_line' id='line_1_57' title="bbox 1352 1485 1921 1536; baseline -0.005 -12"><span class='ocrx_word' id='word_1_379' title='bbox 1352 1488 1533 1536; x_wconf 77' lang='lat' dir='ltr'><em>defuerant</em></span> <span class='ocrx_word' id='word_1_380' title='bbox 1556 1486 1731 1525; x_wconf 83' lang='lat' dir='ltr'><em>Heinsius</em></span> <span class='ocrx_word' id='word_1_381' title='bbox 1754 1485 1921 1523; x_wconf 86' lang='lat' dir='ltr'><em>faciebat.</em></span> 
     </span>
    </p>

    <p class='ocr_par' dir='ltr' id='par_1_21' title="bbox 1352 1535 2395 1638">
     <span class='ocr_line' id='line_1_58' title="bbox 1400 1535 2395 1587; baseline 0.004 -11"><span class='ocrx_word' id='word_1_382' title='bbox 1400 1539 1484 1584; x_wconf 85' lang='lat'><strong>264.</strong></span> <span class='ocrx_word' id='word_1_383' title='bbox 1514 1536 1761 1587; x_wconf 85' lang='lat' dir='ltr'><em>Minervam.]</em></span> <span class='ocrx_word' id='word_1_384' title='bbox 1795 1538 1840 1573; x_wconf 72' lang='lat' dir='ltr'><em>Et</em></span> <span class='ocrx_word' id='word_1_385' title='bbox 1858 1536 1919 1573; x_wconf 84' lang='lat' dir='ltr'><em>hic</em></span> <span class='ocrx_word' id='word_1_386' title='bbox 1942 1536 2103 1573; x_wconf 81' lang='lat' dir='ltr'><em>Dianam</em></span> <span class='ocrx_word' id='word_1_387' title='bbox 2124 1535 2201 1575; x_wconf 89' lang='lat' dir='ltr'><em>duo</em></span> <span class='ocrx_word' id='word_1_388' title='bbox 2225 1537 2395 1581; x_wconf 68' lang='lat' dir='ltr'><em>Gr0110V·&#39;⁴</em></span> 
     </span>
     <span class='ocr_line' id='line_1_59' title="bbox 1352 1587 2112 1638; baseline -0.003 -11"><span class='ocrx_word' id='word_1_389' title='bbox 1352 1588 1596 1627; x_wconf 85' lang='lat' dir='ltr'><em>Lovanienfis</em></span> <span class='ocrx_word' id='word_1_390' title='bbox 1619 1590 1730 1626; x_wconf 89' lang='lat' dir='ltr'><em>etiam</em></span> <span class='ocrx_word' id='word_1_391' title='bbox 1755 1616 1765 1633; x_wconf 92' lang='lat'><em>,</em></span> <span class='ocrx_word' id='word_1_392' title='bbox 1789 1587 2112 1638; x_wconf 82' lang='lat' dir='ltr'><em>jaculatricemque.</em></span> 
     </span>
    </p>
   </div>
   <div class='ocr_carea' id='block_1_12' title="bbox 1404 1638 2479 1690">
    <p class='ocr_par' dir='ltr' id='par_1_22' title="bbox 1404 1638 2479 1690">
     <span class='ocr_line' id='line_1_60' title="bbox 1404 1638 2479 1690; baseline 0.001 -12"><span class='ocrx_word' id='word_1_393' title='bbox 1404 1642 1486 1679; x_wconf 83' lang='lat'><strong>266.</strong></span> <span class='ocrx_word' id='word_1_394' title='bbox 1515 1640 1656 1677; x_wconf 82' lang='lat' dir='ltr'><em>Acerris</em></span> <span class='ocrx_word' id='word_1_395' title='bbox 1669 1639 1783 1676; x_wconf 81' lang='lat' dir='ltr'><em>thuris</em></span> <span class='ocrx_word' id='word_1_396' title='bbox 1799 1638 2012 1688; x_wconf 43' lang='lat' dir='ltr'><em>honoranti]</em></span> <span class='ocrx_word' id='word_1_397' title='bbox 2043 1639 2209 1677; x_wconf 84' lang='lat' dir='ltr'><em>Adorant</em></span> <span class='ocrx_word' id='word_1_398' title='bbox 2226 1640 2401 1690; x_wconf 66' lang='lat' dir='ltr'><em>praestan-⁹</em></span> <span class='ocrx_word' id='word_1_399' title='bbox 2475 1642 2479 1650; x_wconf 81' lang='grc'><em>“</em></span> 
     </span>
    </p>
   </div>
   <div class='ocr_carea' id='block_1_13' title="bbox 1351 1689 2401 1849">
    <p class='ocr_par' dir='ltr' id='par_1_23' title="bbox 1351 1689 2401 1849">
     <span class='ocr_line' id='line_1_61' title="bbox 1351 1689 2400 1731; baseline 0 -1"><span class='ocrx_word' id='word_1_400' title='bbox 1351 1693 1476 1730; x_wconf 82' lang='lat' dir='ltr'><em>tiores.</em></span> <span class='ocrx_word' id='word_1_401' title='bbox 1503 1690 1654 1729; x_wconf 86' lang='lat' dir='ltr'><em>Acervis</em></span> <span class='ocrx_word' id='word_1_402' title='bbox 1686 1689 1863 1729; x_wconf 87' lang='lat' dir='ltr'><em>secundus</em></span> <span class='ocrx_word' id='word_1_403' title='bbox 1883 1689 2065 1728; x_wconf 88' lang='lat' dir='ltr'><em>Palatinus</em></span> <span class='ocrx_word' id='word_1_404' title='bbox 2095 1691 2224 1729; x_wconf 87' lang='lat' dir='ltr'><em>Oxon.</em></span> <span class='ocrx_word' id='word_1_405' title='bbox 2245 1693 2281 1729; x_wconf 89' lang='lat'>&amp;</span> <span class='ocrx_word' id='word_1_406' title='bbox 2303 1692 2400 1731; x_wconf 86' lang='lat' dir='ltr'><em>Can-</em></span> 
     </span>
     <span class='ocr_line' id='line_1_62' title="bbox 1352 1740 2401 1792; baseline -0.001 -11"><span class='ocrx_word' id='word_1_407' title='bbox 1352 1743 1479 1792; x_wconf 77' lang='lat' dir='ltr'><em>tabrig.</em></span> <span class='ocrx_word' id='word_1_408' title='bbox 1501 1743 1538 1780; x_wconf 86' lang='lat'>&amp;</span> <span class='ocrx_word' id='word_1_409' title='bbox 1564 1742 1695 1791; x_wconf 86' lang='lat' dir='ltr'><em>viginti</em></span> <span class='ocrx_word' id='word_1_410' title='bbox 1717 1741 1802 1785; x_wconf 82' lang='lat' dir='ltr'><em>alii,</em></span> <span class='ocrx_word' id='word_1_411' title='bbox 1833 1748 1871 1778; x_wconf 88' lang='lat' dir='ltr'><em>ut</em></span> <span class='ocrx_word' id='word_1_412' title='bbox 1887 1740 1949 1779; x_wconf 88' lang='lat' dir='ltr'><em>lib.</em></span> <span class='ocrx_word' id='word_1_413' title='bbox 1971 1754 2006 1778; x_wconf 89' lang='lat' dir='ltr'><em>v.</em></span> <span class='ocrx_word' id='word_1_414' title='bbox 2032 1753 2112 1790; x_wconf 85' lang='lat'>131.</span> <span class='ocrx_word' id='word_1_415' title='bbox 2141 1742 2284 1779; x_wconf 83' lang='lat' dir='ltr'><em>totidem</em></span> <span class='ocrx_word' id='word_1_416' title='bbox 2308 1742 2401 1781; x_wconf 88' lang='lat' dir='ltr'><em>tolle-</em></span> 
     </span>
     <span class='ocr_line' id='line_1_63' title="bbox 1354 1792 2401 1849; baseline 0.002 -19"><span class='ocrx_word' id='word_1_417' title='bbox 1354 1793 1415 1830; x_wconf 86' lang='lat' dir='ltr'><em>bat</em></span> <span class='ocrx_word' id='word_1_418' title='bbox 1436 1793 1525 1830; x_wconf 86' lang='lat' dir='ltr'><em>turis</em></span> <span class='ocrx_word' id='word_1_419' title='bbox 1537 1805 1686 1830; x_wconf 88' lang='lat' dir='ltr'><em>acervos.</em></span> <span class='ocrx_word' id='word_1_420' title='bbox 1704 1792 1764 1830; x_wconf 87' lang='lat' dir='ltr'><em>sed</em></span> <span class='ocrx_word' id='word_1_421' title='bbox 1784 1792 1910 1828; x_wconf 84' lang='lat' dir='ltr'><em>acerris</em></span> <span class='ocrx_word' id='word_1_422' title='bbox 1922 1792 2001 1842; x_wconf 86' lang='lat' dir='ltr'><em>jam</em></span> <span class='ocrx_word' id='word_1_423' title='bbox 2027 1793 2206 1849; x_wconf 80' lang='lat' dir='ltr'><em>castigavit</em></span> <span class='ocrx_word' id='word_1_424' title='bbox 2220 1792 2401 1834; x_wconf 86' lang='lat' dir='ltr'><em>Brodaeus</em></span> 
     </span>
    </p>
   </div>
   <div class='ocr_carea' id='block_1_14' title="bbox 1355 1843 2477 1995">
    <p class='ocr_par' dir='ltr' id='par_1_24' title="bbox 1355 1843 2477 1995">
     <span class='ocr_line' id='line_1_64' title="bbox 1355 1843 2475 1892; baseline 0 -10"><span class='ocrx_word' id='word_1_425' title='bbox 1355 1844 1416 1882; x_wconf 92' lang='lat' dir='ltr'><em>lib.</em></span> <span class='ocrx_word' id='word_1_426' title='bbox 1446 1856 1482 1882; x_wconf 93' lang='lat' dir='ltr'><em>v.</em></span> <span class='ocrx_word' id='word_1_427' title='bbox 1510 1844 1652 1881; x_wconf 89' lang='lat' dir='ltr'><em>Miseel.</em></span> <span class='ocrx_word' id='word_1_428' title='bbox 1686 1855 1764 1892; x_wconf 90' lang='lat' dir='ltr'><em>cap.</em></span> <span class='ocrx_word' id='word_1_429' title='bbox 1795 1843 1829 1880; x_wconf 81' lang='lat'><em>8.</em></span> <span class='ocrx_word' id='word_1_430' title='bbox 1864 1845 1926 1892; x_wconf 90' lang='lat' dir='ltr'><em>qui</em></span> <span class='ocrx_word' id='word_1_431' title='bbox 1960 1852 2086 1881; x_wconf 88' lang='lat' dir='ltr'><em>tamen</em></span> <span class='ocrx_word' id='word_1_432' title='bbox 2118 1843 2247 1881; x_wconf 82' lang='lat' dir='ltr'><em>vitiose</em></span> <span class='ocrx_word' id='word_1_433' title='bbox 2294 1847 2398 1891; x_wconf 88' lang='lat' dir='ltr'><em>citat,</em></span> <span class='ocrx_word' id='word_1_434' title='bbox 2474 1852 2475 1857; x_wconf 77' lang='grc'>’</span> 
     </span>
     <span class='ocr_line' id='line_1_65' title="bbox 1356 1893 2476 1942; baseline 0.001 -10"><span class='ocrx_word' id='word_1_435' title='bbox 1356 1895 1483 1932; x_wconf 84' lang='lat' dir='ltr'><em>acerris</em></span> <span class='ocrx_word' id='word_1_436' title='bbox 1520 1896 1609 1932; x_wconf 86' lang='lat' dir='ltr'><em>turis</em></span> <span class='ocrx_word' id='word_1_437' title='bbox 1633 1893 1785 1932; x_wconf 83' lang='lat' dir='ltr'><em>honores.</em></span> <span class='ocrx_word' id='word_1_438' title='bbox 1838 1893 1971 1942; x_wconf 88' lang='lat' dir='ltr'><em>Thyfii</em></span> <span class='ocrx_word' id='word_1_439' title='bbox 1993 1906 2084 1931; x_wconf 83' lang='lat' dir='ltr'><em>vero</em></span> <span class='ocrx_word' id='word_1_440' title='bbox 2106 1894 2224 1932; x_wconf 87' lang='lat' dir='ltr'><em>codex</em></span> <span class='ocrx_word' id='word_1_441' title='bbox 2241 1922 2250 1938; x_wconf 93' lang='lat'>‚</span> <span class='ocrx_word' id='word_1_442' title='bbox 2279 1896 2400 1933; x_wconf 83' lang='lat' dir='ltr'><em>acerris</em></span> <span class='ocrx_word' id='word_1_443' title='bbox 2474 1904 2476 1910; x_wconf 50' lang='lat'>⁸</span> 
     </span>
     <span class='ocr_line' id='line_1_66' title="bbox 1356 1942 2477 1995; baseline 0.003 -12"><span class='ocrx_word' id='word_1_444' title='bbox 1356 1947 1447 1984; x_wconf 81' lang='lat' dir='ltr'><em>turis</em></span> <span class='ocrx_word' id='word_1_445' title='bbox 1463 1946 1619 1983; x_wconf 83' lang='lat' dir='ltr'><em>odorant.</em></span> <span class='ocrx_word' id='word_1_446' title='bbox 1647 1945 1752 1995; x_wconf 89' lang='lat' dir='ltr'><em>quod</em></span> <span class='ocrx_word' id='word_1_447' title='bbox 1781 1942 1869 1982; x_wconf 82' lang='lat' dir='ltr'><em>effet</em></span> <span class='ocrx_word' id='word_1_448' title='bbox 1887 1952 1928 1982; x_wconf 91' lang='lat' dir='ltr'><em>ut</em></span> <span class='ocrx_word' id='word_1_449' title='bbox 1949 1949 2115 1994; x_wconf 84' lang='lat' dir='ltr'><em>Vaporare</em></span> <span class='ocrx_word' id='word_1_450' title='bbox 2132 1945 2229 1994; x_wconf 87' lang='lat' dir='ltr'><em>apud</em></span> <span class='ocrx_word' id='word_1_451' title='bbox 2250 1945 2399 1987; x_wconf 86' lang='lat' dir='ltr'><em>Statium</em></span> <span class='ocrx_word' id='word_1_452' title='bbox 2475 1966 2477 1975; x_wconf 41' lang='grc' dir='ltr'><strong><em>ι</em></strong></span> 
     </span>
    </p>
   </div>
   <div class='ocr_carea' id='block_1_15' title="bbox 1355 1997 1677 2043">
    <p class='ocr_par' dir='ltr' id='par_1_25' title="bbox 1355 1997 1677 2043">
     <span class='ocr_line' id='line_1_67' title="bbox 1355 1997 1677 2043; baseline -0.006 -7"><span class='ocrx_word' id='word_1_453' title='bbox 1355 1997 1417 2036; x_wconf 88' lang='lat' dir='ltr'><em>lib.</em></span> <span class='ocrx_word' id='word_1_454' title='bbox 1437 2009 1472 2034; x_wconf 89' lang='lat' dir='ltr'><em>v.</em></span> <span class='ocrx_word' id='word_1_455' title='bbox 1494 1997 1571 2035; x_wconf 89' lang='lat' dir='ltr'><em>Th.</em></span> <span class='ocrx_word' id='word_1_456' title='bbox 1598 2006 1677 2043; x_wconf 88' lang='lat'>174.</span> 
     </span>
    </p>
   </div>
   <div class='ocr_carea' id='block_1_16' title="bbox 1357 2057 2217 2355">
    <p class='ocr_par' dir='ltr' id='par_1_26' title="bbox 1357 2057 2184 2163">
     <span class='ocr_line' id='line_1_68' title="bbox 1409 2057 2184 2110; baseline -0.001 -10"><span class='ocrx_word' id='word_1_457' title='bbox 1409 2061 1502 2100; x_wconf 84' lang='lat' dir='ltr'><em>Alta</em></span> <span class='ocrx_word' id='word_1_458' title='bbox 1522 2061 1629 2099; x_wconf 85' lang='lat' dir='ltr'><em>etiam</em></span> <span class='ocrx_word' id='word_1_459' title='bbox 1643 2060 1808 2110; x_wconf 55' lang='lat' dir='ltr'><em>superam</em></span> <span class='ocrx_word' id='word_1_460' title='bbox 1829 2057 1977 2096; x_wconf 85' lang='lat' dir='ltr'><em>delubra</em></span> <span class='ocrx_word' id='word_1_461' title='bbox 1998 2068 2184 2110; x_wconf 80' lang='lat' dir='ltr'><em>vaporant.</em></span> 
     </span>
     <span class='ocr_line' id='line_1_69' title="bbox 1357 2112 1991 2163; baseline -0.005 -12"><span class='ocrx_word' id='word_1_462' title='bbox 1357 2114 1405 2152; x_wconf 90' lang='lat' dir='ltr'><em>Et</em></span> <span class='ocrx_word' id='word_1_463' title='bbox 1424 2112 1522 2163; x_wconf 85' lang='lat' dir='ltr'><em>apud</em></span> <span class='ocrx_word' id='word_1_464' title='bbox 1541 2113 1716 2150; x_wconf 85' lang='lat' dir='ltr'><em>Nostrum</em></span> <span class='ocrx_word' id='word_1_465' title='bbox 1741 2112 1802 2149; x_wconf 91' lang='lat' dir='ltr'><em>lib.</em></span> <span class='ocrx_word' id='word_1_466' title='bbox 1822 2124 1882 2150; x_wconf 90' lang='lat' dir='ltr'><em>xv.</em></span> <span class='ocrx_word' id='word_1_467' title='bbox 1908 2121 1991 2160; x_wconf 83' lang='lat'><strong>734.</strong></span> 
     </span>
    </p>

    <p class='ocr_par' dir='ltr' id='par_1_27' title="bbox 1363 2162 2198 2258">
     <span class='ocr_line' id='line_1_70' title="bbox 1410 2162 1861 2209; baseline 0 -9"><span class='ocrx_word' id='word_1_468' title='bbox 1410 2169 1456 2200; x_wconf 83' lang='lat' dir='ltr'><em>Et</em></span> <span class='ocrx_word' id='word_1_469' title='bbox 1475 2163 1621 2201; x_wconf 84' lang='lat' dir='ltr'><em>odorant</em></span> <span class='ocrx_word' id='word_1_470' title='bbox 1639 2166 1724 2199; x_wconf 70' lang='lat' dir='ltr'><em>aera</em></span> <span class='ocrx_word' id='word_1_471' title='bbox 1733 2162 1861 2209; x_wconf 82' lang='lat' dir='ltr'><em>famis.</em></span> 
     </span>
     <span class='ocr_line' id='line_1_71' title="bbox 1363 2213 2198 2258; baseline 0 -5"><span class='ocrx_word' id='word_1_472' title='bbox 1363 2215 1434 2253; x_wconf 85' lang='lat' dir='ltr'><em>Sed</em></span> <span class='ocrx_word' id='word_1_473' title='bbox 1453 2215 1604 2251; x_wconf 86' lang='lat' dir='ltr'><em>adorant</em></span> <span class='ocrx_word' id='word_1_474' title='bbox 1624 2214 1766 2252; x_wconf 63' lang='lat' dir='ltr'><em>rectum</em></span> <span class='ocrx_word' id='word_1_475' title='bbox 1794 2213 1854 2250; x_wconf 88' lang='lat' dir='ltr'><em>est.</em></span> <span class='ocrx_word' id='word_1_476' title='bbox 1883 2214 1931 2252; x_wconf 88' lang='lat' dir='ltr'><em>ita</em></span> <span class='ocrx_word' id='word_1_477' title='bbox 1949 2214 2012 2252; x_wconf 91' lang='lat' dir='ltr'><em>lib.</em></span> <span class='ocrx_word' id='word_1_478' title='bbox 2031 2227 2092 2253; x_wconf 81' lang='lat' dir='ltr'><em>xx.</em></span> <span class='ocrx_word' id='word_1_479' title='bbox 2112 2213 2198 2258; x_wconf 68' lang='lat'><em>248.</em></span> 
     </span>
    </p>

    <p class='ocr_par' dir='ltr' id='par_1_28' title="bbox 1364 2264 2217 2355">
     <span class='ocr_line' id='line_1_72' title="bbox 1414 2264 2217 2313; baseline 0.002 -11"><span class='ocrx_word' id='word_1_480' title='bbox 1414 2270 1460 2302; x_wconf 85' lang='lat' dir='ltr'><em>Et</em></span> <span class='ocrx_word' id='word_1_481' title='bbox 1477 2265 1600 2312; x_wconf 78' lang='lat' dir='ltr'><em>pecoris</em></span> <span class='ocrx_word' id='word_1_482' title='bbox 1610 2264 1712 2313; x_wconf 84' lang='lat' dir='ltr'><em>fibris</em></span> <span class='ocrx_word' id='word_1_483' title='bbox 1725 2293 1735 2309; x_wconf 93' lang='lat'><strong>‚</strong></span> <span class='ocrx_word' id='word_1_484' title='bbox 1764 2275 1807 2304; x_wconf 66' lang='lat'><em>&amp;¹</em></span> <span class='ocrx_word' id='word_1_485' title='bbox 1823 2266 1922 2308; x_wconf 74' lang='lat' dir='ltr'><em>fumo</em></span> <span class='ocrx_word' id='word_1_486' title='bbox 1943 2265 2032 2302; x_wconf 83' lang='lat' dir='ltr'><em>turis</em></span> <span class='ocrx_word' id='word_1_487' title='bbox 2052 2265 2217 2304; x_wconf 82' lang='lat' dir='ltr'><em>adorant.</em></span> 
     </span>
     <span class='ocr_line' id='line_1_73' title="bbox 1364 2315 2046 2355; baseline 0 -1"><span class='ocrx_word' id='word_1_488' title='bbox 1364 2321 1495 2354; x_wconf 85' lang='lat' dir='ltr'><em>Acerra</em></span> <span class='ocrx_word' id='word_1_489' title='bbox 1517 2329 1609 2355; x_wconf 87' lang='lat' dir='ltr'><em>unus</em></span> <span class='ocrx_word' id='word_1_490' title='bbox 1631 2315 1802 2354; x_wconf 82' lang='lat' dir='ltr'><em>Ambros.</em></span> <span class='ocrx_word' id='word_1_491' title='bbox 1844 2317 2046 2355; x_wconf 67' lang='lat' dir='ltr'><em>Heinsius.</em></span> 
     </span>
    </p>
   </div>
   <div class='ocr_carea' id='block_1_17' title="bbox 1364 2381 2414 3045">
    <p class='ocr_par' dir='ltr' id='par_1_29' title="bbox 1364 2381 2414 2993">
     <span class='ocr_line' id='line_1_74' title="bbox 1402 2381 2403 2471; baseline 0.003 -49"><span class='ocrx_word' id='word_1_492' title='bbox 1402 2395 1498 2471; x_wconf 55' lang='lat' dir='ltr'><em>f{aa</em></span> <span class='ocrx_word' id='word_1_493' title='bbox 1525 2382 1715 2434; x_wconf 85' lang='lat' dir='ltr'><em>Haberet.]</em></span> <span class='ocrx_word' id='word_1_494' title='bbox 1754 2381 1913 2420; x_wconf 81' lang='lat' dir='ltr'><em>Habebat</em></span> <span class='ocrx_word' id='word_1_495' title='bbox 1932 2382 2008 2421; x_wconf 92' lang='lat' dir='ltr'><em>duo</em></span> <span class='ocrx_word' id='word_1_496' title='bbox 2029 2383 2163 2435; x_wconf 83' lang='lat' dir='ltr'><em>scripti.</em></span> <span class='ocrx_word' id='word_1_497' title='bbox 2191 2384 2265 2424; x_wconf 91' lang='lat' dir='ltr'><em>vid.</em></span> <span class='ocrx_word' id='word_1_498' title='bbox 2293 2385 2337 2425; x_wconf 82' lang='lat' dir='ltr'><em>ad</em></span> <span class='ocrx_word' id='word_1_499' title='bbox 2357 2386 2403 2425; x_wconf 89' lang='lat' dir='ltr'><em>E-</em></span> 
     </span>
     <span class='ocr_line' id='line_1_75' title="bbox 1389 2446 1620 2473; baseline 0.004 -2"><span class='ocrx_word' id='word_1_500' title='bbox 1389 2446 1398 2471; x_wconf 94' lang='lat'>1</span> <span class='ocrx_word' id='word_1_501' title='bbox 1432 2464 1439 2472; x_wconf 83' lang='grc'><em>,</em></span> <span class='ocrx_word' id='word_1_502' title='bbox 1468 2447 1539 2473; x_wconf 82' lang='lat' dir='ltr'><em>vxi.</em></span> <span class='ocrx_word' id='word_1_503' title='bbox 1560 2447 1579 2472; x_wconf 88' lang='lat'><em>2</em></span> <span class='ocrx_word' id='word_1_504' title='bbox 1612 2465 1620 2472; x_wconf 88' lang='lat'><strong>.</strong></span> 
     </span>
     <span class='ocr_line' id='line_1_76' title="bbox 1364 2445 2405 2574; baseline 0.002 -50"><span class='ocrx_word' id='word_1_505' title='bbox 1364 2445 1386 2482; x_wconf 76' lang='lat' dir='ltr'>p</span> <span class='ocrx_word' id='word_1_506' title='bbox 1415 2497 1499 2574; x_wconf 83' lang='lat' dir='ltr'><em>l271.</em></span> <span class='ocrx_word' id='word_1_507' title='bbox 1528 2448 1654 2536; x_wconf 55' lang='lat' dir='ltr'><em>Cagffa</em></span> <span class='ocrx_word' id='word_1_508' title='bbox 1666 2484 1845 2536; x_wconf 60' lang='lat' dir='ltr'><em>petendi]</em></span> <span class='ocrx_word' id='word_1_509' title='bbox 1875 2485 2085 2525; x_wconf 79' lang='lat' dir='ltr'><em>Petentisec.</em></span> <span class='ocrx_word' id='word_1_510' title='bbox 2098 2486 2237 2526; x_wconf 84' lang='lat' dir='ltr'><em>Medic.</em></span> <span class='ocrx_word' id='word_1_511' title='bbox 2261 2487 2405 2526; x_wconf 87' lang='lat' dir='ltr'><em>&amp;Nea-</em></span> 
     </span>
     <span class='ocr_line' id='line_1_77' title="bbox 1364 2547 1438 2584; baseline 0.014 -10"><span class='ocrx_word' id='word_1_512' title='bbox 1364 2547 1413 2584; x_wconf 93' lang='lat' dir='ltr'><em>po</em></span> <span class='ocrx_word' id='word_1_513' title='bbox 1430 2565 1438 2575; x_wconf 90' lang='lat'><strong>.</strong></span> 
     </span>
     <span class='ocr_line' id='line_1_78' title="bbox 1420 2587 2407 2639; baseline 0.002 -14"><span class='ocrx_word' id='word_1_514' title='bbox 1420 2600 1505 2634; x_wconf 86' lang='lat'><em>272.</em></span> <span class='ocrx_word' id='word_1_515' title='bbox 1533 2589 1674 2636; x_wconf 85' lang='lat' dir='ltr'><em>Infestae</em></span> <span class='ocrx_word' id='word_1_516' title='bbox 1685 2587 1849 2636; x_wconf 78' lang='lat' dir='ltr'><em>famulus</em></span> <span class='ocrx_word' id='word_1_517' title='bbox 1870 2588 2070 2639; x_wconf 83' lang='lat' dir='ltr'><em>vindexque</em></span> <span class='ocrx_word' id='word_1_518' title='bbox 2088 2588 2268 2639; x_wconf 64' lang='lat' dir='ltr'><em>Dianae]</em></span> <span class='ocrx_word' id='word_1_519' title='bbox 2298 2587 2407 2627; x_wconf 84' lang='lat' dir='ltr'><em>Multi</em></span> 
     </span>
     <span class='ocr_line' id='line_1_79' title="bbox 1371 2639 2406 2691; baseline 0.004 -17"><span class='ocrx_word' id='word_1_520' title='bbox 1371 2639 1515 2677; x_wconf 84' lang='lat' dir='ltr'><em>codices</em></span> <span class='ocrx_word' id='word_1_521' title='bbox 1535 2668 1546 2684; x_wconf 91' lang='lat'>‚</span> <span class='ocrx_word' id='word_1_522' title='bbox 1584 2641 1718 2676; x_wconf 85' lang='lat' dir='ltr'><em>vulnus</em></span> <span class='ocrx_word' id='word_1_523' title='bbox 1744 2640 1955 2691; x_wconf 82' lang='lat' dir='ltr'><em>vindexque.</em></span> <span class='ocrx_word' id='word_1_524' title='bbox 1993 2640 2107 2677; x_wconf 79' lang='lat' dir='ltr'><em>Unde</em></span> <span class='ocrx_word' id='word_1_525' title='bbox 2127 2641 2218 2678; x_wconf 84' lang='lat' dir='ltr'><em>olim</em></span> <span class='ocrx_word' id='word_1_526' title='bbox 2239 2639 2406 2678; x_wconf 85' lang='lat' dir='ltr'><em>Heinfius</em></span> 
     </span>
     <span class='ocr_line' id='line_1_80' title="bbox 1371 2690 2414 2741; baseline 0.001 -15"><span class='ocrx_word' id='word_1_527' title='bbox 1371 2690 1610 2738; x_wconf 82' lang='lat' dir='ltr'><em>conjiciebat,</em></span> <span class='ocrx_word' id='word_1_528' title='bbox 1639 2691 1771 2727; x_wconf 75' lang='lat' dir='ltr'><em>vindex</em></span> <span class='ocrx_word' id='word_1_529' title='bbox 1794 2691 1974 2741; x_wconf 79' lang='lat' dir='ltr'><em>ultorque:</em></span> <span class='ocrx_word' id='word_1_530' title='bbox 1993 2690 2053 2729; x_wconf 86' lang='lat' dir='ltr'><em>sed</em></span> <span class='ocrx_word' id='word_1_531' title='bbox 2079 2691 2170 2728; x_wconf 88' lang='lat' dir='ltr'><em>nihil</em></span> <span class='ocrx_word' id='word_1_532' title='bbox 2203 2700 2328 2729; x_wconf 88' lang='lat' dir='ltr'><em>muta:</em></span> <span class='ocrx_word' id='word_1_533' title='bbox 2348 2692 2414 2738; x_wconf 86' lang='lat' dir='ltr'><em>fa·.</em></span> 
     </span>
     <span class='ocr_line' id='line_1_81' title="bbox 1369 2739 2406 2791; baseline 0.002 -16"><span class='ocrx_word' id='word_1_534' title='bbox 1369 2740 1479 2776; x_wconf 82' lang='lat' dir='ltr'><em>mulos</em></span> <span class='ocrx_word' id='word_1_535' title='bbox 1500 2743 1599 2779; x_wconf 86' lang='lat' dir='ltr'><em>enim</em></span> <span class='ocrx_word' id='word_1_536' title='bbox 1618 2742 1791 2779; x_wconf 83' lang='lat' dir='ltr'><em>animalia</em></span> <span class='ocrx_word' id='word_1_537' title='bbox 1807 2743 1845 2779; x_wconf 89' lang='lat'>&amp;</span> <span class='ocrx_word' id='word_1_538' title='bbox 1877 2742 1943 2779; x_wconf 87' lang='lat' dir='ltr'><em>alia</em></span> <span class='ocrx_word' id='word_1_539' title='bbox 1960 2769 1970 2785; x_wconf 93' lang='lat'><em>,</em></span> <span class='ocrx_word' id='word_1_540' title='bbox 1987 2753 2052 2790; x_wconf 90' lang='lat' dir='ltr'><em>per</em></span> <span class='ocrx_word' id='word_1_541' title='bbox 2080 2753 2177 2791; x_wconf 87' lang='lat' dir='ltr'><em>quae</em></span> <span class='ocrx_word' id='word_1_542' title='bbox 2209 2743 2273 2780; x_wconf 91' lang='lat' dir='ltr'><em>Dii</em></span> <span class='ocrx_word' id='word_1_543' title='bbox 2291 2739 2406 2779; x_wconf 90' lang='lat' dir='ltr'><em>vindi-</em></span> 
     </span>
     <span class='ocr_line' id='line_1_82' title="bbox 1371 2789 2411 2841; baseline 0.001 -14"><span class='ocrx_word' id='word_1_544' title='bbox 1371 2789 1466 2827; x_wconf 66' lang='lat' dir='ltr'><em>etam</em></span> <span class='ocrx_word' id='word_1_545' title='bbox 1486 2792 1583 2829; x_wconf 85' lang='lat' dir='ltr'><em>suam</em></span> <span class='ocrx_word' id='word_1_546' title='bbox 1606 2792 2053 2836; x_wconf 86' lang='lat' dir='ltr'><em>exercebant‚vocabant,</em></span> <span class='ocrx_word' id='word_1_547' title='bbox 2080 2794 2126 2830; x_wconf 92' lang='lat' dir='ltr'><em>de</em></span> <span class='ocrx_word' id='word_1_548' title='bbox 2152 2804 2230 2841; x_wconf 87' lang='lat' dir='ltr'><em>quo</em></span> <span class='ocrx_word' id='word_1_549' title='bbox 2248 2793 2350 2830; x_wconf 82' lang='lat' dir='ltr'><em>latius</em></span> <span class='ocrx_word' id='word_1_550' title='bbox 2366 2789 2411 2828; x_wconf 84' lang='lat' dir='ltr'><em>ad</em></span> 
     </span>
     <span class='ocr_line' id='line_1_83' title="bbox 1370 2840 2414 2893; baseline 0.002 -17"><span class='ocrx_word' id='word_1_551' title='bbox 1370 2840 1492 2878; x_wconf 80' lang='lat' dir='ltr'><em>Valet.</em></span> <span class='ocrx_word' id='word_1_552' title='bbox 1512 2843 1684 2880; x_wconf 87' lang='lat' dir='ltr'><em>Flaccum</em></span> <span class='ocrx_word' id='word_1_553' title='bbox 1711 2854 1862 2892; x_wconf 82' lang='lat' dir='ltr'><em>agemus</em></span> <span class='ocrx_word' id='word_1_554' title='bbox 1891 2844 1952 2881; x_wconf 86' lang='lat' dir='ltr'><em>lib.</em></span> <span class='ocrx_word' id='word_1_555' title='bbox 1978 2856 2027 2881; x_wconf 74' lang='lat' dir='ltr'><em>iv.</em></span> <span class='ocrx_word' id='word_1_556' title='bbox 2049 2856 2131 2893; x_wconf 78' lang='lat'>520.</span> <span class='ocrx_word' id='word_1_557' title='bbox 2161 2840 2414 2893; x_wconf 73' lang='lat' dir='ltr'><em>Langerman-&#39;</em></span> 
     </span>
     <span class='ocr_line' id='line_1_84' title="bbox 1371 2891 2409 2940; baseline 0.003 -13"><span class='ocrx_word' id='word_1_558' title='bbox 1371 2891 1408 2927; x_wconf 91' lang='lat' dir='ltr'><em>ni</em></span> <span class='ocrx_word' id='word_1_559' title='bbox 1431 2893 1541 2929; x_wconf 87' lang='lat' dir='ltr'><em>etiam</em></span> <span class='ocrx_word' id='word_1_560' title='bbox 1573 2893 1685 2938; x_wconf 84' lang='lat' dir='ltr'><em>liber,</em></span> <span class='ocrx_word' id='word_1_561' title='bbox 1713 2894 1866 2931; x_wconf 83' lang='lat' dir='ltr'><em>incultae</em></span> <span class='ocrx_word' id='word_1_562' title='bbox 1885 2894 2024 2931; x_wconf 82' lang='lat' dir='ltr'><em>Dianae</em></span> <span class='ocrx_word' id='word_1_563' title='bbox 2039 2923 2049 2940; x_wconf 95' lang='lat'>‚</span> <span class='ocrx_word' id='word_1_564' title='bbox 2077 2895 2173 2933; x_wconf 86' lang='lat' dir='ltr'><em>forte</em></span> <span class='ocrx_word' id='word_1_565' title='bbox 2193 2906 2269 2932; x_wconf 90' lang='lat' dir='ltr'><em>non</em></span> <span class='ocrx_word' id='word_1_566' title='bbox 2290 2893 2409 2938; x_wconf 86' lang='lat' dir='ltr'><em>male,</em></span> 
     </span>
     <span class='ocr_line' id='line_1_85' title="bbox 1372 2944 2083 2993; baseline 0.008 -15"><span class='ocrx_word' id='word_1_567' title='bbox 1372 2951 1439 2988; x_wconf 90' lang='lat' dir='ltr'><em>pro</em></span> <span class='ocrx_word' id='word_1_568' title='bbox 1462 2954 1536 2979; x_wconf 90' lang='lat' dir='ltr'><em>non</em></span> <span class='ocrx_word' id='word_1_569' title='bbox 1558 2944 1697 2987; x_wconf 87' lang='lat' dir='ltr'><em>cultae,</em></span> <span class='ocrx_word' id='word_1_570' title='bbox 1724 2945 1924 2993; x_wconf 40' lang='lat' dir='ltr'><em>neglectae.</em></span> <span class='ocrx_word' id='word_1_571' title='bbox 1952 2946 2083 2984; x_wconf 74' lang='lat' dir='ltr'><em>Bunm.</em></span> 
     </span>
    </p>

    <p class='ocr_par' dir='ltr' id='par_1_30' title="bbox 1426 2993 2411 3045">
     <span class='ocr_line' id='line_1_86' title="bbox 1426 2993 2411 3045; baseline 0.004 -18"><span class='ocrx_word' id='word_1_572' title='bbox 1426 3003 1509 3040; x_wconf 84' lang='lat'><strong>273.</strong></span> <span class='ocrx_word' id='word_1_573' title='bbox 1537 2999 1649 3028; x_wconf 87' lang='lat' dir='ltr'><em>Oenea</em></span> <span class='ocrx_word' id='word_1_574' title='bbox 1670 2996 1856 3045; x_wconf 59' lang='lat' dir='ltr'><em>namque]</em></span> <span class='ocrx_word' id='word_1_575' title='bbox 1911 2998 2080 3035; x_wconf 82' lang='lat' dir='ltr'><em>Lutatius</em></span> <span class='ocrx_word' id='word_1_576' title='bbox 2102 2997 2147 3034; x_wconf 88' lang='lat' dir='ltr'><em>ad</em></span> <span class='ocrx_word' id='word_1_577' title='bbox 2167 2994 2253 3034; x_wconf 86' lang='lat' dir='ltr'><em>illud</em></span> <span class='ocrx_word' id='word_1_578' title='bbox 2275 2993 2375 3032; x_wconf 82' lang='lat' dir='ltr'><em>Statii</em></span> <span class='ocrx_word' id='word_1_579' title='bbox 2398 3019 2411 3037; x_wconf 86' lang='lat'><em>,</em></span> 
     </span>
    </p>
   </div>
   <div class='ocr_carea' id='block_1_18' title="bbox 1375 3042 2418 3092">
    <p class='ocr_par' dir='ltr' id='par_1_31' title="bbox 1375 3042 2418 3092">
     <span class='ocr_line' id='line_1_87' title="bbox 1375 3042 2418 3092; baseline 0.003 -15"><span class='ocrx_word' id='word_1_580' title='bbox 1375 3047 1546 3090; x_wconf 75' lang='lat' dir='ltr'><em>saevoque</em></span> <span class='ocrx_word' id='word_1_581' title='bbox 1566 3042 1715 3089; x_wconf 84' lang='lat' dir='ltr'><em>infanda</em></span> <span class='ocrx_word' id='word_1_582' title='bbox 1729 3054 1890 3092; x_wconf 86' lang='lat' dir='ltr'><em>precatur</em></span> <span class='ocrx_word' id='word_1_583' title='bbox 1903 3048 2061 3084; x_wconf 61' lang='lat' dir='ltr'><em>Oenidae,</em></span> <span class='ocrx_word' id='word_1_584' title='bbox 2079 3048 2124 3085; x_wconf 87' lang='lat' dir='ltr'><em>fic</em></span> <span class='ocrx_word' id='word_1_585' title='bbox 2140 3047 2184 3084; x_wconf 88' lang='lat' dir='ltr'><em>de</em></span> <span class='ocrx_word' id='word_1_586' title='bbox 2203 3047 2338 3083; x_wconf 82' lang='lat' dir='ltr'><em>Oeneo</em></span> <span class='ocrx_word' id='word_1_587' title='bbox 2353 3044 2418 3082; x_wconf 86' lang='lat' dir='ltr'><em>lit-.</em></span> 
     </span>
    </p>
   </div>
   <div class='ocr_carea' id='block_1_19' title="bbox 1373 3091 2417 3300">
    <p class='ocr_par' dir='ltr' id='par_1_32' title="bbox 1373 3091 2417 3300">
     <span class='ocr_line' id='line_1_88' title="bbox 1375 3091 2412 3146; baseline 0.005 -19"><span class='ocrx_word' id='word_1_588' title='bbox 1375 3092 1458 3128; x_wconf 85' lang='lat' dir='ltr'><em>teris</em></span> <span class='ocrx_word' id='word_1_589' title='bbox 1479 3091 1725 3139; x_wconf 81' lang='lat' dir='ltr'><em>consignavit:</em></span> <span class='ocrx_word' id='word_1_590' title='bbox 1754 3096 1857 3143; x_wconf 89' lang='lat' dir='ltr'><em>quod</em></span> <span class='ocrx_word' id='word_1_591' title='bbox 1882 3099 1925 3134; x_wconf 83' lang='lat' dir='ltr'><em>ab</em></span> <span class='ocrx_word' id='word_1_592' title='bbox 1945 3099 2020 3146; x_wconf 79' lang='lat' dir='ltr'><em>ipso</em></span> <span class='ocrx_word' id='word_1_593' title='bbox 2043 3098 2188 3136; x_wconf 90' lang='lat' dir='ltr'><em>Ovidio</em></span> <span class='ocrx_word' id='word_1_594' title='bbox 2202 3097 2343 3135; x_wconf 81' lang='lat' dir='ltr'><em>videtur</em></span> <span class='ocrx_word' id='word_1_595' title='bbox 2353 3104 2412 3132; x_wconf 89' lang='lat' dir='ltr'><em>ac-</em></span> 
     </span>
     <span class='ocr_line' id='line_1_89' title="bbox 1381 3141 2412 3193; baseline 0.004 -15"><span class='ocrx_word' id='word_1_596' title='bbox 1381 3141 1534 3190; x_wconf 78' lang='lat' dir='ltr'><em>cepiffe:</em></span> <span class='ocrx_word' id='word_1_597' title='bbox 1565 3148 1693 3178; x_wconf 76' lang='lat' dir='ltr'><em>Oeneus</em></span> <span class='ocrx_word' id='word_1_598' title='bbox 1722 3145 1931 3184; x_wconf 79' lang='lat' dir='ltr'><em>Parthaonis</em></span> <span class='ocrx_word' id='word_1_599' title='bbox 1952 3149 2043 3193; x_wconf 75' lang='lat' dir='ltr'><em>silius</em></span> <span class='ocrx_word' id='word_1_600' title='bbox 2065 3147 2223 3186; x_wconf 83' lang='lat' dir='ltr'><em>Aetoliae</em></span> <span class='ocrx_word' id='word_1_601' title='bbox 2245 3153 2336 3189; x_wconf 87' lang='lat' dir='ltr'><em>Rex,</em></span> <span class='ocrx_word' id='word_1_602' title='bbox 2355 3157 2412 3182; x_wconf 83' lang='lat' dir='ltr'><em>cu·</em></span> 
     </span>
     <span class='ocr_line' id='line_1_90' title="bbox 1373 3192 2417 3245; baseline 0.01 -18"><span class='ocrx_word' id='word_1_603' title='bbox 1373 3192 1430 3239; x_wconf 85' lang='lat' dir='ltr'><em>jus</em></span> <span class='ocrx_word' id='word_1_604' title='bbox 1452 3192 1579 3228; x_wconf 82' lang='lat' dir='ltr'><em>civitas</em></span> <span class='ocrx_word' id='word_1_605' title='bbox 1595 3193 1777 3241; x_wconf 73' lang='lat' dir='ltr'><em>Calydon,</em></span> <span class='ocrx_word' id='word_1_606' title='bbox 1805 3198 2045 3245; x_wconf 67' lang='lat' dir='ltr'><em>nobiliffimam</em></span> <span class='ocrx_word' id='word_1_607' title='bbox 2082 3211 2125 3237; x_wconf 55' lang='lat'><em>0⁵·</em></span> <span class='ocrx_word' id='word_1_608' title='bbox 2153 3203 2329 3243; x_wconf 74' lang='lat' dir='ltr'><em>summam</em></span> <span class='ocrx_word' id='word_1_609' title='bbox 2356 3196 2417 3245; x_wconf 44' lang='lat' dir='ltr'><em>po?</em></span> 
     </span>
     <span class='ocr_line' id='line_1_91' title="bbox 1379 3242 2415 3300; baseline 0.005 -23"><span class='ocrx_word' id='word_1_610' title='bbox 1379 3242 1531 3287; x_wconf 79' lang='lat' dir='ltr'><em>testatem</em></span> <span class='ocrx_word' id='word_1_611' title='bbox 1551 3244 1644 3289; x_wconf 58' lang='lat' dir='ltr'><em>reqni</em></span> <span class='ocrx_word' id='word_1_612' title='bbox 1667 3245 1851 3289; x_wconf 73' lang='lat' dir='ltr'><em>turbavit,</em></span> <span class='ocrx_word' id='word_1_613' title='bbox 1874 3248 2079 3296; x_wconf 62' lang='lat' dir='ltr'><em>negligentia</em></span> <span class='ocrx_word' id='word_1_614' title='bbox 2094 3249 2272 3300; x_wconf 83' lang='lat' dir='ltr'><em>sacrorum</em></span> <span class='ocrx_word' id='word_1_615' title='bbox 2293 3243 2415 3284; x_wconf 60' lang='lat' dir='ltr'><em>nimici.</em></span> 
     </span>
    </p>
   </div>
   <div class='ocr_carea' id='block_1_20' title="bbox 1377 3294 2481 3387">
    <p class='ocr_par' dir='ltr' id='par_1_33' title="bbox 1377 3294 2481 3387">
     <span class='ocr_line' id='line_1_92' title="bbox 1377 3294 2481 3353; baseline 0.001 -23"><span class='ocrx_word' id='word_1_616' title='bbox 1377 3294 1553 3345; x_wconf 70' lang='lat' dir='ltr'><em>Siquidem</em></span> <span class='ocrx_word' id='word_1_617' title='bbox 1568 3306 1650 3332; x_wconf 80' lang='lat' dir='ltr'><em>vota</em></span> <span class='ocrx_word' id='word_1_618' title='bbox 1663 3305 1724 3346; x_wconf 79' lang='lat' dir='ltr'><em>pro</em></span> <span class='ocrx_word' id='word_1_619' title='bbox 1746 3297 1880 3348; x_wconf 81' lang='lat' dir='ltr'><em>imperii</em></span> <span class='ocrx_word' id='word_1_620' title='bbox 1893 3298 2070 3346; x_wconf 60' lang='lat' dir='ltr'><em>frua‘ltbus</em></span> <span class='ocrx_word' id='word_1_621' title='bbox 2089 3299 2280 3344; x_wconf 81' lang='lat' dir='ltr'><em>celebrans,</em></span> <span class='ocrx_word' id='word_1_622' title='bbox 2295 3308 2416 3353; x_wconf 75' lang='lat' dir='ltr'><em>nomen</em></span> <span class='ocrx_word' id='word_1_623' title='bbox 2480 3317 2481 3346; x_wconf 69' lang='lat' dir='ltr'><em>i</em></span> 
     </span>
     <span class='ocr_line' id='line_1_93' title="bbox 2281 3350 2481 3387; baseline -0.025 0"><span class='ocrx_word' id='word_1_624' title='bbox 2281 3354 2416 3387; x_wconf 74' lang='lat' dir='ltr'><em>Dianae</em></span> <span class='ocrx_word' id='word_1_625' title='bbox 2480 3350 2481 3382; x_wconf 68' lang='grc' dir='ltr'>ἒ</span> 
     </span>
    </p>
   </div>
  </div>
 </body>
</html>
