2483 3616
208 206 276 266 36

604 225 618 227 -‡
674 191 768 248 «Ρ.
841 186 1259 266 ovrnrl
1332 159 1871 243 NASONIS

489 294 811 351 Terrificam
836 292 1019 364 capitis
1049 287 1313 345 concuffit
1338 300 1528 361 terque
1550 301 1847 362 quaterque

348 368 449 422 180
485 367 814 427 Caesariem3
856 381 981 419 cum
1004 364 1110 434 quil
1136 374 1330 416 terram
1344 401 1366 424 ‚.
1397 378 1569 421 mare,
1609 361 1804 424 sidera,
1841 358 2032 414 movit,

487 438 713 494 Talibus
735 437 864 491 inde
889 435 1065 489 modis
1090 452 1182 488 ora
1204 433 1533 503 indignantia
1555 432 1723 485 solvit.

486 512 614 566 Non
642 527 745 581 ego
771 527 875 580 pro
894 506 1082 561 mundi
1107 522 1275 576 regno
1301 504 1465 575 magis
1492 504 1675 557 anxius
1700 504 1785 558 illa

491 580 837 653 Tempestate
861 580 965 641 fui,
1002 579 1109 651 qua
1134 589 1355 631 centum
1378 575 1598 648 quisque
1621 575 1870 644 parabant

487 654 707 725 Injicere
743 650 1102 723 anguipedum
1128 650 1341 721 captivo
1363 647 1573 701 brachia
1597 649 1767 701 coelo,

352 727 448 796 185
487 728 653 789 Nam,
692 741 1012 797 quamquam
1040 722 1181 776 ferus
1203 721 1361 774 hostis
1385 731 1526 780 erat,
1564 731 1741 773 tamen
1767 718 1897 773 illud
1932 718 1997 773 ab
2020 735 2141 773 uno<

494 798 774 868 Corpore,
819 797 870 849 &
902 814 970 847 ex
994 796 1096 845 una
1121 791 1387 862 pendebat
1412 789 1620 860 origine
1646 790 1857 845 bellum.

493 871 651 924 Nunc
676 867 833 929 mihi,
870 865 976 936 qua
999 876 1176 917 totum
1201 863 1406 917 Nereus
1431 861 1786 916 circumtonat
1822 863 2039 928 orbem,

490 938 839 997 Perdendum
866 937 1090 992 mortale
1113 953 1293 1009 genus,
1332 952 1428 1008 per
1452 933 1815 1006 fiuminajuro

201 1147 310 1186 dices.
362 1145 542 1183 Palatium
599 1144 678 1182 coeli
723 1143 835 1181 etiam
893 1140 1042 1192 quidam
1100 1138 1250 1178 codices

202 1198 240 1235 in
262 1197 432 1235 Enniano
465 1198 675 1245 fragmento
701 1223 711 1240 ,
758 1193 861 1244 quod
900 1194 1009 1230 habet
1053 1191 1170 1229 Cicer.
1199 1203 1247 1229 11.

203 1248 249 1285 de
293 1249 419 1285 Natur.
453 1248 568 1284 Deor.
592 1285 594 1288 ,
620 1246 674 1282 18.
706 1245 768 1282 ubi
799 1245 858 1281 alii
899 1243 1029 1281 restius
1067 1241 1247 1279 palatum.

203 1298 277 1335 vid.
304 1298 480 1334 Column.
515 1296 561 1334 ad
582 1296 745 1333 Ennium
769 1307 849 1344 pag.
875 1306 957 1343 327.
981 1295 1019 1331 ὃς
1041 1293 1178 1330 Davies
1201 1291 1248 1329 ad

202 1348 394 1385 Ciceronis
414 1348 553 1384 locum.
581 1347 672 1383 haec
696 1354 819 1383 autem
848 1344 969 1381 addita
1004 1345 1041 1380 in
1066 1342 1247 1380 adulatio-

202 1409 291 1436 nem
326 1397 504 1446 Augusti,
542 1397 642 1445 cujus
675 1396 855 1432 Palatium
888 1392 999 1431 etiam
1029 1393 1116 1430 ideo
1139 1393 1248 1439 Jovis

203 1448 345 1485 domum
368 1455 477 1484 vocat
497 1447 556 1484 lib.
584 1459 614 1484 1.
637 1446 745 1484 Trist.
764 1459 791 1483 1.
817 1447 856 1483 ὃς
877 1445 970 1482 alibi.
992 1456 1058 1492 pro
1081 1444 1180 1480 haud
1202 1444 1248 1480 ti-

203 1511 342 1543 meam,
369 1506 525 1547 quatuor
536 1497 636 1541 libri,
664 1496 763 1534 haud
783 1496 946 1533 dubitem.
973 1495 1104 1532 BURM.
1140 1499 1143 1503 ’

217 1557 220 1560 ’
264 1559 344 1594 177.
373 1554 577 1584 M‘armoreo-
609 1547 764 1597 recessu]
797 1546 942 1583 Theatro
974 1546 1162 1593 J'unianus.
1199 1543 1258 1581 fic*

203 1598 334 1636 Venus
356 1598 451 1646 apud
472 1597 672 1646 Apulejum
694 1599 790 1633 Met.
811 1609 865 1632 vr.
888 1597 970 1646 quia
994 1610 1046 1631 me
1068 1595 1183 1644 neceffi’
1204 1595 1248 1641 est

204 1648 385 1686 theatrum
408 1654 560 1684 Deorum
574 1649 799 1698 frequentare
813 1674 823 1690 ‚
861 1647 899 1683 &
922 1645 1031 1693 paulo
1057 1645 1137 1693 post
1152 1674 1163 1690 ,
1186 1645 1249 1681 ubi

204 1699 430 1735 concionem
463 1699 633 1734 Deorum
658 1710 678 1733 a
700 1696 889 1734 Mercurio
913 1703 1160 1732 convocatam
1185 1694 1250 1731 de-

204 1748 348 1793 scribit,
379 1748 502 1794 statim
525 1747 681 1795 completo
714 1745 834 1792 coelesti
866 1745 1000 1782 theatro
1026 1773 1035 1788 ,
1085 1754 1146 1793 pro
1170 1746 1249 1793 sede

194 1797 345 1846 sublimi
366 1798 486 1845 sedens
519 1797 661 1845 Jupiter
683 1794 732 1844 fic
775 1795 947 1832 enunciat.
994 1794 1041 1832 fic
1078 1795 1250 1844 Virgilius

208 1846 268 1885 lib.
292 1859 327 1885 v.
352 1847 434 1885 228.

490 1897 675 1948 Mediaque
696 1897 734 1934 in
756 1896 850 1933 valle
876 1896 1018 1933 Theatri

311 1949 434 1986 Circus
454 1958 538 1985 erat.

205 1997 307 2036 Vide
340 2000 484 2036 Freher.
516 1998 562 2035 ad
583 1998 722 2036 Auson.
756 1996 900 2035 Moseil.
932 2010 969 2035 v.
1007 1998 1087 2048 156.
1121 1999 1184 2048 qui
1210 1999 1250 2037 &

197 2049 340 2098 scenam
362 2050 509 2086 locorum
532 2048 630 2086 dixit.
651 2062 686 2086 v.
713 2049 794 2096 169.
818 2050 1030 2086 Hfimsms.
1057 2048 1247 2087 verosimi-

205 2099 242 2137 le
277 2100 427 2148 quidem
463 2099 579 2148 potest
611 2099 736 2136 videri
768 2099 922 2148 receffum
966 2098 1036 2137 effe
1067 2097 1247 2148 gloffam,

204 2160 279 2198 qua
303 2149 492 2186 Theatrum
519 2149 761 2198 explicabatur
776 2178 786 2194 ‚
811 2150 895 2198 quia
917 2149 1000 2187 loca
1021 2150 1059 2187 in
1092 2150 1248 2187 Theatri

205 2200 371 2236 formam
388 2201 551 2236 ‘recedere
594 2200 719 2248 paffim
756 2199 934 2237 dicuntur.
974 2201 1013 2238 δε
1036 2201 1246 2249 frequenter

205 2249 337 2287 Poetas
360 2251 399 2287 &
419 2250 607 2287 historicos
627 2250 709 2287 loca
729 2250 813 2286 talia
835 2250 1005 2287 Theatris
1032 2261 1246 2298 comparare

208 2299 343 2337 videbis'
366 2300 462 2348 apud
484 2300 603 2337 Barth.
626 2300 670 2337 ad
695 2300 846 2337 Stat.vr.
869 2301 1086 2349 Theb-255·
1108 2301 1245 2337 Davies

207 2348 255 2385 ad
276 2350 373 2387 Hirt.
393 2350 480 2387 Belh
501 2351 617 2387 Afric.
643 2362 699 2400 37.
723 2352 762 2388 &
782 2350 926 2388 Freher.
947 2351 993 2388 ad
1014 2351 1168 2389 Ausonii
1189 2351 1246 2388 lo-

208 2410 296 2435 cum
320 2399 363 2435 ab
385 2399 539 2437 Heinsio
560 2400 761 2437 laudatum.
794 2401 915 2449 potuit
941 2401 1051 2438 etiam
1075 2400 1246 2438 adludere

210 2448 259 2485 ad
282 2460 428 2485 morem
452 2450 674 2487 Graecarum
698 2451 900 2488 civitatium
919 2479 929 2495 ,
962 2463 1050 2500 quas
1070 2453 1107 2489 in
1121 2452 1250 2488 Thea—

206 2499 274 2535 tris‘
301 2506 502 2536 conventus
534 2500 695 2547 publicos
727 2500 834 2549 egiffe
864 2509 998 2538 notum
1032 2502 1090 2539 est.
1117 2513 1165 2538 ne
1195 2510 1249 2539 ta-

209 2559 298 2584 men
324 2548 468 2585 Theatro
490 2550 663 2597 recipiam
679 2579 689 2594 ‚
717 2551 802 2587 facit
817 2580 827 2596 ,
865 2551 966 2599 quod
989 2552 1070 2589 alibi
1092 2552 1244 2589 interio-

207 2609 247 2635 ra
270 2599 457 2635 conclavia
480 2601 611 2647 receſjus
633 2608 753 2637 vocet.
784 2609 824 2637 ut
845 2601 904 2637 lib.
927 2613 998 2638 vn.
1023 2601 1108 2647 670.
1136 2602 1175 2638 &
1188 2602 1244 2649 se-

208 2649 325 2684 ductos
357 2650 487 2697 receffus
508 2649 588 2685 loca
620 2649 754 2686 secreta
796 2663 885 2687 x111.
906 2663 990 2698 902.
1017 2652 1103 2688 vide
1125 2652 1164 2687 &
1184 2651 1246 2688 lib.

207 2709 368 2745 111.157.
401 2711 452 2735 xr.
477 2710 558 2746 592.
585 2700 623 2735 ἃ
643 2699 777 2746 saepius
809 2700 909 2746 alibi„
929 2700 1055 2737 Bumm

264 2748 344 2794 178.
374 2749 519 2785 Innixus
540 2748 692 2797 eburna]
722 2749 899 2785 vivianus
921 2749 1032 2786 edidit
1047 2779 1057 2794 ,
1083 2750 1245 2800 insignis,

207 2809 398 2847 perperam
414 2810 556 2847 :neque
578 2799 679 2835 locus
698 2798 759 2835 lib.
781 2811 852 2835 vn.
891 2811 972 2848 103.
996 2800 1097 2837 illum
1116 2803 1221 2850 juvat
1235 2830 1246 2845 ,

206 2859 295 2885 narn
329 2849 366 2885 δι
399 2849 448 2886 ibi
480 2848 625 2885 codices
658 2848 962 2894 emendatiores„
986 2850 1140 2888 innixus.
1161 2850 1247 2888 ibidL

233 2899 294 2936 06.

207 2911 228 2948 5
261 2953 397 2985 Aeacus
420 2949 458 2985 in
481 2949 595 2998 capulo
610 2949 734 2998 sceptri
757 2951 887 2987 nitente
900 2950 1051 2999 finistra:

209 2998 415 3036 Hmnsms.
472 3000 607 3036 Enixus
648 3000 745 3046 Junii
790 3002 827 3037 3<
861 3002 958 3038 alius.
1000 3001 1059 3038 sed
1113 3001 1152 3037 δε
1193 3001 1248 3037 in-

211 3049 314 3131 {bitus
351 3049 465 3097 hastae
497 3061 575 3087 xxv.
611 3048 693 3099 819.
726 3050 905 3099 sceptrum
938 3063 1028 3089 vero
1050 3052 1152 3098 Jovis
1174 3059 1248 3088 erat

211 3127 215 3131 ,
239 3107 257 3131 a
287 3110 318 3133 a.

270 3157 348 3192 179.
375 3149 612 3199 Terrificam.]
641 3151 849 3199 Horrificam
889 3150 1086 3188 Leidenfis.
1126 3158 1167 3188 nt
1210 3152 1248 3188 &

213 3192 401 3283 {11:331725.
419 3201 480 3240 sed
512 3201 765 3253 terrificamque
797 3215 907 3241 manu
950 3202 1130 3252 Excerpta
1161 3202 1250 3242 Me·

2174 1006 2352 1063 Inferri¹

1357 1138 1439 1177 181.
1465 1138 1616 1189 Solvit.]
1644 1138 1755 1176 Solvis'
1775 1138 1917 1176 Moreti
1937 1137 2086 1186 primusss
2239 1184 2246 1188 .

1361 1191 1442 1239 183.
1471 1193 1554 1238 Qu
1574 1189 1752 1241 quisque.]
1791 1195 1883 1227 Cum
1904 1189 2043 1239 quifique
2066 1186 2264 1225 Leidenfis.

1358 1240 1440 1290 183.
1465 1240 1663 1289 Parabat.]
1699 1240 1883 1277 parabant
1913 1250 2006 1276 unus
2036 1250 2080 1276 ex
2113 1239 2217 1275 meis.
2248 1245 2342 1275 unus

1301 1290 1431 1328 itidem
1469 1303 1515 1328 ex
1552 1289 1745 1328 Mediceis.
1783 1290 1857 1328 dixi
1893 1289 2015 1339 paullo
2043 1296 2129 1326 ante
2164 1298 2245 1325 vers
2284 1299 2355 1336 59⁶.

1302 1341 1508 1380 Hzmsrr-is.

1362 1392 1443 1439 187.
1473 1391 1640 1441 Nereus.]
1671 1391 1854 1429 Oceanus.
1881 1389 1925 1427 In
1946 1389 2042 1438 epist.
2066 1401 2117 1427 rx,
2140 1401 2193 1436 14.

1357 1445 1441 1491 Qa
1461 1443 1576 1480 latam
1599 1449 1728 1480 Nereus
1748 1440 1902 1479 caerulus
1920 1440 2032 1477 ambit
2051 1439 2214 1478 humum.

1304 1493 1352 1530 Et
1373 1494 1431 1532 lib.
1453 1506 1488 1531 v.
1511 1493 1598 1530 Fast.
1627 1493 1686 1531 81.

1354 1549 1529 1581 Duxerat*
1551 1550 1704 1581 Oceanus
1735 1543 1911 1594 quondam
1939 1541 2107 1578 Titanida
2131 1540 2293 1589 Tethyn}

1409 1595 1484 1644 Qi
1505 1606 1637 1632 terram
1657 1594 1823 1644 liquidis,
1851 1606 1920 1642 qua
1935 1601 2056 1640 patet,
2083 1591 2195 1627 ambit
2205 1592 2319 1641 aquit.¹

1302 1645 1363 1681 De
1396 1646 1523 1681 Nereo
1555 1644 1641 1680 vide
1672 1645 1908 1680 Phurnutum
1939 1642 2003 1680 De
2034 1641 2118 1679 Nat.
2157 1642 2354 1680 Deorum-'-

1305 1695 1518 1733 Cromnos.

1363 1746 1441 1793 187.
1470 1745 1713 1794 circumsonat
1734 1742 1888 1792 orbem]
1918 1743 2161 1780 circumtonat
2182 1751 2350 1792 quatuor·

1304 1803 1455 1834 veteres.
1482 1796 1648 1833 Avienus
1671 1795 1762 1832 Orb.
1789 1793 1896 1831 Desc.
1925 1794 2007 1840 187.

1408 1848 1474 1885 Hic
1485 1847 1576 1897 salis
1597 1846 1726 1895 Aegaei
1750 1847 1883 1882 trablas
1906 1854 2017 1882 tonat:

1303 1896 1353 1936 Et
1377 1910 1421 1945 14
1449 1928 1458 1936 .

1409 1911 1520 1987 Ίῼνὶηαι
1538 1948 1621 1985 haec
1635 1946 1748 1998 pelagi
1769 1946 1999 1984 circumtonat
2019 1947 2139 1984 undas

1304 1999 1446 2038 Lucan.
1456 2000 1515 2036 lib.
1526 2011 1562 2036 v,
1574 1999 1631 2041 βε.
1643 2000 1726 2047 63τ.
1847 2012 1850 2014 ·

1356 2056 1390 2087 T
1385 2065 1445 2088 um
1457 2050 1621 2099 superum
1631 2060 1784 2086 convexa
1796 2057 1978 2092 tremunt,
2004 2057 2109 2098 atque
2119 2047 2251 2085 arduus
2261 2048 2358 2086 axis³

1356 2107 1525 2138 Intonuit.

1305 2150 1359 2188 Ita
1381 2151 1458 2189 duo
1479 2150 1586 2188 MSS.
1609 2150 1697 2188 alter
1718 2147 1985 2197 Rumpfianus‚
2023 2148 2062 2184 δε
2092 2147 2181 2185 alter
2204 2149 2353 2186 Canta—-

1301 2200 1506 2250 brigienfis:
1534 2200 1619 2238 vide
1649 2200 1696 2237 ad
1729 2199 1858 2236 Claud.
1880 2200 2002 2247 Epith.
2026 2199 2175 2235 Honor.
2196 2211 2232 2236 v.
2261 2211 2355 2248 ¹32·-

1301 2252 1508 2289 Hmsms.
1542 2258 1695 2287 Oceanus
1717 2248 1928 2298 circumfluit
1952 2247 2160 2292 Leidensss‚
2185 2249 2349 2287 Palatina

1301 2302 1340 2339 &
1363 2301 1583 2339 Bersmanni.
1610 2303 1693 2349 Qu
1728 2306 1856 2336 Nereus
1888 2309 1999 2335 terrae
2030 2298 2256 2346 circumfluant
2286 2313 2342 2335 or-

1300 2352 1387 2389 bem.
1419 2353 1574 2400 Argent.
1604 2350 1832 2400 circumsonat
1861 2358 1988 2387 tamen
2030 2348 2131 2386 idem
2172 2348 2353 2388 Avienus*¹

1301 2403 1409 2440 Desc.
1431 2403 1521 2440 Orb.
1544 2404 1643 2449 644Γ

1356 2460 1545 2503 Parvaque
1566 2452 1713 2489 caeruleo
1734 2451 1962 2500 circumsonat
1983 2462 2125 2500 aequore
2146 2451 2315 2488 Mixam;.

1304 2504 1381 2540 Ubi
1404 2505 1555 2541 Meninx
1577 2503 1748 2540 Ortelius.
1771 2504 1810 2539 δε
1832 2502 1916 2550 829.

1485 2554 1625 2590 Multus
1648 2552 1874 2601 circumfhnat
1896 2550 1996 2597 istam
2020 2555 2184 2586 Oceanus.

1356 2603 1438 2650 189.
1466 2604 1533 2640 Sub
1567 2602 1718 2649 terra5.]
1758 2602 1825 2636 Sub
1858 2611 1952 2635 terra
1982 2599 2135 2646 Argent.
2169 2599 2351 2639 Leidenfi-

1291 2662 1354 2701 per
1385 2664 1496 2688 terras
1516 2653 1624 2697 Junii.
1649 2651 1718 2696 sub
1751 2649 1960 2686 terrisvalter
1982 2648 2089 2687 Leid.
2111 2650 2150 2687 δί
2172 2650 2345 2689 Gronov.
2399 2682 2401 2684 .

1298 2701 1384 2738 vide
1405 2702 1470 2738 inf.
1491 2712 1526 2737 v.
1550 2713 1632 2747 504.

1356 2764 1436 2799 190.
1465 2754 1603 2787 Cuntta
1629 2749 1726 2799 prius
1762 2749 1932 2787 tentanda
1958 2779 1968 2796 ‚
1997 2751 2060 2798 fed
2090 2750 2351 2788 immedicabile.

1302 2801 1433 2838 vulnus
1454 2801 1770 2852 Enfiarecidendum
1784 2829 1795 2844 ‚
1819 2814 1859 2836 ne
1877 2810 1958 2850 pars
1973 2800 2105 2852 fincera
2128 2801 2338 2852 trahatur.]

1302 2853 1417 2889 Hunc
1447 2851 1575 2888 locum
1608 2850 1746 2888 erudite
1769 2852 1807 2887 ὃ(
1830 2851 2012 2900 eleganter
2040 2851 2196 2899 explicat
2227 2853 2340 2889 totius

1305 2902 1476 2950 Europae
1495 2903 1622 2939 lumen
1636 2930 1646 2946 ‚
1672 2902 1729 2937 M.
1752 2900 1799 2937 A.
1821 2902 1989 2940 Muretus
2003 2930 2013 2946 ‚
2040 2901 2222 2939 declarans
2254 2902 2354 2939 illud⁴

1305 2952 1343 2989 in
1366 2964 1421 3001 11..
1435 2953 1598 2991 Orat.*in
1622 2951 1727 2988 Catil.
1784 2953 1884 2999 Qae
1897 2953 2024 3001 fhnari
2041 2962 2223 3001 poterunt,
2249 2965 2337 3002 qua-

1304 3016 1453 3052 cumque*
1470 3003 1602 3038 ratione
1614 3002 1747 3050 sanabo
1761 3018 1772 3036 .·
1800 3016 1885 3051 quae
1907 3003 2085 3050 resecanda
2106 3013 2208 3038 erunt
2222 3030 2231 3045 ,
2270 3016 2348 3038 non..

1295 3053 1417 3101 patiar
1449 3054 1497 3088 ad
1522 3053 1704 3101 perniciem
1735 3052 1892 3088 civitatis
1924 3066 2078 3089 manare.
2129 3053 2204 3089 Ubi
2226 3052 2338 3089 etiam

1303 3102 1406 3138 affert
1438 3103 1589 3138 alterum
1620 3103 1774 3145 locum,
1809 3102 1873 3151 qui
1906 3103 1954 3139 est
1984 3103 2023 3139 in
2055 3115 2126 3139 ux.
2156 3102 2341 3140 inAnto-

1302 3153 1406 3189 nium
1421 3180 1430 3196 ‚
1458 3153 1603 3201 qui'hic
1625 3164 1775 3201 quoque
1797 3151 1947 3189 mirifice
1961 3152 2146 3189 convenit;
2171 3154 2351 3190 Cromna

1305 3208 1452 3239 Tentata
1467 3214 1510 3238 ex
1524 3214 1696 3239 meorum
1709 3214 1785 3239 uno
1807 3203 2071 3239 revocandum.
2099 3201 2200 3239 versu
2212 3203 2335 3251 proxi*

1304 3263 1371 3292 mo
1401 3253 1535 3294 tollunt
1566 3254 1618 3291 Tb
1649 3252 1701 3301 est
1724 3251 1886 3302 optimus
1914 3252 2143 3292 Florentinus
2174 3254 2213 3291 ὃ(
2240 3263 2354 3340 ἓξὲξ
