2483 3616
341 151 1954 226 METAMORPHOSEONL1B.III.
2070 189 2168 242 2ῑ9

343 265 578 321 Eflemus
602 254 776 311 miseri
801 253 906 307 fine
931 252 1180 306 crimine:
1221 251 1438 324 sorsque
1463 253 1738 325 querenda
1755 294 1770 318 ‚

340 338 467 392 Non
491 328 708 385 celanda
735 326 903 382 foret:
944 325 1297 398 lacrimaeque
1318 325 1527 397 pudore
1551 339 1810 381 carerent.

342 410 418 462 At
443 421 584 460 nunc
611 404 639 455 a
663 417 833 472 puero
856 398 1083 453 Thebae
1107 399 1382 470 capientur
1405 398 1624 453 inermi:

343 479 526 551 Quem
558 492 733 546 neque
760 472 892 527 bella
912 471 1123 543 juvant,
1158 488 1258 524 nec
1292 472 1422 535 tela,
1459 489 1560 526 nec
1586 471 1706 526 usus
1731 487 2033 546 equorum&

200 571 297 622 555
337 549 443 606 Sed
469 547 711 605 madidus
734 545 948 618 myrrha
974 544 1160 607 criniS,
1198 545 1491 617 mollesque
1515 562 1776 609 coronae,

341 625 688 696 Purpuraque
704 659 718 684 ‚
758 619 812 672 δε
835 617 986 691 piffis
1011 618 1278 671 intextum
1303 617 1528 672 vestibus
1551 636 1753 673 aurum.

342 698 525 770 Quem
549 693 771 767 quidem
797 709 900 763 ego
928 691 1165 745 astutum
1193 690 1384 761 (modo
1408 708 1502 746 vos
1526 691 1774 762 abfistite>
1800 707 1994 766 cogam

341 770 777 839 Adsumtumque
799 777 1034 838 patrem,
1072 777 1486 837 commentaque
1510 764 1649 819 sacra
1670 764 1840 819 fateri.

344 847 436 898 An
458 842 574 897 satis
599 838 807 894 Acrisio
831 837 905 892 est
928 837 1116 900 animi,
1154 851 1504 892 contemnere
1529 855 1725 892 vanum

201 921 304 989 560
340 918 558 971 Numen
578 954 591 976 ‚
632 914 688 966 δε
713 910 989 982 Argolicas
1012 909 1248 963 venienti
1273 910 1523 964 claudere
1549 923 1762 980 portas;

342 989 579 1045 Penthea
605 984 825 1040 terrebit
850 1000 974 1037 cum
998 981 1124 1035 totis
1152 980 1354 1035 advena
1392 982 1633 1036 Thebis?

342 1063 421 1117 Ite
450 1062 571 1123 citi,
613 1056 838 1129 (famulis
864 1055 969 1109 hoc
996 1054 1245 1125 imperat>
1274 1053 1377 1117 ite,
1413 1054 1718 1127 ducemque

347 1133 618 1190 Attrahite
642 1131 745 1183 huc
771 1126 1022 1181 vinctum.
1057 1125 1201 1197 juffis
1229 1144 1379 1179 mora
1403 1127 1572 1199 segnis
1598 1128 1789 1182 abesto,

341 1207 511 1261 Hunc
539 1206 713 1264 AvuS‚
751 1200 894 1254 hunc
920 1199 1201 1262 AtliamaS‚
1241 1197 1383 1253 hunc
1409 1215 1587 1253 cetera
1611 1201 1764 1254 turba
1791 1200 2010 1257 suorum

208 1286 304 1350 565
343 1276 659 1349 Corripiunt
683 1272 860 1327 distis:
901 1271 1192 1344 frustraque
1216 1271 1457 1326 inhibere
1481 1272 1737 1328 laborant.

342 1351 540 1406 Acrior
565 1346 845 1402 admonitu
868 1345 961 1407 est;
1012 1345 1354 1417 irritatur-que
1386 1358 1622 1409 retenta,

2111 1419 2191 1476 Ee

57 1559 127 1608 ejus
148 1557 334 1600 adierunt,
361 1552 500 1590 ditionis
522 1551 608 1601 sitae
621 1551 706 1601 fecit
728 1566 738 1586 .-
769 1554 840 1606 Et,
855 1545 890 1598 fl
901 1548 1025 1594 famae
1047 1545 1091 1602 li·
1198 1558 1279 1603 543.
1311 1548 1395 1596 Qa
1421 1545 1502 1604 sitis
1524 1546 1665 1604 stirpe.]
1696 1548 1780 1596 Qut
1801 1544 1912 1596 fimus
1943 1545 2114 1586 Strozzae
2147 1549 2189 1585 δε

62 1610 115 1645 het
151 1608 277 1644 credere
298 1633 308 1651 ,
347 1604 426 1640 haec
452 1616 532 1651 gens
562 1603 698 1639 litteras
730 1610 849 1650 prima
883 1608 946 1634 aut
977 1598 1091 1634 docuit
1146 1597 1315 1635 Leidens.
1350 1611 1420 1648 qua
1440 1597 1518 1646 sitis
1545 1612 1669 1647 origine
1699 1599 1777 1636 nati
1807 1597 2012 1637 Bafileenfis
2036 1627 2048 1645 ,
2084 1598 2192 1649 quod

62 1669 125 1696 aut
145 1657 277 1696 didicit.
324 1655 384 1691 De
413 1654 483 1691 hac
511 1652 621 1690 etiam
653 1650 888 1689 Marcellinus
915 1648 975 1685 lib.
1007 1659 1090 1686 xrv.
1146 1649 1341 1697 repetitum
1366 1660 1410 1685 ex
1431 1648 1490 1686 lib.
1516 1661 1543 1687 1.
1567 1662 1649 1697 415.

63 1708 139 1757 Post
168 1708 256 1745 hanc
276 1704 417 1743 acclivis
438 1702 568 1740 Libano
589 1703 700 1741 monti
731 1700 892 1739 Phoenice
921 1698 1005 1747 regio
1020 1698 1090 1748 ple·
1202 1713 1283 1747 545·
1311 1706 1379 1735 Pro
1391 1699 1551 1745 sontibus
1569 1699 1636 1735 ille.
1654 1699 1669 1748 ]
1700 1699 1886 1738 Secundus
1907 1700 2109 1745 Palatinus,
2126 1698 2192 1749 pro'

63 1773 110 1796 na
127 1759 325 1808 gratiarum
355 1767 400 1795 <J
427 1754 639 1802 venustatis,
666 1752 803 1790 urbibus
835 1751 994 1805 decorata
1014 1762 1094 1786 ma·
1139 1752 1240 1798 some
1253 1751 1317 1799 suo
1339 1748 1568 1804 ille-lacuque.
1596 1749 1700 1796 quod
1719 1750 1883 1803 placebat
1904 1749 2074 1788 Heinsio.

59 1809 136 1859 gnis
158 1821 201 1849 ω’
213 1806 389 1858 pulchris:
410 1805 447 1842 in
469 1804 591 1855 quibus
611 1803 818 1841 amoenitate
839 1799 1094 1850 celebritateque
1202 1813 1283 1849 547.
1313 1800 1441 1837 Vincite
1461 1798 1585 1835 molles.
1603 1798 1618 1847 ]
1650 1797 1769 1834 Pellite
1790 1809 1835 1835 ex
1857 1801 2007 1845 optimis
2045 1800 2197 1849 scriptis:

65 1860 245 1896 nominum
278 1863 387 1906 Tyrus
406 1855 562 1900 excellit,
589 1855 692 1892 Sidon
714 1866 757 1894 (9·
774 1859 918 1901 Berytus
937 1879 946 1895 ,
974 1849 1094 1899 iisdem
1149 1864 1235 1889 nan]
1268 1850 1398 1887 vincite
1428 1849 1530 1886 versu
1561 1849 1682 1897 primo
1706 1846 1955 1897 praecesserat.
1979 1849 2196 1889 ΗΒΙΝςιυςε

57 1920 157 1960 pares
178 1908 306 1958 Emissa
329 1919 373 1947 cy
395 1907 612 1955 Damascus,
631 1904 777 1955 saeculis
797 1903 951 1940 conditae
968 1901 1095 1951 priscis.
1150 1900 1287 1940 Perdite
1306 1912 1400 1938 unus
1421 1900 1610 1938 Palatinus.
1638 1898 1743 1950 quod
1774 1898 1905 1936 melius
1935 1899 2115 1937 convenit
2145 1899 2196 1949 τῷ

67 1961 116 1998 Et
138 1959 287 1998 Orosius
307 1958 366 1995 lib.
389 1969 452 1995 111.
473 1968 549 2006 cap.
570 1969 649 1994 xvr.
677 1955 832 2004 loquens
862 1952 907 1990 de
940 1951 1101 1989 Alexan·
1157 1953 1251 1989 dedit
1272 1952 1348 1989 leto.
1745 1994 1749 1997 Δ

66 2010 157 2048 dro:
187 2007 442 2060 Tyrumurbem
462 2005 735 2058 antiquiſjimam
755 2016 798 2045 (τῖ’
810 2001 1101 2054 florenttffimam‚
1211 2003 1290 2052 548.
1316 2008 1364 2039 Et
1389 2002 1548 2050 patrium
1580 2001 1720 2039 retinete
1751 2000 1888 2051 decus.]
1930 2007 2098 2038 Revocate
2128 2011 2198 2049 pro

62 2061 197 2108 fiducia
239 2056 576 2107 Carthaginienfium
605 2067 824 2106 cognatorum
847 2053 916 2104 fibi
948 2051 1101 2102 obfisten-
1157 2053 1294 2095 diversa
1311 2053 1471 2091 lectione
1490 2052 1597 2102 prim.
1630 2053 1801 2090 Gronov.
1824 2053 1864 2090 ὃς
1893 2062 1987 2089 unus
2008 2050 2202 2092 Palatinus.

72 2120 142 2146 tem
174 2108 316 2159 oppreffit
347 2121 389 2149 <9⁴
421 2109 513 2158 cepit.
547 2108 702 2156 Justinus
726 2107 786 2144 lib.
820 2116 935 2143 xv111.
972 2104 1101 2151 Piscem
1157 2113 1197 2143 ut
1218 2105 1313 2154 apud
1331 2105 1457 2142 Silium
1482 2117 1534 2142 XI.
1558 2103 1616 2140 82.

74 2159 251 2196 Phoenices
271 2160 373 2196 Sidon
400 2169 528 2195 vocant
551 2175 560 2195 .·
591 2158 661 2208 post
692 2157 819 2194 multos
849 2155 968 2193 deinde
996 2167 1104 2191 annos
1335 2163 1502 2193 Revocate
1523 2155 1560 2191 in
1576 2155 1713 2204 perflora
1734 2158 1890 2190 Cannas.
1919 2152 2067 2190 HEINS.

71 2208 97 2245 ἰι
124 2215 205 2258 Rege
235 2209 497 2256 Ascaloniorum
527 2209 732 2259 expugnati,
765 2206 916 2244 navibus
947 2203 1075 2255 appulsi
1093 2232 1104 2250 ,
1217 2206 1299 2255 548.
1326 2207 1360 2244 Si
1371 2208 1457 2253 fata
1475 2204 1681 2254 vetabunt]
1709 2204 1819 2242 Meus
1840 2202 1986 2248 codex,
2013 2202 2202 2241 vetabant)

78 2264 189 2308 Tyron
219 2259 336 2295 urbem
354 2270 434 2295 ante
451 2273 586 2297 annum
617 2260 784 2308 Trojanae
815 2257 922 2294 cladis
951 2256 1107 2293 condide-
1165 2257 1312 2296 Cousr.
1340 2258 1508 2295 FANENs.
1534 2257 1673 2295 Primus
1694 2254 1954 2293 Gronovianus
1980 2265 2048 2301 pro
2081 2252 2204 2291 diver-

74 2320 170 2346 runt.
198 2309 387 2346 Diodorus
405 2308 464 2346 lib.
484 2322 582 2347 xvix.
603 2310 651 2347 ait
671 2317 813 2358 captam
837 2306 939 2345 fuiffe
971 2306 1108 2355 Olym·
1164 2309 1198 2346 sa
1219 2309 1393 2353 lectione,
1415 2307 1597 2356 negabant.
1625 2308 1744 2352 forte,
1765 2304 1897 2356 fifata
1921 2304 2094 2353 negabunt
2108 2303 2202 2352 stare

74 2359 181 2409 piade
203 2371 295 2396 cxxx.
327 2359 538 2396 CxorANus.
590 2359 704 2397 Multi
722 2366 890 2397 veterum
916 2386 926 2403 ‚
954 2362 991 2394 A
1024 2362 1110 2405 Tyro
1167 2359 1227 2397 diu
1247 2359 1376 2397 Thebis.
1404 2360 1603 2396 Hmsms.

78 2410 143 2446 hac
161 2412 314 2459 profugos
334 2438 345 2453 ‚
383 2408 486 2457 quod
514 2409 719 2446 Vivianum
740 2437 751 2453 ‚
789 2410 990 2446 Ciofanum
1014 2436 1025 2452 ‚
1064 2418 1107 2444 ae
1214 2423 1297 2459 550·
1333 2417 1541 2460 ferrumque
1565 2408 1715 2458 ignisque
1735 2404 1941 2455 finieram]
1983 2404 2205 2454 Conjecemt

79 2460 305 2508 Giphanium
330 2459 456 2497 Indice
478 2459 716 2503 Lucretiano,
737 2459 775 2495 in
797 2473 813 2494 ο
835 2473 903 2495 non
923 2458 1108 2500 extritum,
1162 2460 1335 2498 Heinfius
1355 2461 1391 2497 in
1415 2472 1479 2497 ora
1501 2459 1637 2496 codicis
1656 2459 1708 2495 sui
1722 2486 1733 2501 ‚
1762 2458 1954 2494 domarent.

79 2511 335 2559 approbatores
358 2510 509 2546 invenit.
535 2509 593 2546 alii
613 2509 714 2546 aliter
735 2508 891 2545 codices.
927 2509 1010 2555 Ego
1032 2507 1110 2544 illos
1218 2522 1304 2558 552.
1326 2511 1459 2546 Pudore
1479 2508 1671 2558 carerent]
1713 2514 1839 2545 Furore
1867 2506 1942 2545 duo
1970 2504 2060 2543 libri.
2093 2505 2211 2552 male-j

78 2561 234 2610 sequor,
261 2560 324 2610 qui
357 2567 432 2596 Hac
464 2565 576 2608 Tyron
596 2587 606 2604 ,
634 2559 698 2596 hac
719 2560 875 2608 profugos
907 2557 1079 2594 exhibent
1103 2584 1114 2601 ,
1169 2558 1230 2597 bat
1253 2559 1447 2604 Heinsius,
1475 2559 1604 2596 rubore.

79 2611 182 2660 quod
203 2622 285 2649 eam
317 2621 469 2660 quoque
498 2610 699 2647 lectionem
732 2608 752 2646 a
791 2607 985 2646 Scholiaste
1017 2607 1119 2644 Statii
1223 2623 1304 2659 555.
1333 2610 1396 2647 Sed
1416 2610 1552 2646 madidi
1582 2608 1729 2658 myrrha
1765 2609 1895 2652 crines,
1920 2606 2098 2657 mollefique
2120 2608 2211 2644 coross

80 2661 203 2700 Theb.
222 2674 296 2700 vn.
317 2660 466 2699 videam
497 2660 654 2708 agnosci.
683 2659 821 2697 dictum
853 2667 894 2696 ut
925 2657 1012 2696 illud
1033 2657 1119 2696 Vir·
1174 2661 1273 2710 naa]
1305 2660 1346 2697 In
1375 2672 1464 2697 meo
1496 2659 1692 2698 vetustiore
1713 2688 1725 2704 ,
1759 2659 1911 2707 Joannis
1943 2658 2099 2706 Capran.
2128 2656 2211 2694 Urs.

80 2712 173 2761 gilii:
1172 2711 1291 2749 Brian.
1312 2710 1407 2748 Abb.
1431 2709 1570 2748 Fames.
1589 2711 1628 2747 δε
1649 2710 1734 2748 Ald.
1778 2710 1842 2747 Sed
1871 2708 2033 2747 madidus
2065 2706 2212 2757 myrrha

137 2763 241 2800 Ilium
261 2763 299 2800 in
318 2761 462 2800 Italiam
484 2763 636 2810 transfer
657 2760 829 2811 victosque
843 2769 993 2811 penates.
1172 2763 1277 2799 crinis
1290 2790 1301 2807 ‚
1328 2773 1398 2802 &c-
1427 2761 1470 2799 In
1491 2773 1567 2799 uno
1591 2761 1744 2799 Caelest.
1766 2760 1958 2798 Dominic.
1980 2761 2018 2797 ὃ(
2037 2758 2111 2796 aliis
2132 2757 2214 2807 qui-

87 2811 188 2850 Silius
209 2813 299 2850 libro
327 2825 380 2850 IV.
1174 2813 1336 2850 busdam.
1373 2812 1437 2849 Sed
1457 2812 1621 2850 madidus
1643 2811 1790 2862 myrrha
1813 2810 1938 2855 crinis,
1965 2809 2140 2860 mollisque
2162 2821 2214 2844 co-

139 2864 267 2911 Lydius
289 2862 366 2899 huic
384 2863 515 2912 genitor
537 2863 647 2900 Tmoli
667 2863 766 2900 decus
780 2890 790 2906 ,
816 2875 958 2912 aequore
979 2862 1073 2912 longo
1180 2878 1276 2902 rona.
1307 2864 1419 2901 C101=.
1460 2863 1631 2901 Madidus
1651 2863 1756 2900 crinis
1775 2862 1904 2910 scripti.
1930 2862 2071 2898 Hzms.

143 2917 341 2950 Maeoniam
363 2914 539 2964 quondam
558 2913 596 2951 in
619 2914 740 2951 Latias
761 2913 946 2950 advexerit
966 2927 1053 2952 oras.
1233 2926 1315 2964 557.
1342 2915 1446 2951 Modo
1468 2929 1529 2951 vos
1549 2912 1733 2963 ahfistite.]
1774 2912 1925 2951 Plurimi
1945 2910 2090 2958 affistite,
2113 2904 2216 2956 quod

91 2959 139 3000 Et
159 2962 249 3001 libro
272 2976 299 3000 1.
321 2975 380 3010 42.
1183 2964 1289 3010 effet,
1309 2966 1449 3015 juvate.
1473 2964 1533 3002 sed
1552 2965 1641 3002 nihil
1660 2971 1779 3001 muto.
1802 2962 1904 3000 Silius
1924 2962 1982 2998 lib.
2005 2971 2093 2996 v111.
2109 2969 2191 3006 394.

98 3030 101 3033 “
146 3013 307 3051 Intulerit
329 3015 428 3051 Latio
442 3014 557 3064 spreta
578 3028 631 3052 me
645 3043 655 3059 ‚
679 3016 796 3052 Troius
811 3042 822 3059 ,
849 3015 965 3065 inquit
979 3043 989 3060 ‚
1231 3015 1411 3054 Amnibus
1431 3026 1495 3052 aut
1516 3015 1644 3064 rapidis
1666 3015 1788 3064 (modo
1801 3023 1919 3063 pugna
1941 3008 2107 3059 abfistite)
2141 3017 2219 3052 tra-5

147 3063 254 3109 Exsul
273 3066 496 3102 Dardaniam
510 3094 521 3111 ‚
543 3077 586 3105 &¹
606 3065 656 3103 bis
678 3067 825 3104 numina
848 3065 945 3102 vicia
959 3068 1125 3116 penates!
1307 3068 1403 3103 dam.
1431 3067 1578 3103 Hcms.

96 3110 227 3148 Noster
244 3112 302 3150 lib.
324 3127 375 3153 1v.
397 3115 487 3153 Fast.
508 3128 592 3164 251.
1235 3118 1318 3166 558.
1347 3115 1642 3167 Affunztumque.]
1658 3110 1968 3152 Mediceus&alii
1989 3106 2153 3158 quidam,
2167 3106 2222 3154 as-

148 3166 240 3197 Cum
253 3164 388 3209 Trojam
400 3171 535 3204 Aeneas
548 3166 859 3216 Italosportaretin
871 3167 1120 3217 agrosHmNs.
1173 3169 1376 3218 fictumque.
1413 3169 1532 3211 forte,
1562 3167 1810 3216 adscitumque.
1831 3173 1915 3216 nam
1939 3159 2225 3214 absumptumque

150 3222 232 3255 <40-
261 3212 360 3259 Vosne
390 3217 498 3253 acrior
530 3216 661 3265 aetas.]
719 3218 851 3266 Supple
893 3217 996 3268 quod
1026 3218 1128 3268 supra
1183 3219 1305 3258 eratin
1318 3208 2227 3256 MoiethHrmsNihilmultavid.adhb.x11.)(1.1.

95 3260 238 3301 dietum
257 3261 330 3308 est,
354 3262 424 3310 estis
454 3266 577 3317 miseri.
605 3266 757 3307 Cousr.
785 3269 953 3318 Faunus.
1244 3269 1327 3318 564.
1364 3268 1550 3356 suossm']
1592 3267 1768 3314 Languet
1799 3264 1873 3300 hoc
1912 3260 2164 3349 aliquantumc
2188 3259 2230 3295 in

1474 3328 1494 3354 e
1520 3330 1541 3355 2
2167 3320 2236 3354 ³12:
