2483 3616
358 191 1595 270 METAMORPHOSEON
1666 171 1809 251 μή.
1871 193 2041 254 XIV.
2113 209 2215 268 957

383 309 618 366 Diffudit
643 309 847 370 vultus,
889 309 945 362 δε
969 310 1208 365 reddidit
1235 312 1412 366 omnia
1440 311 1592 366 votis,

379 384 494 437 Nec
519 399 697 446 mora;
736 382 941 436 misceri
967 382 1086 436 tosti
1107 382 1257 452 jubet
1283 383 1485 437 hordea
1512 383 1689 455 grani,

384 453 686 525 Mellaque,
722 455 937 527 vimque
966 455 1128 517 meri,
1168 457 1220 508 &
1248 473 1373 508 cum
1397 455 1527 508 laste
1553 453 1773 525 coagula
1796 450 1956 524 paffo,

236 544 331 600 275
375 525 595 598 Quique
618 526 711 581 sub
736 527 832 580 hac
861 528 1055 581 lateant
1081 526 1266 581 furtim
1291 526 1603 590 dulcedine,
1641 528 1826 582 succos

377 597 598 667 Adjicit.
635 599 921 671 accipimus
946 599 1086 653 sacra
1111 599 1232 653 data
1255 598 1446 671 pocula
1473 598 1679 653 dextr-21.

375 668 531 740 Quae
557 671 705 725 fimul
737 672 906 725 arenti
934 672 1167 725 sitientes
1193 671 1451 725 hausimus
1479 687 1602 732 ore,

377 740 450 796 Et
478 744 655 814 tetigit
683 745 912 798 summos
936 744 1084 813 virga
1114 743 1229 797 Dea
1254 743 1367 797 dira
1391 741 1635 812 capillos;

385 814 479 884 (Et
505 816 701 887 pudet,
739 815 793 869 &
818 815 1070 880 referam)
1093 815 1212 868 setis
1237 815 1544 869 horrescere
1569 814 1754 887 coepi,

232 887 339 941 280
375 888 492 941 Nec
512 888 619 958 jam
644 887 788 960 posse
816 887 994 959 loqui;
1037 904 1135 958 pro
1162 888 1333 942 verbis
1358 887 1518 940 edere
1542 904 1775 940 raucum·

385 961 669 1021 Murmur3
712 960 769 1012 ἅτ
790 960 846 1012 in
872 972 1066 1013 terram
1092 971 1211 1012 toto
1236 959 1590 1030 procumbere
1616 960 1794 1013 vultu:

377 1035 562 1104 Osque
586 1049 766 1087 meum
791 1029 920 1084 sensi
946 1029 1124 1102 pando
1152 1031 1479 1085 occalescere
1508 1029 1708 1091 rostro;

380 1107 533 1161 Colla
559 1118 766 1159 tumere
793 1103 922 1156 toris
949 1121 959 1155 :
1002 1101 1057 1154 &
1083 1105 1187 1173 qua
1213 1104 1381 1157 modo
1408 1104 1597 1173 pocula
1623 1117 1771 1174 parte

381 1179 565 1233 Sumta
590 1177 718 1230 mihi
743 1175 981 1236 fuerant,
1016 1175 1100 1228 illa
1125 1174 1338 1246 vestigia
1364 1176 1482 1229 feci.

232 1249 335 1322 285
374 1252 626 1321 Cumque
651 1249 838 1303 eadem
864 1246 1015 1319 passis
1043 1249 1271 1316 (tantum
1298 1247 1645 1311 medicamina
1670 1247 1914 1320 poffunt)

376 1323 614 1377 Claudor
637 1322 760 1375 hara
788 1339 798 1374 :
842 1321 1115 1392 solumque
1139 1319 1238 1373 suis
1263 1318 1479 1373 caruisse
1503 1319 1673 1390 figura

375 1395 629 1451 Vidimus
654 1393 1018 1463 Eurylochum
1045 1411 1055 1444 τ
1097 1392 1232 1445 solus
1258 1391 1377 1445 data
1403 1395 1592 1464 pocula
1617 1392 1771 1463 fugit.

375 1469 530 1539 Quae
554 1466 647 1520 nisi
672 1465 902 1528 vitaffet‚
939 1464 1148 1536 pecoris
1175 1481 1291 1536 pars
1315 1482 1415 1518 una
1441 1482 1712 1518 manerem

372 1541 531 1595 Nunc
557 1556 774 1612 quoque
797 1537 1024 1610 setigeri.
1063 1554 1163 1592 nec
1191 1550 1364 1592 tantae
1388 1537 1547 1592 cladis
1574 1536 1636 1590 ab
1662 1537 1757 1591 illo-

86 1754 245 1804 gendum
279 1752 372 1796 effe,
408 1751 622 1802 variantque
650 1750 810 1789 coloribus
831 1749 951 1787 herbas
972 1750 1127 1797 probant

87 1806 296 1854 sequentia,
325 1805 383 1841 ubi
417 1804 620 1840 Nereidum
650 1815 742 1850 opus
772 1803 884 1850 exigit
906 1802 1038 1845 Circe,
1067 1813 1127 1839 ea-

87 1868 244 1904 rumque
276 1855 363 1892 serta
397 1856 434 1891 &
463 1854 615 1891 corollas
647 1853 856 1898 examinat,
883 1851 985 1900 quod
1004 1853 1126 1890 frustra

87 1907 223 1943 faceret
238 1933 247 1949 ,
275 1905 299 1942 fi
321 1905 520 1954 Nymphae
543 1903 687 1941 calathis
698 1903 872 1941 duntaxat
883 1902 987 1939 flores
997 1903 1125 1941 discre-

90 1954 230 1992 viffent.
259 1956 475 1992 Scaeppea.
502 1954 597 2002 apud
620 1955 715 1991 Tan.
730 1953 830 1991 Fabr.
843 1955 958 1991 lib.11.
988 1954 1126 2001 Ep.71.

145 2005 228 2040 268.
253 2006 354 2051 Qod
376 2005 438 2041 hae
460 2003 644 2053 faciunt.]
674 2004 821 2041 Faciant
843 2004 991 2041 Thuan.
1015 2007 1052 2040 &
1076 2005 1126 2042 al-

94 2060 150 2091 ter
182 2053 425 2092 Twisdenius.
459 2054 592 2092 deinde
622 2066 687 2103 pro
708 2083 718 2099 ,
755 2054 832 2103 quis
862 2056 960 2102 usus,
997 2054 1126 2102 fragm.

93 2103 283 2140 Boxhorn.
311 2105 397 2141 alter
426 2105 626 2153 Hamburg.
654 2106 692 2142 &
719 2114 789 2142 tres
822 2104 905 2148 alii,
935 2104 1020 2154 quid
1038 2106 1128 2151 usus.

91 2154 239 2190 Hiatus.
268 2153 326 2191 Sic
357 2155 394 2190 ὃς
422 2154 509 2201 supr.
542 2154 594 2196 ybs.
613 2167 646 2191 2.
673 2155 732 2193 sed
752 2155 812 2192 lib.
835 2168 904 2192 xit.
923 2167 1006 2192 211.
1036 2156 1126 2203 Qis

92 2213 173 2240 tuus
203 2217 226 2239 u
244 2217 282 2240 us
308 2214 386 2240 erat
404 2219 415 2239 :
452 2205 490 2240 ὃς
518 2204 578 2241 hic
600 2205 727 2243 melius
757 2207 956 2243 convenire
980 2206 1057 2255 quis
1073 2206 1125 2243 se-

90 2255 285 2303 quentibus
299 2281 309 2297 ,
338 2267 424 2302 quae
438 2252 484 2302 fit
504 2256 675 2290 concordia
689 2283 699 2300 ‚
721 2266 823 2304 puto.
854 2256 981 2293 Euam.

141 2314 225 2349 270.
253 2304 416 2353 Pensm]
447 2304 591 2353 Prensas
619 2306 786 2344 Menardi
809 2307 926 2345 codex
943 2334 953 2351 ‚
991 2306 1127 2355 Regius

91 2366 185 2393 unus
207 2356 243 2392 δε
262 2364 419 2403 quatuor
440 2354 511 2391 alii.

142 2417 225 2451 272.
254 2410 298 2441 Et
338 2404 489 2441 reddidit
521 2403 637 2442 omina
665 2405 796 2454 votis.]
838 2406 879 2442 In
909 2406 1126 2454 quibusdam

92 2455 355 2503 exemplaribus
380 2456 480 2503 lego,
503 2455 641 2498 omnia,
669 2455 771 2504 quod
784 2467 859 2492 non
873 2456 1057 2503 displicet,
1087 2466 1127 2495 ut

92 2506 135 2543 fit
159 2506 276 2543 sensus
291 2534 299 2549 ,
334 2506 426 2543 bene
451 2506 669 2542 voventibus
691 2505 787 2542 bona
807 2505 946 2543 voviffe
968 2507 1100 2544 Circen
1119 2535 1131 2552 ,

90 2555 409 2604 quemadmodum
439 2567 520 2593 mos
549 2556 617 2599 est,
654 2563 693 2592 ut
725 2555 808 2599 fiat,
835 2565 875 2593 ut
893 2568 975 2593 cum
996 2557 1132 2595 bonam

92 2607 188 2643 diem
222 2609 378 2644 voventi
422 2606 518 2643 bona
549 2606 624 2643 dies
659 2607 697 2642 &
735 2618 847 2644 annus
882 2606 1129 2654 respondetur.

94 2656 244 2694 Cousr.
283 2656 377 2693 FAN.
426 2657 557 2693 Omina
600 2656 692 2692 vocis
718 2683 727 2699 ‚
787 2658 845 2694 vel
882 2658 1000 2693 omnia
1038 2659 1131 2695 votis

90 2707 236 2755 plurimi
266 2717 418 2744 veteres.
444 2706 519 2744 duo
548 2718 593 2742 ex
624 2705 857 2750 melioribus,
894 2708 1011 2744 omnia
1040 2721 1130 2747 voce.

92 2768 162 2804 ego
178 2758 228 2794 nil
248 2757 465 2795 mutandum
488 2757 630 2795 censeo.
666 2757 808 2794 Hiems.
836 2757 1026 2795 Exhilarat
1046 2761 1127 2796 vul-

92 2815 148 2843 tus
170 2808 277 2844 etiam
298 2819 389 2844 unus
412 2807 549 2845 Medic.

142 2868 224 2903 274.
255 2857 395 2907 Vimque
417 2857 539 2906 meri.]
569 2857 706 2902 Junc‘la
728 2871 817 2894 mero
835 2858 999 2896 Vosfian.

143 2919 226 2953 274.
254 2912 300 2942 Et
319 2921 394 2942 cum
418 2907 502 2943 labie
521 2909 656 2957 coagula
672 2908 801 2958 paffi).]
833 2910 873 2946 In
896 2910 1126 2954 Caelestino,

91 2957 244 3046 goagula
265 2957 376 3007 presso.
413 2958 579 2996 ClOFAN·
614 2960 759 3008 Copula
788 2971 830 2999 ca·
858 2960 894 2997 in
908 2961 1124 3009 quibusdam

117 3015 225 3045 cerat.

145 3058 229 3103 276.
256 3057 453 3104 Accipimus
462 3057 617 3106 pocula]
647 3059 775 3096 Malim
791 3087 799 3102 ‚
815 3059 1010 3108 arripimus.
1021 3061 1124 3111 quod

93 3108 303 3145 aviditatem
319 3108 513 3144 litientium
536 3110 648 3155 magis
668 3110 849 3155 exprimit.
878 3112 1023 3148 Hiems.

144 3158 226 3199 278.
256 3164 329 3193 Dea
351 3158 428 3193 (lira
447 3157 617 3205 capillos.]
651 3160 688 3194 in
708 3170 784 3194 uuo
809 3158 1127 3210 Vatic.Deasaeva

18 3221 23 3254 ⁴,
93 3207 236 3256 capillos.
263 3210 428 3244 CrorAN.
460 3208 509 3243 Ita
533 3209 569 3244 &
592 3208 696 3244 Leid.
722 3208 758 3242 ὅ(
780 3208 929 3245 Moreti.

22 3288 24 3306 ἕ
143 3258 224 3294 280.
255 3263 323 3293 Nec
336 3259 415 3305 jam
435 3257 518 3305 posse
535 3257 667 3306 queml]
699 3257 750 3293 Ita
773 3258 809 3293 in
828 3259 929 3294 meis.
956 3259 998 3295 In
1019 3260 1125 3297 Vati-

95 3317 178 3356 can?
192 3307 230 3345 &
251 3308 398 3348 Caelest.
427 3314 498 3346 Nec
511 3308 681 3358 jampoffe
693 3307 797 3356 loqui.
824 3307 992 3349 C10FAN.
1020 3310 1128 3359 Loqui

1949 1626 2054 1680 290
2088 1609 2227 1666 Cer-

1182 1762 1265 1790 cum
1288 1751 1511 1789 melioribus.
1539 1750 1684 1788 Herus.

1233 1802 1318 1840 281.
1348 1802 1466 1852 Tota]
1495 1801 1628 1846 Forte,
1654 1810 1767 1850 prono,
1794 1797 1909 1837 IDEM.
1940 1803 1983 1835 In
1999 1807 2092 1834 terra
2116 1799 2227 1848 quin-s

1210 1865 1254 1891 ue
1274 1853 1362 1891 libri.

1181 1865 1206 1903 q
1232 1904 1322 1941 282..
1343 1903 1459 1940 Fando
1480 1902 1672 1951 occalescere
1693 1900 1831 1950 rosim]
1861 1899 2044 1949 Callescere
2062 1897 2225 1938 nonnul-

1180 1955 1216 1993 li.
1253 1955 1342 1998 vel,
1391 1953 1577 2002 coalescere.
1614 1951 1794 2000 Calliscere
1826 1951 1971 1988 Nonius
1999 1963 2043 1988 ex
2076 1950 2223 1988 Catone

1182 2006 1338 2042 notavit.
1391 2004 1511 2040 callere
1552 2003 1727 2050 Sulpicius
1776 2002 1948 2039 Ciceroni
1995 2001 2020 2038 l.
2062 2013 2114 2037 1v.
2154 2001 2223 2048 Ep.

1183 2056 1285 2092 Fam.
1314 2069 1346 2104 ς.
1385 2054 1537 2091 Severus
1567 2055 1603 2091 in
1634 2052 1761 2091 AEtna.
1805 2051 1947 2088 Callent
1975 2065 2053 2087 rure
2082 2062 2221 2088 manus.

1182 2107 1329 2143 Hiatus.
1357 2107 1538 2152 Durescere
1567 2105 1670 2152 prim.
1703 2103 1874 2142 Gronov.
1898 2101 1973 2139 duo
1997 2099 2194 2138 Leidenses
2211 2127 2223 2146 ,

1182 2157 1220 2194 &
1244 2157 1318 2194 duo
1340 2156 1409 2193 alii.
1438 2157 1635 2202 concrescere
1656 2164 1761 2191 unus.

1234 2207 1316 2252 284.
1346 2205 1411 2243 Illa
1431 2204 1690 2253 vestigiafeci.]
1720 2203 1869 2245 Malim,
1894 2199 1959 2250 figi
1984 2200 2043 2238 vel
2055 2200 2155 2245 ferri.
2180 2208 2222 2238 ut

1182 2255 1202 2294 a
1222 2257 1460 2305 superioribus
1482 2257 1572 2292 haec
1585 2253 1826 2302 dependeant.
1855 2253 1997 2289 Herus,
2025 2250 2223 2289 Nihilmu-

1180 2315 1226 2344 ta.
1248 2307 1433 2351 manibus,
1462 2306 1590 2355 quibus
1610 2305 1740 2353 pocula
1753 2305 1971 2352 arripueram
1985 2329 1994 2344 ‚
2024 2302 2169 2338 mutatis
2184 2302 2224 2339 in

1184 2358 1313 2404 pedes,
1343 2357 1512 2394 incedere
1525 2356 1631 2401 coepi
1656 2352 1977 2401 &fecirespondet
1990 2351 2223 2398 praecedenti

1175 2407 1275 2455 sensi.
1303 2408 1567 2455 vestigiafacere
1587 2406 1741 2453 elegans.
1768 2404 1894 2452 Virgil.
1916 2415 1960 2439 11.
1982 2402 2119 2449 Georg.
2137 2413 2223 2449 474.

1232 2457 1382 2504 Justitia
1400 2458 1558 2493 excedens
1577 2458 1674 2492 terris
1694 2454 1832 2502 vestigia
1845 2453 1944 2499 fecit.

1191 2507 1380 2556 Cicer.pro
1393 2508 1599 2551 Caecin.14.
1613 2512 1655 2541 Ut
1668 2504 1729 2541 illa
1741 2518 1790 2540 res
1800 2503 1937 2552 aliquid
1946 2501 2066 2549 aliqua
2076 2510 2222 2550 exparte

1190 2557 1323 2606 differre
1344 2558 1509 2593 videatur
1523 2584 1533 2599 ,
1560 2567 1681 2592 utrum
1690 2555 1808 2603 pedem
1822 2554 1899 2590 ciem
1918 2553 2066 2589 intulero
2080 2580 2090 2596 ,
2117 2562 2224 2601 atque

1184 2607 1221 2643 in
1246 2606 1464 2655 peffeffionem
1495 2606 1673 2654 vesttgium
1683 2607 1792 2652 jecero
1807 2633 1816 2649 ,
1844 2615 1920 2641 tum
1943 2602 2092 2652 expellar
2117 2613 2224 2651 atque

1185 2657 1340 2704 dejiciar.
1366 2669 1431 2705 pro
1462 2658 1611 2694 Rabirio
1641 2657 1735 2693 Post.
1764 2666 1819 2700 17.
1849 2655 1911 2690 Hic
1931 2667 1991 2690 vos
2010 2653 2102 2689 nihil
2121 2652 2223 2689 aliud

1185 2718 1282 2751 orat,
1311 2706 1377 2756 nisi
1402 2717 1442 2743 ut
1473 2708 1569 2744 restis
1591 2705 1695 2743 oculis
1724 2705 1815 2742 hanc
1841 2704 1959 2740 urbem
1980 2702 2048 2751 fibi
2068 2703 2220 2748 intueri,

1185 2768 1289 2806 atque
1307 2758 1345 2794 in
1364 2757 1424 2794 hoc
1434 2759 1511 2802 soro
1532 2757 1669 2805 vestigia
1681 2757 1797 2802 facere
1818 2755 1930 2792 liceat.
1959 2754 2138 2802 Quinctil.
2160 2755 2222 2793 lib.

1182 2821 1237 2845 1x.
1266 2808 1312 2846 de
1332 2808 1413 2845 lnst.
1435 2808 1540 2844 Orat.
1559 2820 1591 2849 4-
1620 2812 1663 2842 Ut
1675 2806 1886 2842 currentium
1901 2814 1955 2853 pes
1969 2832 1979 2848 ,
2006 2802 2141 2850 etiamst
2155 2817 2222 2840 non

1183 2869 1360 2902 moratur,
1381 2868 1498 2894 tamen
1510 2857 1797 2904 vestigiumfacit.
1823 2856 1863 2892 In
1877 2856 2036 2902 Juniano
2050 2856 2084 2890 &
2099 2854 2220 2892 Gron-

1183 2917 1280 2953 erat‚
1301 2907 1398 2960 flexi.
1425 2909 1470 2945 de
1489 2919 1565 2956 quo
1586 2907 1661 2944 vid.
1681 2906 1725 2944 ad
1745 2906 1805 2944 lib.
1830 2918 1875 2941 11.
1896 2917 1953 2941 21.
1981 2903 2219 2940 sedhochuic

1181 2958 1269 2995 loco
1301 2959 1421 2996 minus
1449 2957 1791 2995 accommodatum.
1817 2954 1956 3002 vestigia
1987 2954 2051 3002 cepi
2072 2953 2221 2990 Borion...

1181 3008 1263 3045 illac
1286 3011 1396 3046 etiam
1422 3010 1590 3045 Gronov.
1619 3007 1747 3043 Euam.

1233 3059 1316 3096 286.
1343 3059 1499 3096 Claudat·
1517 3059 1556 3093 in
1573 3068 1678 3093 metra
1689 3056 1773 3104 suis.
1792 3053 1906 3102 solum
1920 3051 2056 3099 caruiffe
2067 3050 2223 3100 figurd]

1180 3111 1338 3157 Repone
1368 3121 1452 3146 cum
1482 3108 1696 3155 Bernegger.
1718 3106 1868 3141 Thuan.
1889 3104 1992 3150 prim.
2014 3102 2218 3150 Hamburg.

1181 3160 1325 3197 Arond.
1361 3160 1488 3195 Oxon.
1516 3157 1622 3204 prim.
1655 3156 1823 3192 Gronov.
1853 3154 2061 3190 Graeviano
2090 3153 2127 3189 &
2153 3151 2220 3198 def

1182 3222 1264 3248 cem
1289 3210 1362 3245 aliis
1379 3236 1388 3251 ,

1232 3258 1387 3295 Clauslor
1406 3256 1498 3292 hard
1511 3283 1520 3298 ‚
1540 3255 1720 3306 fidumque
1732 3253 1806 3304 suis
1826 3252 1961 3301 caruisse
1972 3250 2093 3302 figural

1233 3308 1391 3347 Vidimus
1411 3305 1656 3353 Eurylochum.

1234 3359 1246 3361 '⁷
1389 3357 1451 3397 Ee
1466 3367 1578 3394 ecee
1608 3366 1628 3404 3
2159 3365 2231 3398 fayz-,—
