2483 3616
314 165 1559 232 METAMORPHOSEON
1635 165 1932 226 maxim.
2109 173 2217 258 55³*

848 348 963 395 III.

611 348 779 396 ΕΑΒ.
1032 349 1627 399 ARGUMENTUM.

741 477 911 526 Perdix
945 481 994 526 in
1027 496 1158 528 avem
1191 478 1257 526 sui
1287 477 1500 524 nominis.

123 616 347 666 Daedalus
380 621 396 641 ⁸
419 616 654 677 Eupalami
664 617 790 679 filius
800 616 1100 680 fitpradittus,
1136 635 1229 665 cum
1244 626 1417 679 propter
1444 617 1654 678 commifflt
1674 614 1868 662 M'ino'e'm
1884 647 1900 674 ,
1933 612 1961 659 ὰ
1986 629 2062 675 quo
2084 616 2198 661 clau-

54 683 127 750 fics
147 679 424 742 tenebatur,*’
427 680 649 744 profugere
672 685 828 743 vellet,
848 685 1100 746 pennasfibi
1123 684 1178 735 ὃ
1193 685 1294 744 filio
1319 684 1440 729 Icaro
1462 685 1664 742 aptavit,
1700 681 1848 742 quibus
1863 713 1879 739 ‚
1913 688 1962 724 ut
1994 680 2198 739 volucres,

51 747 318 811 profugerent
360 749 468 810 regis
512 750 747 808 imparium.
812 750 1011 813 Qorum
1058 749 1205 794 Icarus
1228 782 1245 807 ‚
1290 750 1390 809 quia
1426 749 1656 808 praeceptis
1687 746 1878 805 parentis
1916 744 2199 804 obtemperare

54 819 74 878 ξ
105 814 380 873 nequiverat,
413 814 459 858 in
481 811 664 874 insulam
676 815 809 860 maris
834 814 1013 871 decidit,
1049 810 1066 838 ‘²¹
1090 829 1195 874 quae
1218 813 1272 859 ab
1305 813 1390 873 ejus
1413 814 1573 858 nomine
1607 815 1624 836 ⁶
1645 812 1789 858 Icaria
1813 809 1934 880 ‘dicta
1957 808 2031 869 est.
2073 809 2201 855 Dae-

57 879 175 926 dalus
204 886 344 922 autem
366 879 411 922 in
436 876 631 923 Siciliam
662 875 678 901 f
696 878 756 922 ad
785 879 978 924 Cocalum
997 893 1159 939 regem,
1211 879 1345 936 epulto
1360 877 1474 937 filio,
1488 875 1679 939 profugit
1692 897 1708 931 3
1737 876 1868 934 Cujus
1893 872 2032 934 casum
2055 874 2200 919 gPer-

55 944 152 1001 dix,
188 942 315 987 Calai
326 942 475 1001 filius,
490 942 760 1003 Atheniensis
775 958 854 1004 pro
871 942 1027 1004 gaudio
1053 945 1168 988 tulit.
1203 938 1334 986 hnam
1357 957 1447 988 cum
1469 945 1506 987 is
1522 943 1551 987 a
1576 950 1712 986 matre
1727 948 1900 999 propter
1922 941 2200 999 cognationem

46 1007 188 1070 fratri
216 1006 342 1052 datus
371 1007 464 1067 efflet
486 1009 531 1052 in
555 1006 842 1067 disciplinam,
877 1006 977 1068 quia
996 1009 1159 1065 primus
1171 1005 1319 1065 fhrrae
1341 1005 1535 1052 inventor
1549 1004 1733 1067 fuerut3
1779 1003 1826 1049 ob
1849 1003 2061 1076 invidiam
2085 1006 2200 1064 inge-

52 1074 113 1119 nii
154 1073 183 1117 a
207 1071 406 1116 Daedalo
433 1074 741 1131 praecipitatus
776 1073 844 1132 est.
892 1069 992 1116 ¹'cui
1029 1072 1075 1116 in
1109 1072 1233 1116 malis
1268 1072 1479 1117 illinerva
1519 1070 1722 1116 decidenti
1767 1081 1877 1127 opem
1904 1069 2020 1112 tulit.
2086 1074 2202 1115 Ante

51 1138 324 1196 enim9quum
357 1146 518 1182 terram
539 1138 817 1199 contingeret,
851 1136 905 1183 ab
938 1149 987 1181 ea
1018 1138 1063 1182 in
1088 1137 1297 1182 volucrem
1321 1136 1375 1197 est
1397 1133 1571 1196 versus,
1607 1150 1711 1196 quae
1743 1134 1771 1178 a
1805 1135 1964 1179 nomine
1995 1134 2082 1192 ejus
2098 1146 2198 1193 per-

57 1201 129 1248 dix
163 1210 356 1247 vocatur„

47 1486 106 1525 De
124 1486 193 1525 hac
222 1487 332 1525 etiam
352 1485 514 1525 Ariadna
535 1515 545 1532 ‚
572 1500 685 1538 quam
712 1488 876 1539 Juppiter
898 1490 1092 1527 immorta-

9 1545 11 1581 ξ
44 1537 117 1576 lem
139 1538 177 1575 δε
204 1536 397 1576 Γεηεέὶιιῑίε
426 1549 616 1587 expertem
648 1541 737 1578 fecit
758 1567 768 1585 ,
807 1539 856 1578 fic
876 1540 1028 1579 Hefiod.
1052 1541 1090 1578 in

8 1584 11 1622 !
45 1586 273 1636 Theogonia
303 1600 389 1637 947.

93 1663 317 1708 Χρυσοκόμης
336 1663 376 1700 δὲ
397 1664 564 1709 Διώνυσος
580 1666 705 1714 ξανθὴν
723 1665 907 1713 Α’ριείένην
921 1698 930 1713 ,

89 1715 220 1759 Κούρην
240 1715 371 1760 Μίνωος
385 1743 396 1761 ,
426 1717 572 1763 θαλερὴν
589 1720 753 1760 ποιήσατ’
775 1721 912 1759 ἄκοιτιν
924 1747 937 1765 ,

91 1766 126 1800 T
130 1768 167 1806 ἦν
188 1763 229 1800 δὲ
243 1792 254 1809 ,
282 1777 353 1804 (φο.

45 1824 107 1864 Sed
139 1839 240 1864 aureo
274 1828 365 1866 crine
402 1830 594 1879 conspicuus
625 1833 777 1870 Bacchus
793 1832 939 1884 flavam
958 1833 1096 1871 Ariad-

41 1889 147 1922 nam,
166 1876 286 1926 filiam
309 1880 440 1916 Minois
457 1907 468 1925 ,
497 1881 536 1918 in
555 1881 644 1932 flore
672 1885 867 1934 existentem
886 1885 990 1922 duxit
1010 1898 1095 1922 uxo-

43 1940 114 1965 rem
132 1944 143 1964 .·
172 1934 273 1965 Hanc
293 1939 434 1973 autem,
463 1943 536 1971 &c-
565 1934 654 1971 Non
667 1934 883 1979 defuerunt,
910 1935 1088 1985 quidixe-

42 1979 136 2021 rint,
157 1979 334 2018 Ariadnas
354 1979 457 2019 fuiffe
484 1982 591 2026 duas;
622 1984 795 2030 alteram,
823 1998 917 2036 quae
950 1986 1088 2024 Libero

43 2028 162 2077 nupsit
185 2056 196 2072 ‚
222 2030 402 2069 seniorem
415 2047 426 2075 ς
457 2033 606 2073 alteram
622 2036 837 2085 juniorem,
866 2049 961 2086 quae
985 2037 1091 2074 The-

46 2077 124 2116 seo.
152 2079 374 2119 CroFANus.

102 2139 182 2172 177.
208 2131 402 2179 Amplexus
421 2143 464 2172 Θ·
488 2135 617 2185 opem.]
645 2138 904 2187 Amplexusque
930 2149 974 2178 eff
999 2147 1091 2187 opem

46 2177 216 2222 Voffian.
234 2181 339 2219 Med.
357 2184 395 2218 ὅ(
414 2183 489 2221 duo
511 2187 580 2224 alii.
602 2187 701 2225 Edit.
720 2189 862 2237 Gryph.
881 2191 919 2226 &
938 2189 1039 2226 aliae.

102 2241 185 2278 179.
214 2230 375 2280 Immisit.
400 2231 416 2281 ]
470 2235 630 2286 Imposuit
657 2239 791 2287 Sprotii
814 2239 945 2277 codex.
974 2249 1013 2278 ut
1032 2239 1092 2277 lib.

50 2290 108 2319 11.
129 2291 214 2329 507,
239 2293 295 2319 1v.
329 2283 412 2330 613.
431 2295 466 2321 x,
492 2286 572 2324 162.
604 2287 665 2326 sed
689 2290 773 2338 quia
797 2289 958 2340 sequitur
978 2290 1092 2337 volat,

49 2329 237 2379 vulgatam
257 2331 460 2370 lechonem
488 2337 644 2376 retineo.
977 2341 979 2344 ⁴

104 2381 185 2419 180.
214 2386 379 2420 Gemmae
410 2383 537 2421 nitidos
566 2397 756 2426 vertuntur
786 2389 826 2427 in
845 2390 975 2440 ignes]
1029 2393 1091 2430 De

51 2429 212 2470 Ariadna
237 2434 275 2470 in
297 2434 438 2472 caelum
464 2436 592 2474 evesta
609 2465 620 2479 ‚
644 2439 765 2487 deque
795 2441 871 2488 ejus
894 2453 1033 2479 corona
1052 2444 1091 2479 in

51 2481 162 2521 stellas
184 2485 380 2531 conversa,
407 2485 457 2523 ita
476 2485 641 2536 loquitur
663 2488 825 2527 Bacchus
845 2491 917 2539 ipse
936 2491 1092 2530 111.Fa-

55 2531 190 2572 storum
213 2548 229 2584 5
240 2547 254 2573 1
265 2547 280 2573 1
288 2565 297 2573 .

106 2617 158 2650 Tu
179 2613 268 2650 mihi
283 2615 408 2662 juncta
439 2626 510 2653 toro
529 2616 618 2654 mihi
631 2616 757 2666 junc‘ia
777 2617 946 2656 vocabula
957 2620 1094 2669 fientes.-

157 2670 255 2700 Nam
276 2665 342 2701 tibi
361 2677 521 2710 mutatae
542 2667 664 2704 Libera
689 2681 812 2704 nomen
830 2669 906 2706 erit.

106 2712 246 2764 Simque
260 2725 342 2752 tuae
361 2728 472 2753 tecum
484 2718 621 2764 faciam
641 2728 866 2755 monumenta
890 2732 1027 2756 coronae
1040 2735 1051 2756 :

158 2765 328 2803 Vulcanus
350 2768 467 2805 Veneri
493 2782 600 2816 quam
619 2768 735 2813 dedit,
761 2768 825 2805 illa
845 2769 946 2806 mihi.

104 2814 211 2853 Dicta
236 2817 330 2872 facit
350 2847 361 2863 ,
395 2819 616 2867 gemmasque
643 2832 768 2857 novem
799 2822 1034 2868 transformat
1058 2821 1098 2858 in

3 3202 11 3410 l

274 2879 286 2902 ι
309 2880 365 2905 nes

160 2880 353 2966 Aurea‘ffoer
364 2897 483 2967 stellas
500 2933 592 2958 nunc
611 2921 719 2959 micat
738 2921 802 2959 illa
824 2934 961 2962 novem.

60 2992 134 3033 Ubi
156 2997 204 3035 est
231 2996 252 3035 {1
268 3011 344 3048 quo
365 3009 511 3048 accepta
532 3001 573 3038 fit
597 3029 607 3044 ,
654 3003 692 3039 &
716 3002 845 3050 quibus
869 3002 1008 3039 constet
1019 2999 1098 3037 stel-

59 3042 112 3082 lis,
139 3046 206 3085 Sed
228 3048 273 3085 de
294 3049 396 3086 stellis
416 3051 516 3088 aliter
539 3053 722 3101 Hyginus·
751 3052 919 3090 CloFAN.
962 3051 1094 3088 subitos

3 3123 6 3135 .
62 3096 171 3142 prim.
191 3100 228 3135 δε
249 3099 318 3137 sec.
340 3099 448 3137 Palat.
471 3101 606 3150 aliique
626 3103 846 3150 complures.
865 3103 975 3140 reete.
1014 3103 1096 3139 LO-

3 3196 5 3202 l
63 3154 146 3184 van.
166 3148 203 3184 ὃ(
223 3161 314 3187 unus
336 3151 472 3187 Medic.
490 3151 622 3189 rutilos.
651 3154 790 3190 Heius.

119 3196 198 3233 182.
228 3199 382 3248 Nixique
395 3201 521 3248 geum]
552 3202 712 3250 Flexique
733 3215 824 3250 genu
856 3203 1099 3251 Argenfflm&

65 3243 216 3332 {Bibliorleti¹
236 3247 360 3298 nzfique
373 3253 536 3302 quinque
551 3263 558 3288 z
573 3263 783 3301 anguemque
792 3253 919 3292 tuentis
931 3253 1102 3293 Leidens.

4 3316 5 3327 1
93 3304 105 3313 ⁷
127 3305 146 3332 a
161 3306 226 3336 ius⁸

1927 1314 2196 1371 Daedalus

1200 1497 1216 1516 ²
1243 1484 1466 1535 Eupalami.]
1522 1481 1686 1532 Eupalmi
1715 1483 1852 1521 Colon.
1880 1482 1917 1519 in
1941 1491 2015 1536 (μιᾳ
2034 1480 2198 1518 editione

1145 1543 1259 1589 longe
1279 1539 1354 1576 aliis
1376 1537 1492 1574 verbis
1515 1545 1774 1582 argumentum
1785 1536 1860 1572 hoc
1872 1538 2089 1579 coneipitur.
2102 1543 2199 1580 quae
2250 1554 2261 1564 .

1147 1593 1282 1633 referre
1304 1591 1417 1637 piget.

1198 1652 1214 1679 b
1242 1653 1424 1699 Profugere
1443 1649 1558 1687 vellet.
1577 1647 1593 1698 ]
1631 1655 1757 1698 Fugere
1772 1649 1894 1686 Parm.
1913 1644 2035 1695 Lugd.
2054 1645 2200 1695 Micyll.

1145 1703 1286 1752 effugere
1305 1702 1445 1739 Colon.

1148 1782 1150 1784 ’
1201 1775 1216 1793 0
1246 1764 1508 1817 Nequiverat.]
1566 1763 1735 1813 Nequiret
1759 1764 1880 1802 Parm.
1912 1760 2034 1810 Lugd.
2053 1758 2200 1809 Micyll.

1152 1818 1267 1855 Raen.
1739 1830 1744 1836 >

1203 1881 1221 1909 d
1248 1885 1350 1931 {Luae
1372 1880 1417 1919 ab
1440 1879 1551 1928 ejus.]
1582 1880 1684 1927 §Luae
1702 1881 1771 1928 ejus
1786 1877 1924 1915 nomine
1941 1877 2061 1914 Parm.
2076 1873 2199 1930 Lugd.

1143 1934 1335 1983 Micy1].in
1345 1946 1442 1969 mare
1462 1930 1587 1967 decidit
1600 1931 1712 1980 ,quod
1730 1931 1801 1980 ejus
1824 1928 1960 1967 nomine
1982 1927 2132 1964 Icarium
2144 1925 2200 1963 Δι’-

1146 1987 1241 2021 tium
1263 1984 1304 2032 est
1325 1985 1480 2021 Raener.
1779 1995 1783 1998 ²

1199 2056 1216 2075 e
1245 2047 1369 2094 Icaria.
1392 2046 1408 2096 ]
1450 2053 1560 2083 scaros
1579 2045 1627 2083 est
1648 2045 1736 2083 aliis.
1764 2043 1863 2081 Vide
1884 2043 1977 2079 Not.
2014 2040 2058 2078 ad
2094 2042 2200 2088 Hyg.

1146 2099 1368 2185 Mytli.lc(‘;111]›.
1395 2109 1454 2144 40.
1483 2098 1702 2134 MUNCKER.
1732 2091 2198 2140 IcareaParm.Lugd.Jca·

1148 2163 1206 2192 ras
1229 2154 1287 2186 LO
1357 2176 1365 2185 .

1198 2211 1214 2238 f
1236 2212 1300 2249 Ad
1319 2211 1470 2262 regem]
1500 2212 1607 2248 Haec
1618 2211 1716 2248 varie
1737 2207 1970 2257 interpolavit
1980 2207 2194 2261 Rue-nerium

1151 2263 1219 2301 Ad
1235 2277 1342 2312 regem
1355 2264 1529 2313 profugit3
1558 2262 1681 2310 sepulto
1695 2260 1770 2308 filio
1787 2261 1824 2296 in
1841 2257 1954 2306 insula
1968 2285 1977 2300 ,
2005 2254 2059 2291 illi
2081 2267 2172 2311 mart
2187 2282 2199 2299 ‚

1149 2313 1188 2351 in
1207 2327 1272 2364 quo
1299 2315 1415 2363 (quod
1428 2311 1580 2360 Heins.)
1609 2311 1774 2348 ceciderat
1791 2310 1911 2346 vicina
1925 2335 1935 2351 ‚
1963 2319 2050 2355 quae
2070 2306 2110 2341 de
2122 2318 2197 2362 'ejus

1147 2378 1278 2415 quoque
1299 2365 1438 2401 nomine
1460 2370 1570 2400 Icaros
1590 2362 1683 2399 ditia
1702 2361 1753 2405 esi,
1782 2367 1924 2396 Patrem
1946 2355 2194 2412 aiitemfiltum

1138 2416 1356 2462 sepelientem
1377 2414 1473 2452 vidit
1491 2413 1621 2450 Perdix
1635 2440 1645 2456 ‚
1661 2411 1786 2459 fhroris
1803 2408 1900 2459 ipfius
1915 2405 2066 2444 Daedali
2078 2405 2195 2453 filius,

1147 2467 1281 2515 ejusque
1301 2466 1418 2513 casum
1441 2477 1519 2501 cum
1533 2462 1660 2509 gaudio
1677 2460 1775 2498 tulit.

1199 2534 1217 2560 g
1245 2526 1395 2569 Perdix,
1414 2523 1518 2561 Calai
1538 2523 1647 2569 filius.
1668 2522 1684 2573 ]
1740 2523 1797 2561 Ita
1818 2524 1856 2560 &
1874 2522 1955 2560 MS.
1977 2521 2015 2559 δί
2036 2521 2197 2577 Veneta,

1150 2575 1233 2613 cali
1258 2575 1444 2623 Micyllus.
1480 2574 1611 2612 rcthus
1639 2575 1812 2612 omnino.
1849 2573 1909 2611 sed
1945 2571 2092 2610 discedit
2109 2572 2196 2608 heic

1150 2627 1194 2664 ab
1215 2626 1290 2663 aliis
1313 2624 1525 2662 melantius
1541 2653 1551 2669 ‚
1579 2626 1642 2673 qui
1663 2637 1818 2674 puerum
1834 2651 1844 2668 ,
1872 2635 1948 2661 non
1966 2629 2109 2679 patrem
2132 2633 2197 2669 ap-

1150 2677 1326 2726 pellatum
1347 2676 1479 2714 volunt
1502 2675 1648 2720 'Talum,
1675 2676 1733 2712 vel
1753 2674 1896 2712 Culum.
1923 2672 2022 2710 Vide
2050 2680 2129 2709 not.
2149 2670 2196 2709 ad

1156 2728 1259 2776 Hyg.
1277 2727 1401 2776 Myth.
1422 2738 1497 2774 cap.
1524 2738 1580 2775 39.
1609 2726 1828 2763 MuNcKER.
1880 2721 2049 2771 Cataifil.
2076 2723 2194 2761 Parm.

1157 2778 1278 2827 Lugd.
1298 2777 1403 2815 Talus
1425 2777 1545 2824 calisti
1557 2776 1657 2825 filius
1675 2776 1813 2815 Colon.

1202 2844 1222 2871 h
1250 2851 1347 2882 Nam
1368 2857 1445 2882 cum
1464 2844 1491 2880 is
1510 2843 1536 2880 a
1557 2843 1706 2893 matre.]
1740 2850 1835 2880 Nam
1858 2855 1935 2879 cum
1957 2839 1982 2877 a
2000 2848 2111 2895 matre
2111 2838 2194 2882 sra-

1153 2896 1202 2932 tri
1219 2896 1324 2933 datus
1350 2910 1376 2933 e.
1404 2896 1428 2933 i.
1455 2895 1489 2932 d.
1517 2910 1538 2946 q
1573 2904 1606 2944 p.
1625 2896 1763 2943 ftrram
1789 2894 2069 2950 inveneratGoRi.
2098 2901 2119 2923 t.
2147 2898 2188 2921 ex

1153 2960 1253 2983 muro
1281 2947 1306 2983 ἐι
1334 2953 1383 2983 Di
1405 2955 1439 2995 p.
1464 2960 1489 2983 e.
1527 2947 1683 2984 Raene1·.
1738 2952 1835 2982 Nam
1863 2956 1939 2980 cum
1968 2955 1995 2977 15
2022 2954 2047 2975 a
2076 2946 2187 2990 matre

1152 3007 1290 3044 cognato
1311 2998 1373 3046 suo
1404 2997 1534 3033 Dedalo
1563 2998 1596 3034 d.
1624 3011 1650 3033 e.
1677 2997 1703 3034 i.
1732 2997 1765 3033 d.
1793 3011 1824 3044 q.
1848 3004 1882 3042 p.
1902 2993 2016 3041 firrae
2052 2998 2094 3025 ω’
2121 2998 2187 3020 czr=

1154 3048 1222 3083 cini
1250 3049 1415 3085 inventor
1434 3048 1523 3095 fuit.
1551 3062 1577 3085 o.
1606 3047 1628 3084 i.
1656 3047 1678 3084 i.
1703 3060 1744 3083 ex
1772 3059 1869 3082 muro
1889 3071 1897 3086 ,
1927 3053 2016 3093 coc·
2052 3035 2188 3072 Colon,

1151 3104 1249 3134 Nam
1266 3099 1350 3135 dum
1373 3098 1402 3136 is
1425 3112 1501 3135 cum
1520 3097 1545 3135 a
1563 3108 1676 3134 matre
1689 3106 1711 3145 p
1745 3110 1769 3132 c.
1793 3096 1895 3130 datus
1916 3092 1985 3139 eſjet
2005 3100 2040 3123 tn
2058 3085 2091 3122 d.
2112 3095 2186 3123 (φτ.

1151 3162 1192 3188 ex
1212 3163 1321 3186 muro.
1338 3161 1408 3189 σε.
1434 3150 1552 3187 Parm.
1568 3148 1684 3196 Lugd.
1699 3146 1838 3192 Micyll.
2177 3197 2186 3206 q

1207 3212 1217 3238 ῑ
1245 3212 1313 3248 Cui
1332 3212 1369 3247 in
1392 3212 1494 3248 malis
1519 3211 1533 3258 ]
1573 3209 1640 3245 Cui
1670 3205 1838 3243 decidenti
1859 3201 1952 3239 Min.
1974 3198 2111 3237 Colon.
2132 3211 2188 3236 cm

1156 3261 1326 3300 Minerva
1346 3270 1436 3310 opem
1455 3260 1539 3300 tulit
1558 3261 1713 3297 Raener.

1604 3345 1731 3386 Bbbb
1761 3356 1780 3395 3
1994 3341 2075 3392 183.
2101 3345 2197 3389 Dar-2
