2483 3616
270 197 373 250 944

735 179 794 236 P.
867 170 1272 235 0V1D11
1348 172 1880 233 NASONIS

420 309 516 364 125
556 290 802 350 Muneris
828 290 931 347 effe
959 289 1070 344 tui:
1114 304 1249 359 quae
1273 305 1362 341 me
1386 288 1503 343 loca
1528 292 1718 346 mortis
1743 291 1892 345 adire
1909 327 1926 354 ‚

558 368 718 439 Quae
742 368 858 419 loca
882 379 970 418 me
996 360 1133 416 visae
1158 359 1367 414 voluisti
1392 359 1621 414 evadere
1647 363 1851 417 mortis,

561 441 671 494 Pro
695 436 885 510 quibus
910 433 1073 488 ae'rias
1097 432 1300 488 meritis
1325 430 1536 486 evectus
1563 432 1632 485 ad
1658 450 1808 488 auras

561 510 793 580 Templa
818 507 914 562 tibi
938 505 1189 568 statuam;
1230 503 1460 558 tribuam
1486 502 1582 556 tibi
1615 504 1746 558 turis
1771 504 2051 562 honorem„

559 581 801 654 Respicit
830 582 973 635 hunc
996 593 1171 640 vateS,
1210 576 1266 630 &
1288 574 1623 648 suspiratibus
1648 573 1869 639 hausti3‚

422 674 522 725 130
559 656 678 711 Nec
706 655 822 709 Dea
845 655 988 716 sum,
1024 651 1195 711 dixit;
1234 666 1336 703 nec
1360 648 1490 702 sacri
1516 648 1646 702 turis
1670 647 1880 701 honore

561 728 881 786 Humanum
906 725 1126 796 dignare
1151 734 1327 794 caput.
1365 739 1470 776 neu
1497 720 1700 775 nescius
1727 737 1904 781 erres;

562 803 693 858 Lux
714 814 928 854 aeterna
955 796 1086 852 mihi
1103 835 1119 858 ,
1159 795 1496 866 carituraque
1520 794 1625 848 fine
1652 792 1906 855 dabatur,

563 875 618 929 Si
647 891 763 927 mea
787 871 1058 942 virginitas
1083 868 1307 923 Phoebo
1333 865 1579 939 patuisset
1609 865 1821 919 amanti.

564 947 714 1001 Dum
740 960 918 999 tamen
943 942 1079 996 hanc
1103 941 1301 1012 sperat,
1341 940 1472 993 dum
1500 954 1974 1010 praecorrumpere
1999 934 2156 991 donis

421 1038 520 1090 135
554 1019 656 1075 Me
681 1019 865 1089 cupit:
906 1015 1089 1087 Elige,
1126 1014 1227 1078 ait,
1261 1013 1416 1084 virgo
1441 1011 1706 1074 Cumaea,
1742 1009 1875 1084 quid
1902 1022 2082 1081 optes:

566 1090 780 1163 Optatis
805 1090 1014 1162 potiere
1045 1087 1161 1141 tuiS.
1202 1103 1307 1158 ego
1333 1085 1563 1157 pulveris
1588 1082 1754 1138 hausti

565 1163 866 1220 Ostendens
888 1161 1191 1222 cumulum,
1230 1172 1363 1232 quot
1393 1157 1610 1211 haberet
1636 1174 1865 1228 corpora
1889 1153 2094 1229 pulviS,

565 1238 684 1292 Tot
709 1235 837 1289 mihi
864 1234 1059 1288 natales
1082 1232 1399 1303 contingere
1425 1247 1556 1283 vana
1581 1230 1781 1300 rogavi.

565 1308 786 1364 Excidit
811 1321 1054 1378 optarem
1073 1305 1294 1376 juvenes
1321 1320 1542 1376 quoque
1565 1302 1809 1374 protinus
1838 1317 2019 1356 annos,

420 1401 521 1455 140
558 1381 684 1438 Hos
709 1393 888 1434 tamen
910 1379 996 1433 ille
1021 1378 1151 1432 mihi
1175 1377 1361 1439 dabat,
1399 1388 1777 1446 aeternamque
1799 1374 2104 1444 juventam,

565 1455 621 1510 Si
648 1453 924 1510 Venerem
950 1464 1174 1524 paterer.
1213 1459 1496 1504 contemto
1525 1464 1747 1501 munere
1774 1446 1982 1502 Phoebi

563 1525 764 1582 Innuba
791 1523 1096 1596 permaneo.
1138 1522 1228 1576 sed
1248 1523 1353 1593 jam
1380 1520 1587 1574 felicior
1613 1533 1752 1574 aetas

564 1599 749 1670 Terga
773 1597 926 1652 dedit
951 1615 963 1650 :
1006 1596 1344 1668 tremuloque
1375 1592 1547 1666 gradu
1571 1594 1716 1646 venit
1740 1609 1897 1664 aegra
1921 1590 2192 1658 sene6³tu83

566 1673 724 1745 Quae
749 1669 998 1744 patienda
1023 1669 1118 1724 diu
1146 1667 1233 1723 est.
1273 1685 1395 1723 nam
1414 1665 1524 1737 jam
1548 1665 1677 1720 mihi
1701 1665 1904 1720 saecula
1929 1663 2133 1738 septem

332 1887 412 1926 126.
441 1887 599 1924 Evadere
618 1883 777 1934 mortis.]
819 1882 937 1922 Nostis
966 1883 1138 1922 Vatican.
1157 1883 1265 1933 prim.
1286 1882 1325 1921 &

277 1939 419 1978 Medic.
440 1940 577 1977 tertius.

332 2002 412 2034 127.
443 1989 505 2026 Ad
533 1986 677 2036 aura5.]
719 1993 759 2023 In
781 1999 888 2024 auras
909 1987 1082 2023 Gronov.
1104 1985 1144 2022 &
1164 1992 1326 2034 quatuor

278 2040 349 2077 alii.
372 2040 419 2076 ad
440 2040 540 2076 horas
561 2038 712 2084 Barb.&
737 2037 874 2075 Medic.
892 2038 1070 2085 proveatu
1085 2047 1191 2073 unus.
1216 2036 1325 2071 adve-

278 2093 352 2127 elus
380 2091 557 2140 quinque.
583 2090 704 2138 ejecssus
724 2087 813 2126 duo.
845 2089 971 2124 erectus
988 2085 1158 2124 totidem.
1185 2086 1325 2133 rejeezus

279 2153 394 2186 unus,
417 2142 585 2190 projeetus
613 2139 714 2176 alius.
740 2147 871 2188 ereptus
899 2137 1044 2187 Sprotii.
1071 2135 1232 2172 devenus
1252 2136 1323 2173 Ar-

277 2200 377 2241 gent.
405 2192 546 2228 allectus
565 2190 723 2238 Neapol.

334 2243 414 2280 128.
442 2242 567 2279 Thuris
594 2239 771 2289 honores]
810 2246 978 2276 Honorem
1009 2238 1226 2287 Bernegger.
1254 2237 1322 2274 sec.

275 2293 388 2331 Palat.
410 2294 518 2341 prim.
539 2293 710 2329 Gronov.
729 2298 810 2328 tert.
826 2300 942 2339 quart.
965 2289 1101 2326 Medic.
1114 2287 1321 2326 refrenant

275 2343 459 2392 sequitur,
499 2343 613 2379 thuris
635 2341 768 2378 honore.
798 2354 889 2378 mox
912 2353 976 2389 pro
999 2339 1142 2389 Respicit
1163 2338 1323 2387 Berneg-

277 2405 352 2442 ger.
380 2397 417 2432 ὃς
437 2395 541 2443 prim.
565 2394 736 2430 Gronov.
766 2399 931 2439 Increpat.
960 2392 1104 2427 Hsms.

335 2457 416 2493 129.
445 2443 674 2494 Suspiratibus
707 2442 871 2492 haustis]
915 2440 1145 2490 Respiratibus
1183 2438 1322 2477 Medic.

280 2494 319 2580 {c
340 2504 498 2543 quatuor
518 2496 591 2533 alii.
618 2492 860 2543 respirantibus
887 2492 984 2530 auris
1005 2492 1092 2529 duo.
1111 2490 1322 2540 suspiranti-

306 2558 344 2581 us
363 2546 432 2583 sex.

335 2607 417 2643 131.
446 2603 500 2633 Ne
519 2594 686 2644 nescim]
720 2600 796 2631 Neu
815 2594 1020 2641 exscriptis.
1050 2593 1197 2630 Hflms.

308 2693 314 2699 η
337 2656 418 2695 133.
446 2647 647 2696 Patuiſjet]
676 2645 857 2695 placuisset
876 2654 1036 2695 quatuor
1054 2643 1185 2692 scripti.
1195 2643 1324 2682 vid.ad

280 2694 342 2732 lib.
362 2709 390 2733 1.
408 2699 488 2733 A1t.
506 2699 565 2745 63.

338 2758 419 2794 135.
447 2746 641 2796 Cumaea]
672 2752 837 2783 Cumana
855 2745 996 2783 Medic.

338 2800 419 2844 136.
448 2796 609 2832 Pulveris
629 2796 789 2844 haustus]
819 2796 876 2833 Sic
900 2797 1051 2833 Statius:

335 2848 398 2884 Jlle
420 2847 528 2895 magis
551 2846 660 2882 crebro
676 2847 761 2881 dum
780 2846 917 2881 lumina
935 2846 1087 2893 pulveris
1106 2844 1230 2891 haustu

337 2898 474 2934 Obruit.
527 2897 694 2933 Ciofm.
734 2896 804 2933 Sed
834 2895 946 2942 hausti
972 2895 1143 2931 meliores
1172 2895 1262 2932 editi
1287 2895 1325 2932 &

284 2948 347 2987 scri
377 2950 415 2986 ti.

344 2961 424 3048 1p37.
451 3001 546 3046 Quot
556 2997 693 3034 haberet
712 3005 843 3045 terpora
861 2992 1016 3043 pulvis.]
1046 2993 1220 3030 Haberent
1236 3005 1328 3031 unus

286 3050 482 3088 Mediceus
501 3061 546 3086 ex
570 3047 792 3085 melioribus.
821 3046 966 3083 Huius.

2152 1752 2254 1806 145
2290 1733 2426 1790 Afia

1380 1880 1468 1921 vide
1487 1879 1533 1920 ad
1552 1879 1614 1918 lib.
1639 1892 1712 1918 v11.
1739 1877 1826 1928 298.

1436 1961 1516 1996 144.
1545 1955 1640 1986 Nam
1650 1948 1731 1997 jam
1753 1946 1843 1983 mihi
1855 1944 1994 1995 saecula
2010 1942 2178 1995 septem]
2207 1944 2314 1981 Haec
2328 1943 2425 1982 Ovi-⁴

1380 1999 1458 2038 dius
1487 2001 1687 2037 maximam
1721 2006 1861 2047 partem
1891 2009 1937 2034 ex
1969 1995 2049 2044 ipfis
2069 1995 2223 2033 oraculis
2242 1995 2423 2043 Sibyllinis

1380 2050 1526 2088 videtur
1556 2047 1719 2087 haufifl‘e.
1781 2047 1891 2084 Certe
1932 2046 2065 2095 Sibylla
2095 2045 2292 2094 Erythraea
2323 2045 2420 2093 apud

1380 2101 1625 2149 phlegontem
1646 2098 1875 2136 Trallianum
1895 2097 2018 2134 libello
2041 2097 2121 2140 περῑ
2140 2095 2347 2140 Μακροβίων
2358 2106 2425 2132 va-

1377 2152 1550 2189 ticinatur
1580 2150 1702 2200 paullo
1734 2150 1854 2187 minus
1882 2148 1981 2185 mille
2002 2158 2117 2184 annos
2132 2173 2142 2190 ,
2170 2145 2244 2183 five
2266 2145 2395 2183 decem
2412 2173 2424 2190 ‚

1379 2203 1518 2247 γενέαις
1537 2202 1572 2239 se
1597 2201 1777 2239 vi&uram
1796 2198 1888 2243 esse,
1927 2209 2013 2236 nam
2037 2196 2101 2246 ipfi
2123 2196 2277 2245 Sibyllae
2297 2198 2426 2242 γενέας

1378 2251 1452 2289 five
1469 2254 1723 2301 generationes
1741 2250 1870 2288 decem
1894 2250 2013 2286 facere
2031 2247 2159 2285 decem
2178 2247 2314 2284 saecula
2329 2274 2339 2290 ,
2360 2247 2423 2285 seu

1377 2314 1492 2341 annos
1517 2303 1632 2347 mille,
1651 2315 1695 2339 ex
1716 2302 1788 2340 alio
1808 2299 1972 2350 ejusdem
1993 2299 2148 2348 Sibyllae
2159 2298 2308 2335 oraculo
2322 2297 2423 2336 idem

1379 2354 1541 2403 Phlegon
1563 2355 1726 2396 evincit,
1762 2352 1865 2401 quod
1888 2351 1933 2388 de
1952 2349 2045 2387 ludis
2069 2350 2323 2386 Romanorum
2347 2349 2422 2397 agit

1380 2403 1616 2442 saecularibus
1631 2403 1749 2441 :unde
1763 2403 1810 2440 est
1822 2401 1991 2450 colligere
2006 2400 2245 2449 Erythraeam
2257 2400 2329 2436 fata
2345 2400 2423 2437 Ro-

1380 2456 1496 2493 manis
1517 2452 1705 2497 ceciniffe,
1736 2462 1847 2502 atque
1868 2453 1975 2500 hujus
1996 2451 2141 2488 oracula
2165 2449 2303 2487 consuli
2325 2449 2367 2487 ab
2377 2449 2421 2486 il·

1378 2505 1419 2543 lis
1446 2505 1548 2543 fuiffe
1572 2505 1686 2543 solita.
1712 2504 1867 2552 apertius
1890 2501 2101 2540 Aristoteles
2126 2502 2205 2545 περὶ
2226 2499 2422 2543 θαυμασίων

1381 2556 1552 2605 Sibyllam
1591 2555 1748 2593 nostram
1788 2554 1993 2591 Cumaeam
2020 2579 2030 2595 ,
2075 2551 2149 2589 five
2187 2551 2393 2588 Cumanam
2410 2578 2422 2594 ,

1380 2608 1545 2656 Erythris
1558 2605 1752 2644 oriundam
1774 2605 1874 2648 facit,
1887 2603 2118 2650 eandemque
2130 2602 2422 2645 πολυχρονιωτά-

1381 2672 1445 2696 την
1466 2657 1569 2695 fuiffe
1590 2656 1761 2704 defignat.
1789 2655 1878 2692 nihil
1896 2666 1983 2702 ergo
2005 2652 2176 2690 differunt
2199 2651 2420 2688 Cumana&

1379 2709 1592 2757 Erythraea.
1621 2707 1690 2744 Sed
1713 2708 1751 2743 &
1771 2706 1977 2743 Marcianus
2002 2703 2147 2750 Capella
2167 2700 2251 2737 duas
2273 2710 2418 2739 tantum
2449 2724 2452 2727 >

1380 2759 1532 2807 Sibyllas
1551 2758 1658 2800 facit,
1677 2757 1782 2793 aliam
1809 2756 2042 2804 Erythraeam
2057 2779 2067 2794 ,
2094 2763 2188 2799 quae
2202 2752 2235 2787 Sc
2251 2751 2421 2790 Cumana

1382 2810 1477 2847 dicta
1496 2809 1537 2846 fit
1552 2837 1562 2852 ,
1589 2808 1694 2845 aliam
1715 2807 1921 2855 Phrygiam.
1957 2802 2084 2839 Strabo
2101 2801 2189 2839 duas
2206 2803 2420 2849 Erythraeas

1383 2860 1570 2897 constituit
1591 2886 1600 2901 ,
1638 2869 1790 2906 quarum
1822 2856 1929 2892 altera
1957 2854 2067 2889 fuerit
2098 2853 2352 2900 autiquiflima.
2379 2860 2421 2890 ut

1382 2922 1446 2958 per
1463 2910 1558 2946 illam
1591 2909 1798 2945 Cumanam
1819 2901 2030 2941 intellexisse
2050 2902 2226 2940 videatur.
2254 2915 2338 2940 nam
2359 2914 2420 2940 ce-

1381 2961 1447 2996 teri
1479 2959 1666 3006 scriptores
1689 2957 1897 2992 Cumanam
1926 2955 1969 2991 ab
1992 2955 2186 3001 erythraea
2209 2954 2345 2990 faciunt
2367 2953 2423 2989 di-

1383 3009 1535 3046 versam.
1566 3007 1625 3044 sed
1652 3008 1742 3043 haec
1761 3005 1868 3042 fufius
1888 3013 2026 3052 praeter
2047 3005 2259 3041 institutum.
2314 3003 2425 3040 Nunc

1384 3059 1430 3096 de
1452 3059 1527 3103 ipso
1556 3056 1653 3104 apud
1672 3057 1916 3103 phlegontem
1938 3055 2090 3092 oraculo
2113 3053 2313 3091 videamus.
2368 3054 2424 3089 Ex

344 3113 427 3150 139.
452 3099 592 3137 Excidit
625 3110 665 3135 ut
695 3096 879 3147 peterem]
910 3095 1050 3132 Excidit
1071 3103 1220 3143 optarem
1243 3094 1331 3130 alter
1385 3109 1542 3145 vestibus
1572 3107 1751 3155 Sibyllinis
1794 3106 1838 3142 ab
1865 3105 1928 3143 1110
1956 3105 2128 3153 prolatis,
2171 3105 2258 3152 qul-a
2288 3101 2428 3153 copiofi

288 3152 496 3199 Hamburg.
525 3162 617 3188 unus
645 3161 748 3186 meus
777 3149 813 3185 ὅ(
845 3159 938 3185 unus
969 3144 1165 3182 Leidenfis.
1198 3146 1326 3193 placet.

288 3202 436 3239 Hiems.
457 3201 543 3239 Vid.
566 3201 610 3237 ad
630 3201 687 3237 lib.
701 3199 857 3245 x111.64.
879 3209 971 3235 unus
993 3197 1104 3234 etiam
1125 3195 1266 3233 Heinsii
1281 3208 1326 3233 ex

290 3253 493 3290 veterrimis
515 3251 707 3299 descriptus
719 3278 731 3293 ‚

337 3302 478 3340 Emdit
500 3302 592 3340 hunc
603 3311 752 3352 peterem
768 3300 916 3349 juvenes
935 3313 966 3348 q.
978 3307 1014 3348 p.
1032 3310 1151 3335 annos.

1383 3160 1463 3197 sunt
1477 3187 1487 3202 ,
1516 3170 1629 3205 pauca
1641 3157 1858 3194 adscribam:

1438 3236 1490 3274 E'v
1510 3233 1633 3286 δεκατῇ
1653 3233 1749 3283 γενεςῖ
1763 3234 1910 3281 zoclen-bu
1931 3230 2027 3268 xxa-02
2045 3232 2148 3279 γΞροις
2166 3228 2303 3281 efficeret,

1438 3291 1620 3341 Μοιινομένη
1639 3290 1699 3340 μὲν
1719 3290 1755 3327 ἐνὶ
1777 3290 1889 3331 emron}
1908 3284 2017 3328 ἔπιε-οι
2033 3286 2202 3337 λέγουσαι,

2349 3333 2432 3380 Πρίν-
2475 3379 2477 3385 ,
