2483 3616
269 170 1505 237 MET'AMORPHOSEON
1574 176 1718 232 Lm.
1791 178 1917 236 VII.

2050 195 2147 248 471

309 281 565 338 Nondum
591 291 798 332 mutato
821 277 1093 349 vulgatum
1118 295 1346 351 corpore
1372 278 1580 334 Glauci.

309 354 382 408 Et
402 354 509 424 jam
533 368 674 405 nona
691 351 814 404 dies
839 368 1000 404 curru
1025 351 1313 423 pennisque
1336 353 1660 416 draconum,

156 447 196 479 2
204 447 226 492 3
236 445 265 495 5
301 426 569 495 Nonaque
593 440 703 477 nox
728 440 913 477 omnes
938 422 1242 477 lustrantem
1264 424 1470 478 viderat
1497 442 1685 495 agros;

304 497 447 551 Cum
471 496 655 550 rediit:
695 514 871 569 neque
895 508 1044 549 erant
1071 495 1221 559 meti,
1258 495 1351 549 nisi
1377 495 1578 559 odore,
1616 496 1909 560 draconem

305 569 379 623 Et
402 582 581 623 tamen
605 570 829 622 annosae
854 568 1046 640 pellem
1072 568 1293 639 posuere
1317 566 1571 622 semeiae.

307 641 565 696 Constitit
590 641 875 696 adveniens
899 641 1029 695 citra
1054 640 1349 715 limenque,
1385 640 1664 714 foresque3

12 844 82 884 ‘t'bas
109 841 303 882 succidisse.
356 843 456 881 Nam
480 843 637 883 omnino
660 843 704 882 ad
721 855 798 882 rem
820 843 983 882 divinam
1004 844 1058 882 fa-

22 894 188 933 ciendam
207 894 288 931 vasa
306 901 416 944 atque
428 907 526 933 arma
548 897 665 933 ahena
684 893 880 932 adhibuiffe
903 904 1057 937 veteres,

15 945 116 984 ¹:idem
139 945 349 983 Macrobius
362 954 467 984 autor
490 947 548 984 est.
577 946 767 995 Sophoclis
778 944 896 983 versus
911 945 949 982 in
959 945 1058 983 hunc

23 995 178 1034 modum
206 995 384 1033 citantur:

73 1047 122 1083 Αἱ
140 1045 181 1081 δὲ
201 1047 410 1091 secema-‘roxa
433 1046 535 1090 neg-xa
556 1045 658 1094 ὅιζῖόν
676 1047 866 1091 κρύπτουσι
880 1045 1008 1091 τομάς

72 1098 132 1139 A‘G
154 1097 172 1138 ’ἧ
197 1096 237 1132 δὲ
260 1096 356 1138 βοῶσ’
380 1098 646 1145 ἀλαλαζομένη
664 1101 801 1143 γυμνὴ,

23 1153 31 1163 ’
74 1150 284 1184 Χαλκέσισιν
304 1149 377 1192 ἧμαι
397 1147 580 1192 δρεπάνοις
601 1151 726 1192 τομάς.
762 1149 938 1185 Μισηι.

21 1197 190 1237 'Adumae
207 1198 330 1244 Junii,
352 1207 392 1236 ut
420 1199 480 1236 lib.
512 1212 592 1236 xiv.
613 1199 697 1236 628.
725 1209 848 1235 acutae
870 1197 1069 1235 Leidenfis.

23 1248 110 1286 nihil
131 1257 244 1289 muta.
270 1249 361 1286 aeris
383 1250 483 1288 enim
504 1250 641 1287 multus
661 1249 740 1287 usus
764 1250 801 1287 in
824 1249 1066 1298 magicisNi·

26 1298 207 1337 deinfiad
221 1298 277 1342 513.
294 1311 376 1345 247.

81 1350 163 1388 228.
192 1349 315 1386 Multa
333 1363 464 1401 quoque
486 1349 684 1399 Apidani.]
713 1350 762 1388 Et
779 1350 839 1388 hic
859 1348 1009 1386 Eridani
1027 1349 1064 1386 in

25 1400 211 1438 omnibus.
232 1400 300 1438 ‘sed
320 1412 390 1448 ego
410 1401 538 1438 iisdem
558 1401 758 1438 rationibus
771 1428 781 1443 ‚
807 1412 893 1449 quas
906 1400 1064 1449 superius

24 1451 145 1499 primo
164 1451 256 1488 libro
284 1451 442 1496 adduxi,
479 1459 690 1500 permotus,
725 1451 828 1500 quod
858 1451 991 1488 scilicet
1010 1451 1069 1487 hic

19 1502 132 1539 etiam
152 1499 356 1540 Theffaliae
374 1502 455 1540 loca
469 1501 668 1540 &flumina
689 1502 732 1539 ab
752 1501 898 1539 ovidio
920 1512 1070 1550 percen-

26 1551 182 1595 seantur,
210 1553 303 1589 inter
333 1564 427 1601 quae
458 1565 535 1590 non
563 1554 683 1601 'magis
710 1551 751 1589 fit
779 1553 928 1596 Attico,
957 1563 1069 1600 quam

21 1601 170 1639 Gallico
196 1601 356 1639 Eridano
385 1603 488 1640 locus
511 1631 521 1646 ,
551 1614 613 1640 eos
629 1631 638 1646 ,
671 1604 733 1650 qui
744 1602 902 1651 Apidani
921 1603 1067 1650 castiga—

25 1661 133 1696 runt,
158 1652 297 1690 secutus
316 1652 404 1689 sum.
432 1653 543 1701 idque
574 1665 620 1689 eo
649 1653 817 1690 libentius
834 1653 902 1690 feci
925 1681 936 1697 ‚
964 1651 1067 1701 quod

23 1701 202 1740 Planudes
221 1704 330 1740 etiarn
347 1730 356 1747 ,
385 1703 449 1751 qui
480 1705 516 1741 in
549 1704 670 1751 primo
686 1731 697 1748 ,
724 1703 785 1740 ubi
811 1703 910 1740 idem
943 1714 1066 1747 error,

27 1763 112 1790 cum
132 1754 258 1790 ceteris
279 1761 483 1797 erraverat,
511 1753 559 1791 fic
578 1755 688 1791 etiam
705 1755 779 1791 hoc
791 1765 938 1790 carmen
958 1754 1068 1790 inter-

25 1810 196 1851 pretatur.
225 1804 373 1840 Πολλαῐ
394 1803 425 1840 3’
448 1803 540 1844 σεῦα-’ἧ
564 1799 598 1839 κ’
617 1801 659 1840 ιὶν
682 1807 762 1845 ταῖς
785 1804 907 1849 ὀχθοιῒς
929 1805 993 1839 τοῦ
1012 1799 1073 1839 A'-

22 1852 173 1892 μπτιὲοιιιοῐὶ
203 1854 336 1896 ἤρεσαν.
380 1855 635 1892 ΝΑυῦεΜυε.
689 1856 777 1892 Non
812 1854 928 1891 solum
955 1854 1075 1902 inquit

28 1903 67 1941 in
86 1903 294 1948 montibus,
322 1904 383 1942 sed
413 1907 524 1942 etiam
557 1907 595 1942 in
614 1905 811 1947 fluviorum
836 1906 919 1954 ripis
942 1905 1067 1941 herbas

31 1954 178 2002 collegit
197 1955 347 1993 Medea.
386 1955 484 1993 Cum
505 1966 629 1994 autem
651 1954 858 1993 Theffaliae
878 1955 1010 1993 fluvios
1031 1967 1070 1992 e-

29 2013 200 2042 numeret
227 2009 360 2052 poe'ta‚
388 2006 600 2054 importune
621 2007 825 2044 admodum
850 2006 895 2043 de
917 2003 1071 2043 Tneffa-

28 2054 78 2092 lia
102 2056 139 2092 in
171 2055 312 2092 Italiam
339 2057 552 2095 Atticamve
581 2058 695 2104 (narn
728 2057 912 2106 utriusque
938 2056 1068 2094 fluvius

34 2105 83 2140 est
115 2104 316 2151 Eridanus)
344 2105 490 2154 fingitur
518 2106 714 2145 tranfiliiffe
745 2108 891 2145 Medea.
944 2109 1070 2154 Quare

33 2152 122 2190 loco
143 2154 290 2190 Eridani
310 2158 564 2195 contenderim
587 2158 745 2207 Apidani
766 2156 835 2196 effe
855 2158 1071 2206 legendum,

37 2214 121 2240 cum
151 2204 355 2250 praesertim
384 2207 569 2252 Apidanus
595 2210 660 2255 (ut
686 2218 769 2246 ante
801 2220 953 2258 quoque
979 2208 1075 2245 dixi-

38 2253 143 2296 mus)
173 2254 377 2292 notiffirnus
403 2255 607 2296 Theffaliae
635 2258 677 2296 fit
707 2259 848 2296 fluvius.
910 2260 1076 2296 Remus.

41 2303 97 2341 Ita
115 2303 204 2342 falso
222 2305 260 2341 ὃς
278 2304 342 2342 hic
363 2306 401 2342 &
418 2307 455 2343 in
476 2309 594 2354 primo
612 2309 704 2346 libro
724 2310 858 2356 Regius
886 2309 1079 2347 contendit

28 2352 235 2403 *tegendum
254 2353 335 2393 esse.
361 2356 492 2405 quibus
511 2358 547 2395 in
565 2358 655 2396 locis
677 2360 880 2397 foedissime
889 2360 1088 2397 hallucina-

37 2413 113 2441 πυτ.
140 2404 206 2442 Tu
227 2417 318 2443 vero
336 2405 416 2455 lege
431 2435 440 2449 ,
467 2415 509 2444 ut
528 2410 574 2444 est
598 2410 635 2445 in
657 2410 826 2446 omnibus
849 2410 992 2446 calamo
1018 2422 1088 2447 no-

40 2455 144 2499 tatis,
173 2455 295 2492 Multa
324 2470 454 2506 quoque
481 2458 640 2494 Eridani.
669 2459 727 2495 De
755 2471 831 2507 quo
860 2459 921 2495 lib.
945 2470 975 2495 1.
997 2459 1080 2505 580.

38 2504 212 2544 diximus.
241 2506 459 2545 CIOFANUS.
512 2508 661 2557 Epidani
682 2519 774 2545 unus
802 2508 1018 2545 Basileenfis.

90 2567 176 2604 229.
201 2562 276 2593 Nec
293 2569 367 2593 oras
384 2556 552 2594 immunis
570 2559 708 2607 Enipea.
728 2558 744 2606 ]
783 2557 1014 2606 Apostrophe
1037 2558 1081 2595 ad

36 2605 216 2648 -fluviurn,
246 2619 358 2656 quem
376 2608 608 2652 immunem,
636 2610 709 2645 hoc
728 2609 799 2652 esti,
827 2607 902 2645 fine
914 2620 1081 2652 munere,

14 2667 116 2704 gnon
142 2656 244 2695 fuiffe
262 2658 334 2701 ait,
362 2661 448 2707 quia
478 2658 613 2696 Medea
643 2659 681 2695 in
703 2660 795 2696 illius
827 2670 979 2708 quoque
999 2660 1081 2706 ripis

46 2707 177 2745 multas
215 2708 362 2757 collegit
395 2709 532 2746 herbas.
570 2710 737 2746 Remus.
790 2709 918 2756 Scripti
951 2720 1082 2746 omnes

42 2756 144 2802 libri,
165 2758 338 2806 Enipheu,
360 2771 422 2807 per
445 2759 504 2808 ph,
524 2771 594 2808 qua
613 2759 657 2795 de
683 2771 720 2796 re
741 2760 777 2796 in
799 2759 919 2806 primo
929 2758 985 2802 fis.
999 2771 1082 2808 579.

45 2807 132 2844 &in
148 2807 248 2845 sexto
261 2808 317 2849 ybs.
334 2812 411 2846 116.
434 2810 576 2847 abunde
595 2810 747 2857 egimus.
776 2810 890 2846 Ciof.

95 2869 181 2905 230.
210 2864 278 2894 Neo
295 2871 363 2895 non
381 2860 550 2908 Peneus.]
604 2866 726 2896 Peneos
748 2861 897 2897 Thuan.
923 2859 1085 2898 Peneidos

18 2922 19 2945 1
46 2906 261 2956 Bernegger.
291 2910 332 2945 δί
363 2910 469 2946 multi
490 2910 572 2952 alii;
604 2911 659 2946 vel
692 2910 860 2946 Peneidas.
913 2911 1014 2947 Penei
1044 2925 1085 2948 u-

47 2968 112 3044 ilius
144 2958 314 2996 Gronov,
363 2959 500 2997 Peneios
538 2960 706 2998 Cantabr.
745 2962 783 2999 ὃς
818 2968 976 3010 quatuor
1014 2962 1085 3000 alii.

83 3016 185 3052 orte,
786 3028 789 3031 ·

101 3075 173 3106 Nec
192 3084 258 3108 non
279 3081 323 3112 (ἐν
342 3070 454 3109 Penei.

51 3131 107 3168 Ut
128 3133 224 3179 apud
254 3134 450 3182 Virgilium
474 3134 610 3184 Georg.
635 3148 784 3188 1v.355.

104 3183 204 3216 Penei
222 3183 382 3229 genitoris
400 3184 446 3220 ad
468 3184 613 3221 undam.

48 3229 255 3271 v,epercheiisies
288 3234 397 3272 etiam
418 3263 430 3280 ‚
466 3247 543 3273 non
564 3236 778 3285 Sperchiades
808 3239 846 3277 in
867 3239 1093 3279 melioribus.

49 3278 172 3327 ÷Puto,

38 3350 43 3352 -
103 3332 197 3381 Tem.
224 3335 271 3368 Il.

2081 713 2155 770 Et

1165 851 1236 883 Nec
1260 858 1328 882 non
1355 850 1505 891 Peneae,
1531 858 1590 884 nec
1615 859 1682 882 non
1708 842 1916 895 Spercheides
1941 841 2068 879 undae.

1114 896 1328 934 Haustus

1169 958 1252 995 231.
1279 948 1498 997 Juncosaque
1520 947 1639 985 littora
1659 945 1842 995 Phoebes.]
1872 944 1930 983 Sic
1945 943 2161 994 quidernle⁴⁵<

1116 997 1212 1045 gitur
1232 1024 1242 1040 ‚
1271 997 1330 1034 sed
1351 997 1521 1045 corrupte
1538 1027 1546 1039 ,
1577 1005 1616 1034 ut
1637 998 1729 1034 mihi
1750 996 1907 1034 videtur.
1962 995 2096 1043 Neque
2120 1005 2160 1031 eo

1119 1048 1197 1084 nim
1213 1046 1339 1083 Phoebe
1370 1047 1472 1084 locus
1503 1046 1572 1085 effe
1598 1049 1635 1085 in
1657 1045 1841 1085 Theffalia
1861 1075 1870 1090 ,
1902 1045 2006 1096 quod
2024 1045 2131 1082 sciam
2146 1071 2160 1088 ,

1123 1097 1321 1135 invenitur.
1373 1098 1539 1135 Tarnetfi
1570 1098 1719 1147 quidam
1746 1098 1907 1146 imperiti
1925 1095 2078 1133 Phoeben
2093 1106 2161 1143 pro

1125 1148 1224 1185 Delo
1246 1148 1358 1185 insula
1390 1156 1518 1196 putent
1534 1148 1781 1198 accipiendam
1807 1161 1814 1184 :
1845 1147 1948 1197 quod
1975 1145 2097 1184 Phoebi
2124 1146 2164 1181 &

1126 1198 1293 1243 Phoebes,
1320 1200 1394 1236 hoc
1417 1199 1485 1242 est,
1515 1199 1695 1246 Apollinis
1727 1199 1765 1235 ὃς
1796 1198 1938 1235 Dianae
1961 1197 2073 1245 patria
2094 1193 2165 1232 effe

1126 1249 1276 1286 dicatur.
1330 1249 1400 1287 Sed
1423 1261 1508 1286 cum
1534 1247 1738 1286 Thessaliae
1759 1249 1840 1286 loca
1862 1245 2057 1297 peragrasse
2079 1246 2168 1282 Me-

1120 1299 1226 1337 deam
1247 1303 1358 1348 po'e'ta
1380 1300 1528 1343 scribat,
1555 1300 1675 1348 inepta
1696 1297 1765 1337 esse
1786 1299 1846 1336 ista
1869 1297 2048 1347 expositio
2063 1307 2167 1334 coar-

1119 1355 1252 1399 guitur.
1308 1351 1403 1387 Mihi
1428 1361 1516 1387 vero
1536 1350 1622 1387 loco
1647 1349 1789 1387 Phoebes
1809 1349 1948 1394 placet,
1972 1346 2086 1384 Boebes
2113 1347 2167 1384 le·
2238 1358 2250 1364 “

1123 1400 1307 1449 gendum,
1339 1409 1507 1449 utquam
1526 1401 1726 1438 minimum
1749 1398 1935 1449 possumus
1961 1398 1980 1435 a
2002 1396 2169 1434 similitu-

1125 1451 1210 1488 dine
1231 1451 1429 1489 nominum
1449 1450 1686 1488 discedamus.
1724 1453 1821 1488 Nam
1850 1454 1914 1498 (ut
1934 1451 1970 1486 in
1989 1460 2091 1485 nono
2112 1459 2170 1484 re-

1124 1502 1195 1539 fert
1218 1502 1370 1549 Strabo)
1397 1501 1521 1539 Boebe
1550 1502 1632 1539 urbs
1652 1501 1858 1539 Theffaliae
1890 1501 1958 1538 fuit
1988 1497 2167 1536 Boebeidi

1123 1552 1219 1590 lacui
1248 1552 1427 1599 adjacens.
1480 1552 1638 1590 Videtur
1655 1561 1779 1589 autem
1801 1555 1911 1600 po'e'ta
1928 1578 1937 1593 ‚
1952 1549 2077 1586 Boeben
2101 1559 2167 1596 pro

1122 1603 1308 1640 Boebeide
1327 1603 1408 1640 lacu
1428 1601 1606 1651 posuiffe,
1635 1603 1735 1652 cujus
1756 1600 2029 1649 littorajuncosa
2051 1599 2169 1647 ajun-

1123 1665 1253 1691 corum
1274 1654 1511 1690 multitudine
1532 1661 1652 1690 vocat.
1705 1653 1808 1690 Huic
1825 1661 1948 1689 autem
1971 1662 2076 1687 meae
2089 1661 2172 1686 cor-

1123 1703 1397 1741 rec‘tionietiarn
1413 1703 1605 1751 Apollonii
1625 1704 1798 1752 interpres
1818 1703 1876 1740 ille
1894 1703 2053 1739 Graecus
2066 1701 2171 1738 adsti-

1125 1755 1280 1803 pulatur.
1309 1755 1480 1791 Remus.
1527 1754 1748 1803 Juncosaque
1766 1753 1868 1790 litora
1889 1751 2005 1788 Boebes
2024 1752 2172 1789 arbitra-

1128 1814 1186 1841 tur
1212 1804 1347 1852 Regius
1371 1805 1442 1852 legi
1465 1804 1617 1848 debere;
1650 1805 1687 1840 δε
1709 1804 1859 1852 quidem
1880 1802 2070 1840 absurdum
2092 1814 2169 1839 non
2216 1836 2217 1839 ,

1133 1855 1191 1892 est.
1247 1855 1485 1902 Manuscripti
1513 1854 1604 1892 vero
1624 1854 1667 1891 ad
1690 1866 1804 1891 unum
1830 1854 1988 1897 habent,
2018 1853 2175 1890 Phoebes.

1134 1905 1252 1954 Quod
1273 1903 1416 1943 fortass‘e
1429 1906 1537 1942 etiam
1562 1903 1858 1953 retineriposset:
1888 1903 2065 1953 fiquidem
2081 1907 2176 1952 po'e'-

1123 1964 1182 1994 tae
1194 1956 1479 2004 regionumloca
1498 1955 1682 1993 interdum
1702 1968 1778 1992 non
1801 1955 1964 1998 servant,
1986 1954 2045 1992 sed
2063 1955 2176 1992 multa

1126 2007 1370 2045 confundunt.
1412 2009 1538 2056 Atque
1559 2007 1596 2044 in
1614 2005 1778 2055 sequenti
1800 2005 1902 2043 versu
1925 2004 1944 2041 a
1967 2004 2172 2042 Thessaliae

1127 2058 1217 2095 locis
1238 2057 1396 2095 discedit.
1452 2059 1539 2094 Hoc
1558 2068 1712 2105 quoque
1734 2056 1849 2093 modo
1870 2055 2044 2103 quispiam
2065 2056 2175 2101 suspi-

1128 2109 1199 2146 cari
1221 2108 1338 2156 potest
1361 2106 1480 2146 feciffe
1500 2111 1652 2156 po‘e'tain
1673 2107 1848 2143 nostrum.
1877 2105 1945 2142 Sed
1969 2105 2060 2142 nihil
2080 2105 2175 2142 affir-

1128 2172 1207 2196 mo.
1261 2159 1364 2196 Volo
1392 2160 1491 2196 enim
1529 2159 1602 2195 hoc
1641 2167 1751 2205 atque
1781 2157 1846 2193 alia
1873 2155 2081 2192 doen-orum
2104 2156 2174 2192 ho-

1129 2221 1219 2248 num
1240 2209 1379 2258 judicio
1402 2210 1621 2257 permittere.
1678 2208 1827 2244 Interim
1853 2206 1943 2242 mihi
1970 2205 2112 2252 postulo
2134 2208 2174 2243 δε

1126 2260 1311 2310 judicium
1333 2261 1496 2308 ampliari
1522 2270 1648 2296 meum
1664 2286 1673 2301 ,
1703 2259 1739 2295 ὃς
1763 2259 1881 2294 otium
1898 2283 1907 2300 ,
1935 2267 2011 2304 quo
2024 2255 2060 2292 id
2073 2268 2175 2304 prae--

1139 2312 1226 2349 stare
1249 2311 1377 2359 poffim
1394 2339 1403 2354 ,
1432 2309 1597 2348 concedi.
1625 2309 1738 2345 Cror.

1193 2372 1278 2409 232.
1307 2360 1480 2409 Carpfit.]
1510 2360 1631 2409 Carpit
1657 2358 1786 2395 rectius
1809 2356 1878 2394 alii.
1907 2357 2117 2396 HElems.

1193 2423 1278 2459 232.
1305 2415 1352 2447 Ec
1374 2410 1519 2446 Euboica
1536 2411 1653 2445 vivax
1680 2407 1886 2444 Anthedone
1910 2409 2093 2458 gramen]
2121 2409 2180 2446 Vi-

1143 2473 1219 2497 vax
1236 2473 1380 2508 gramen
1400 2487 1409 2502 ‚
1449 2461 1492 2496 ab
1522 2459 1676 2502 effectu,
1705 2457 1807 2506 quod
1828 2459 1941 2495 vitam
1966 2458 2110 2501 reddat,
2139 2461 2179 2497 ὃς

1137 2511 1337 2547 conservet.
1366 2511 1472 2546 Haec
1494 2510 1640 2557 Regius.
1669 2508 1786 2556 Quod
1807 2507 1949 2545 fonaffe
1964 2509 2039 2547 aliis
2058 2510 2178 2558 place-

1137 2561 1210 2597 bit:
1240 2561 1329 2597 mihi
1351 2569 1446 2596 certe
1467 2572 1543 2596 non
1567 2559 1748 2606 probatur.
1789 2559 1886 2595 Nam
1901 2588 1909 2601 ,
1939 2567 1979 2596 ut
1996 2560 2177 2608 agricolae

1137 2610 1333 2654 testantur,
1361 2621 1511 2658 gramen
1534 2610 1598 2646 nifi
1616 2609 1741 2657 septies
1757 2609 1971 2657 jumentum
1985 2609 2180 2658 digefl'erit.

1138 2672 1343 2709 numquam
1366 2660 1502 2697 arescit.
1542 2660 1631 2697 Vidi
1654 2671 1723 2708 ego
1748 2671 1899 2707 gramen
1928 2660 2056 2697 eterra
2080 2663 2184 2699 evul-

1136 2711 1215 2748 sum
1232 2739 1242 2754 ‚
1268 2711 1407 2759 solique
1426 2710 1559 2747 deinde
1579 2722 1641 2758 per
1658 2710 1847 2747 biennium
1870 2711 1947 2747 fere
1971 2712 2179 2759 expositum

1138 2774 1214 2799 non
1232 2761 1313 2798 satis
1327 2761 1468 2798 aridum
1488 2759 1611 2797 fuiffe:
1640 2760 1698 2797 sed
1723 2760 1843 2809 postea
1863 2770 1952 2798 terra
1966 2763 2181 2800 contec‘tum

1140 2810 1284 2860 optime
1325 2811 1566 2858 repullulavit.
1631 2810 1843 2857 Quomodo
1892 2812 2034 2850 videtur
2070 2818 2182 2861 poeta

1139 2863 1259 2901 noster
1275 2860 1403 2900 dixiffe
1418 2887 1429 2905 ,
1454 2862 1570 2899 vivax
1589 2874 1746 2910 gramen.
1798 2861 1906 2900 Sic&
1927 2863 1987 2900 lib.
2012 2875 2068 2901 1v.
2095 2864 2184 2901 Fast.

1144 2925 1229 2963 397-

1140 3028 1174 3065 C
1193 2982 1238 3015 Et
1268 2979 1365 3016 modo
1391 2977 1575 3028 carpebant
1602 2976 1719 3015 vivax
1745 2978 1763 3015 ἒ
1783 2977 1896 3029 cespite
1922 2989 2078 3027 gramen.

1179 3041 1359 3067 munus.

1195 3105 1279 3141 234.
1311 3100 1413 3130 Nona
1432 3094 1501 3131 dies
1523 3093 1657 3143 illam]
1693 3099 1740 3130 Et
1751 3093 1830 3141 jam
1849 3092 2023 3141 plerique.
2049 3089 2181 3138 Etjam

1146 3156 1235 3179 nona
1257 3144 1326 3180 dies
1353 3145 1454 3182 oeto.
1484 3146 1608 3192 probe.
1637 3146 1779 3181 Hfims.

1198 3195 1280 3240 236v
1313 3200 1430 3241 Neque
1449 3204 1549 3230 erant
1570 3194 1655 3229 tami
1670 3192 1734 3240 mfi
1752 3191 1846 3226 odore
1864 3189 2061 3240 dracones]
2093 3190 2186 3236 Pasti

1145 3242 1235 3278 alter
1267 3242 1500 3280 Twisdenius
1523 3271 1533 3286 ‚
1569 3244 1607 3281 &
1646 3254 1710 3289 pro
1750 3240 1883 3276 diversa
1913 3240 2073 3278 lectione
2108 3240 2184 3277 duo

1147 3291 1310 3329 Medicei
1325 3319 1335 3337 ‚
1356 3292 1548 3341 eleganter.
1586 3290 1764 3376 ApOpofite
1784 3290 1966 3336 juvenalis
1979 3292 2049 3330 Sat.
2060 3303 2095 3328 v,
2109 3300 2187 3344 140.

1677 3351 1735 3377 oo
2091 3347 2189 3378 Virro
