2483 3616
348 168 1565 237 ‘METAMORPHOSEON
1635 176 1776 235 Lm.

1848 182 1944 241 IV.

2098 199 2195 248 251

362 274 605 332 Miscuit:
647 270 702 324 δε
729 270 915 342 gelidis
940 270 997 323 in
1019 268 1249 324 vultibus
1277 270 1453 323 oscula
1475 269 1671 341 ligem,

365 350 616 419 Pyrame,
653 343 924 406 clamavit,
962 342 1080 414 quis
1105 354 1158 395 te
1182 342 1313 398 mihi
1336 343 1481 397 casus
1505 342 1736 398 ademit?

360 421 612 492 Pyrame,
648 416 926 488 responde.
967 428 1056 468 tua
1095 426 1180 480 te,
1206 414 1494 480 cariffime,
1532 415 1741 472 Thisbe

361 491 633 547 Nominat.
672 489 895 552 exaudi,
930 488 1211 560 vultusque
1234 489 1416 543 attolle
1437 488 1689 560 jacenteS.

221 584 321 637 145
359 565 450 618 Ad
476 580 677 618 nomen
701 562 933 617 Thisbes
958 561 1172 623 oeulOS,
1203 560 1310 631 jam
1334 575 1512 615 morte
1539 574 1808 633 g1·avat03‚

364 638 618 703 Pyramus
643 635 841 698 erexit,
879 634 1092 707 visique
1116 632 1425 688 recondidit
1450 635 1552 689 illst.

365 704 519 781 Quae
545 708 822 781 postquam
848 707 1157 780 vestemque
1184 706 1326 761 suam
1350 708 1638 779 cognovit,
1677 708 1734 761 &
1759 707 1881 764 ense

359 782 517 840 Vidit
544 781 674 835 ebur
698 798 953 842 vacuum3
995 779 1119 834 Tua
1145 793 1198 832 te
1226 797 1436 846 manUS,
1472 781 1676 853 inquit,
1713 798 1972 854 amorque

363 854 640 917 Perdidit,
678 854 876 908 infelix.
916 851 990 907 est
1020 853 1076 906 &
1103 851 1234 907 mihi
1258 853 1410 906 fortis
1435 853 1491 907 in
1520 871 1688 908 unum

225 949 321 999 150
359 929 492 985 Hoc
520 945 731 982 manus:
773 925 847 981 est
877 926 931 980 δε
959 943 1139 988 amor,
1178 924 1324 979 dabit
1351 925 1438 980 hie
1464 927 1520 980 in
1543 927 1762 982 vulnera
1785 927 1939 983 vires.

63 1095 241 1141 -ccoffices,
267 1107 361 1145 quos
388 1094 535 1143 inspexi.
563 1093 699 1141 vulgati
711 1091 887 1142 percuffae.
924 1089 963 1127 ἃ
981 1088 1106 1138 postea

65 1147 187 1185 „iidem
211 1147 356 1185 codices
377 1146 422 1183 de
446 1157 518 1183 ove
533 1173 544 1190 ,
570 1145 654 1180 laete
683 1157 773 1180 mero
805 1151 932 1181 mentes
957 1139 1110 1189 perculsa

64 1198 238 1236 novellas.
273 1208 498 1247 quamquam
515 1193 664 1244 percufflz
681 1193 746 1230 illis
765 1193 855 1229 locis
876 1191 1086 1240 praestiterit
1100 1219 1110 1235 ,

71 1247 102 1286 fi
132 1248 345 1286 auetoritate
368 1246 662 1284 membranarum
686 1244 829 1281 nitatur.
855 1253 941 1280 nam
974 1249 1015 1279 ut
1032 1251 1110 1290 per-

74 1299 185 1347 culsus
204 1310 271 1347 pro
289 1296 452 1347 percuffics
465 1296 536 1341 ‚ita
551 1294 717 1344 percuffics
737 1306 805 1343 pro
822 1293 993 1342 perculsus
1013 1292 1110 1340 apud

74 1349 207 1387 Po'e'tas
248 1358 515 1396 nonnunquam
558 1345 716 1394 ponitur.
765 1351 805 1381 ut
839 1343 882 1381 ad
907 1344 1108 1380 Maronem

77 1398 233 1437 Aeneid.
260 1411 286 1435 1.
310 1410 390 1444 513.
422 1399 460 1434 ὅ(
493 1396 567 1433 aliis
593 1395 681 1432 locis
709 1393 1013 1433 demonstramus.
1047 1394 1112 1432 Ci-

72 1461 163 1487 :cero
184 1448 280 1498 apud
297 1447 456 1485 Gellium
477 1446 535 1484 lib.
558 1458 617 1483 xv.
640 1457 719 1494 cap.
742 1446 776 1484 6.

129 1500 202 1548 Qi
224 1499 398 1550 quondam
420 1500 576 1534 Hectoreo
593 1496 763 1546 perculfics
786 1496 933 1534 concidit
953 1496 1036 1545 ense.

72 1550 234 1589 LRutilius
254 1550 414 1588 itinerar.
434 1548 480 1587 de
502 1548 655 1586 Nerone
677 1549 715 1585 &
738 1548 938 1586 Stilichone
970 1546 1115 1597 parrici-

83 1601 156 1639 dis:

136 1652 200 1689 Hic
221 1651 452 1689 immortalem
466 1677 476 1694 ‚
503 1650 686 1687 mortalem
701 1650 848 1700 perculit
870 1649 927 1686 ille
939 1677 951 1696 ‚

186 1703 249 1740 Hic
267 1703 389 1740 mundi
407 1710 557 1738 matrem
570 1701 717 1751 perculit
730 1730 740 1746 ‚
767 1701 823 1738 ille
834 1703 953 1752 suam.

81 1755 291 1794 Hmnsrus.
316 1753 412 1790 Mihi
432 1753 647 1801 neutiquam
668 1753 764 1798 hoc,
793 1753 831 1790 ὃς
863 1750 1034 1789 similibus
1059 1750 1118 1789 lo-

74 1806 134 1844 ÷cis
152 1805 294 1854 perculit
310 1804 453 1853 probari
473 1803 588 1852 potest
602 1831 613 1849 ‚
638 1803 722 1841 licet
740 1803 871 1841 librarii
901 1802 1042 1851 semper
1065 1803 1119 1839 fe-

86 1869 125 1894 re
155 1855 250 1904 apud
279 1856 408 1892 Po'e'tas
438 1855 502 1892 has
524 1853 610 1892 duas
632 1865 744 1891 voces
767 1853 1012 1892 confuderint.
1037 1865 1120 1902 per-

77 1914 195 1957 petua
223 1906 322 1944 enim
343 1907 433 1943 haee
464 1905 566 1942 vocis
585 1905 759 1954 percellere
789 1906 838 1943 est
870 1903 1083 1953 significatio
1108 1932 1118 1948 ‚

86 1966 128 1995 ut
151 1964 256 1995 notet
277 1958 463 1994 interram
486 1954 767 2000 dare‚evertere
781 1984 791 2001 ,
816 1956 973 1993 sternere
987 1983 997 2000 ,
1017 1954 1119 2004 quod

87 2009 125 2046 in
145 2007 269 2051 luem,
295 2006 355 2043 ubi
375 2006 592 2054 planguntur
621 2006 772 2055 peetora
792 2035 803 2051 ‚
828 2006 957 2043 locum
987 2005 1121 2042 habere

90 2058 228 2107 nequit.
265 2056 312 2094 fic
353 2057 485 2094 Cicero
517 2068 603 2094 cum
633 2056 792 2106 adfflgere
833 2056 1025 2105 conjungit
1052 2067 1120 2103 pro

86 2108 222 2145 >Caelio
246 2118 303 2156 32.
330 2107 367 2144 &
390 2118 455 2155 pro
478 2106 596 2144 domo
619 2119 696 2155 cap.
719 2119 772 2144 xx.
805 2108 926 2155 Iisdem
949 2105 1121 2143 machinis

86 2158 228 2207 sperant
249 2170 300 2194 me
320 2157 511 2204 restitutum
530 2157 610 2206 poffe
630 2157 857 2205 labefactari,
876 2157 998 2208 quibus
1019 2166 1124 2194 antea

95 2208 240 2255 stantem
256 2207 467 2256 perculerint.
489 2207 617 2256 Virgil.
636 2219 672 2244 v.
696 2218 777 2257 374.

146 2257 295 2294 Perculit
316 2269 358 2296 esf
369 2258 480 2303 fulva
499 2257 744 2294 moribundum
766 2258 923 2295 extendit
944 2271 1061 2295 arena.

95 2308 173 2345 Ubi
194 2307 303 2344 etiam
319 2308 465 2356 percutit
493 2308 552 2345 alii
583 2308 740 2346 codices.
767 2307 814 2346 fic
841 2308 944 2358 quod
974 2309 1125 2346 Sueton.

96 2358 226 2396 Tiber.
248 2369 307 2394 Lv.
328 2358 365 2394 &
387 2357 527 2394 Neron.
558 2370 666 2396 xxxv.
687 2367 798 2396 vocat
809 2359 1006 2409 percellere,
1023 2358 1126 2396 idem

96 2409 135 2446 in
159 2408 286 2446 Tiber.
307 2420 357 2444 rr.
387 2406 474 2444 dixit
491 2406 659 2456 adfligere.
679 2410 716 2446 &
737 2411 787 2446 ita
804 2409 1028 2458 ubicumque
1051 2410 1127 2446 fere

97 2459 136 2497 in
157 2470 277 2508 pugna
309 2469 363 2495 res
382 2458 540 2506 geritur,
568 2460 606 2495 ὃ(
624 2458 749 2507 aliquis
769 2459 1130 2507 prosternitur‚mal-

96 2509 173 2547 lem
199 2508 353 2558 perculit.
380 2515 419 2544 ut
448 2507 507 2544 lib.
527 2520 563 2546 V.
589 2508 643 2545 18.
676 2508 735 2554 58.
770 2510 808 2546 &
839 2509 900 2557 98.
924 2521 1014 2546 x111.
1047 2521 1130 2558 312.

101 2560 141 2597 &
168 2559 244 2596 hoc
274 2558 373 2595 mille
412 2558 587 2608 exemplis
618 2557 747 2595 adstrui
777 2567 931 2607 poterat.
961 2569 1133 2608 percutere

99 2620 192 2647 vero
235 2609 284 2646 est
320 2608 509 2645 verberare
542 2637 552 2653 ‚
609 2609 789 2657 plangere.
830 2609 916 2646 vide
956 2610 1030 2658 sup.
1070 2622 1132 2646 m.

103 2671 187 2709 330.
227 2660 265 2696 δε
300 2658 447 2696 infinitis
486 2658 581 2706 apud
612 2659 777 2696 nostrum
807 2659 909 2697 locis.
952 2661 1037 2709 quia
1069 2672 1134 2696 ve-

102 2722 144 2748 ro
164 2709 334 2747 Heinsius
354 2709 388 2746 se
407 2708 452 2746 ad
473 2708 666 2758 Virgilium
687 2709 778 2747 haec
799 2710 956 2758 pluribus
977 2710 1136 2747 demon-

103 2759 292 2798 straturum
324 2759 536 2808 promiserat
560 2788 571 2804 ‚
627 2771 766 2809 eaeque
807 2761 873 2797 viri
922 2760 1139 2798 illustriffimi

104 2817 217 2848 notae
236 2809 407 2858 perierint
420 2837 430 2851 ‚
458 2811 496 2847 δε
516 2810 575 2847 hic
596 2810 634 2847 in
664 2811 755 2848 curis
774 2810 938 2849 secundis
968 2823 988 2848 a
1017 2812 1139 2860 priore

104 2859 280 2897 sententia
306 2859 490 2897 discefliffe
519 2861 704 2905 videatur,
732 2873 800 2899 nos
823 2874 899 2899 uno
930 2869 992 2899 aut
1024 2862 1137 2899 altero

104 2910 278 2957 *exemplo
307 2909 538 2947 ostendemus
565 2922 755 2959 perperam
789 2912 899 2949 etiam
932 2912 1036 2960 saepe
1061 2922 1139 2963 per-

104 2958 217 3006 culsus
250 2971 316 3007 pro
340 2960 505 3009 percussus
536 2961 708 2999 exhiberi.
736 2961 783 2998 fic
812 2962 849 2999 in
880 2963 1140 3000 vehementio-

108 3007 202 3044 ribus
214 3010 325 3047 animi
344 3010 604 3048 adfeecionibus
626 3021 696 3060 ego
716 3012 843 3050 malim
864 3013 918 3050 uti
938 3013 1052 3050 verbo
1067 3023 1142 3062 pcr-

113 3057 239 3112 cuffus,
263 3071 374 3108 quam
388 3061 581 3111 perculsus,
606 3069 647 3098 ut
668 3062 766 3100 reete
797 3064 931 3101 Pierius
963 3063 1009 3102 ad
1039 3063 1142 3101 illum

107 3106 254 3155 ‘Virgllii
273 3109 396 3148 locum
418 3124 444 3148 1.
472 3123 554 3160 513·
583 3112 621 3149 ὃς
641 3112 700 3149 lib.
722 3125 776 3150 vr.
799 3124 841 3159 47
852 3127 882 3162 5.

169 3163 238 3211 {vec
257 3159 368 3196 minus
389 3166 526 3198 Aeneas
547 3162 624 3209 casu
640 3163 804 3212 percussus
821 3163 946 3202 acerbo.

113 3206 190 3242 ’Ubi
211 3205 308 3244 addit
326 3209 423 3248 idem
437 3239 448 3256 ,
474 3211 645 3248 mortales
664 3218 722 3249 tot
750 3214 923 3251 aetatibus
953 3214 1147 3264 neglexisse

104 3255 356 3296 differentiam
385 3259 478 3299 inter
495 3261 690 3312 perculsum
713 3262 750 3301 ὅ(
775 3265 974 3314 percussum.
986 3266 1045 3305 lib.
1058 3278 1150 3306 vm.

1165 1100 1245 1126 122.
1283 1087 1463 1138 Obstupuit
1480 1099 1580 1126 tanto
1595 1091 1761 1141 percuffus
1781 1092 1917 1130 nomine
1938 1089 2083 1139 Pallas„

1164 1140 1306 1178 Lucan.
1329 1152 1366 1177 v.
1389 1151 1471 1189 595.

1371 1196 1473 1228 Mens
1496 1191 1609 1229 dubiis
1621 1192 1768 1243 perctcfflz
1784 1203 1907 1244 pavet.

1165 1252 1193 1277 1.
1216 1240 1299 1288 487.
1916 1251 1927 1281 x

1554 1299 1624 1329 Nec
1638 1293 1755 1342 solum
1778 1294 1903 1343 vulgus
1923 1293 2025 1333 inani

1218 1342 1410 1394 Percussum
1421 1346 1556 1392 ferrore
1569 1353 1691 1394 pavet.

1165 1405 1201 1431 V·
1226 1405 1310 1443 737·

1568 1446 1787 1497 Percuffaque
1808 1447 1950 1484 vulnere
1972 1449 2077 1484 caecoj

1169 1494 1217 1532 Et
1238 1496 1287 1534 ita
1309 1497 1447 1546 paffim.
1467 1497 1560 1535 ratio
1583 1506 1706 1535 autem
1731 1510 1795 1535 cur
1816 1498 1853 1535 in
1875 1499 1929 1535 his
1948 1499 2118 1537 omnibus
2134 1505 2214 1549 per-4

1170 1560 1209 1582 cu
1238 1561 1277 1583 us
1306 1549 1461 1597 proferri
1495 1548 1624 1586 debeat
1646 1577 1657 1593 ,
1694 1548 1743 1586 est
1773 1548 1858 1598 quia
1887 1549 2072 1586 translatio
2109 1562 2214 1598 aper-

1172 1604 1210 1634 ta
1240 1597 1287 1635 est
1309 1610 1330 1635 a
1352 1599 1502 1636 vulnere
1525 1600 1687 1648 corporis
1709 1598 1755 1637 ad
1777 1606 1943 1636 mentem
1959 1628 1970 1644 ,
1996 1611 2107 1649 quam
2134 1612 2215 1637 ma—

1173 1648 1301 1685 nifeste
1333 1651 1361 1684 s
1366 1650 1465 1687 icero
1489 1650 1644 1687 ostendit
1675 1662 1738 1687 111.
1761 1649 1804 1687 ad
1826 1650 1905 1688 Att.
1932 1663 1988 1688 12.
2028 1649 2216 1698 Percuffisti

1174 1710 1292 1736 autem
1316 1713 1368 1737 me
1398 1700 1505 1737 etiam
1538 1701 1579 1737 de
1607 1701 1758 1737 oratione
1782 1700 1922 1750 prolata
1942 1729 1952 1746 ‚
1990 1701 2044 1737 cui
2074 1701 2217 1739 vulneri

1176 1760 1216 1786 ut
1229 1749 1351 1798 scribis
1373 1779 1383 1794 ,
1413 1752 1567 1795 medere,
1587 1749 1622 1800 si
1639 1752 1725 1801 quid
1742 1761 1845 1800 potes.
1881 1763 1959 1789 non
1981 1751 2114 1800 patitur
2143 1763 2217 1788 no-

1174 1809 1293 1838 tarum
1316 1801 1407 1838 ratio
1429 1802 1521 1839 haec
1550 1801 1709 1850 pluribus
1729 1802 1788 1838 hic
1820 1813 1926 1851 agere
1949 1830 1959 1847 ,
1988 1804 2026 1840 &
2049 1801 2220 1839 ostende-

1173 1863 1236 1895 re,
1263 1863 1376 1900 quam
1399 1852 1495 1890 male
1516 1851 1635 1889 Barth.
1658 1852 1703 1889 ad
1736 1852 1822 1890 Stat.
1856 1866 1900 1889 11.
1931 1852 2016 1890 260.
2046 1862 2220 1902 percutere

1173 1902 1344 1939 rusticum
1378 1903 1492 1951 magis
1514 1902 1667 1940 verbum
1700 1903 1852 1940 censeat.
1882 1903 1967 1940 vide
1989 1903 2090 1951 plura
2120 1902 2219 1951 apud

1174 1953 1515 1991 Praestantiffimum
1537 1953 1814 1991 Drakenborch.
1842 1953 1888 1991 ad
1911 1954 1984 1992 Silii
2001 1953 2061 1991 lib.
2074 1966 2120 1992 11.
2134 1965 2220 2003 213.

1174 2003 1436 2042 BURMANNUS.
1763 2024 1766 2027 *

1228 2067 1311 2101 130.
1341 2061 1469 2105 Corpus
1490 2053 1695 2103 auratum]
1725 2054 1899 2092 Amantis
1927 2054 2064 2091 multae
2086 2053 2222 2091 editio-

1173 2105 1565 2145 nes-&Lovanienfis.
1597 2105 1832 2156 complexaque
1852 2105 1962 2142 etiam
1991 2113 2062 2141 tres
2091 2103 2222 2152 scripti.

1234 2169 1313 2204 14¹·
1342 2157 1465 2206 Oscula
1477 2156 1626 2206 figens]
1654 2157 1764 2193 Priin.
1789 2157 1828 2192 &
1858 2154 1927 2191 sec.
1960 2154 2112 2191 Thuan.
2145 2154 2223 2190 alii-

1179 2219 1251 2257 que
1275 2209 1413 2253 multi,
1436 2207 1581 2256 fingens.
1614 2206 1735 2244 similis
1767 2205 1950 2243 diversitas
1981 2212 2149 2241 veterum
2179 2203 2223 2249 lif

1179 2258 1329 2296 brorum
1353 2258 1449 2307 apud
1471 2259 1668 2295 Lucanum
1689 2257 1780 2294 libro
1801 2268 1861 2293 vr.
1878 2255 1927 2292 vs.
1953 2255 2034 2302 565.

1233 2309 1392 2358 Theffalis
1413 2310 1569 2346 incubuit
1591 2307 1752 2345 membris
1765 2318 1782 2351 ‚'
1801 2316 1906 2356 atque
1925 2305 2033 2353 oscula
2048 2303 2198 2354 fingens,

1232 2360 1493 2408 Truncavitque
1512 2369 1612 2410 caput
1625 2387 1635 2405 ,
1662 2358 1904 2408 compressaque
1924 2355 2082 2393 dentibus
2101 2369 2163 2393 ora

1233 2411 1404 2447 Laxavit.

1183 2460 1244 2497 De
1259 2461 1415 2509 fingendi
1436 2460 1549 2497 verbo
1570 2458 1656 2496 vide
1676 2468 1771 2507 quae
1790 2456 1836 2494 ad
1858 2457 2013 2494 Acontii
2026 2456 2225 2506 Epistolam

1184 2518 1370 2548 notamus.
1407 2511 1572 2547 Temere
1593 2517 1721 2546 tamen
1743 2507 1830 2545 nihi]
1856 2508 1931 2545 hoc
1960 2507 2048 2545 loco
2080 2518 2229 2546 mutan-

1185 2560 1286 2598 dum.
1313 2560 1490 2608 Epieedio
1506 2559 1618 2597 >Drusi
1639 2572 1699 2608 95.

1236 2614 1294 2646 At
1315 2611 1510 2658 mifierandu
1525 2619 1650 2660 parens
1661 2609 1824 2659 suprema
1845 2622 1950 2660 neque
1969 2608 2080 2657 ofisula
2094 2608 2196 2657 fixit.

1185 2660 1316 2708 Virgil.
1340 2661 1459 2698 Ceiri:

1242 2710 1372 2748 Dulcia
1392 2711 1512 2748 deinde
1530 2711 1624 2760 genis
1642 2710 1840 2748 rorantibus
1861 2709 1973 2759 oscula
1985 2709 2106 2759 figens.

1192 2762 1406 2800 HEmsxus.
1429 2761 1529 2798 Vide
1549 2761 1596 2799 ad
1617 2761 1723 2810 Epist.
1749 2774 1802 2799 XI:
1831 2773 1910 2807 117.

1246 2824 1326 2861 143.
1353 2811 1567 2862 Cariffima]
1598 2810 1774 2860 Cariffime
1794 2810 2014 2849 Balliolenfis
2039 2812 2077 2849 &
2097 2812 2233 2860 Regius

1192 2862 1390 2906 secundus,
1414 2863 1521 2912 quod
1541 2863 1674 2900 merito
1697 2861 1867 2900 Heinsius
1898 2862 2087 2911 amplexus
2109 2862 2168 2899 est.

1247 2926 1327 2962 145.
1354 2914 1472 2951 Oculos
1493 2914 1531 2950 in
1550 2924 1658 2950 morte
1674 2912 1876 2962 gravatos.]
1905 2913 1949 2950 In
1962 2920 2119 2961 utroque
2132 2923 2235 2954 meo,

1196 2964 1291 3010 Jam
1312 2975 1420 3001 morte
1437 2974 1616 3014 gravatos.
1644 2964 1760 3009 Quod
1783 2963 1897 3013 magis
1920 2963 2063 3000 videtur
2083 2960 2237 3009 quadra-

1197 3027 1247 3052 re.
1275 3016 1494 3064 Cromnos.
1522 3015 1616 3061 Jam
1633 3025 1801 3064 gravatos
1822 3014 1952 3051 seritius
1964 3020 2129 3049 veterum
2142 3023 2239 3065 non-

1198 3065 1298 3104 nulli.
1324 3066 1495 3104 viderunt
1515 3066 1769 3104 Vivianus&
1801 3065 1989 3102 Ciofanus.
2028 3063 2077 3097 ita
2109 3059 2240 3098 Statius

1200 3116 1287 3154 Silv.
1314 3129 1393 3154 111.
1415 3117 1461 3155 ad
1477 3117 1650 3154 Uxorem
1665 3144 1677 3161 ,

1303 3167 1423 3204 Oculos
1433 3169 1516 3216 jam
1539 3178 1646 3204 morte
1667 3167 1832 3203 cadentes.
1860 3163 2007 3199 Hssms.

1258 3218 1339 3262 148.
1369 3218 1488 3266 Inquit
1517 3216 1720 3267 amorque.]
1750 3220 1796 3250 Et
1818 3226 1910 3249 error
1930 3208 2160 3256 Baslleenfis,
2183 3210 2244 3249 sed

1205 3274 1295 3306 tunc
1314 3267 1540 3317 repetitionis
1559 3266 1722 3305 venustas
1743 3263 1846 3312 perit.
1873 3261 1991 3301 inem.
2235 3263 2237 3267 ⁴

1415 3317 1430 3354 1
1453 3317 1464 3353 i
1489 3329 1512 3354 2.
2084 3323 2164 3361 149.
2191 3311 2249 3361 Ess
