2483 3616
751 189 819 248 ··‘P.
894 187 1098 247 O‘V‘I
1133 184 1301 244 DII
1369 185 1426 245 N
1463 187 1519 243 A
1555 186 1591 244 S
1628 186 1682 244 O
1718 186 1828 245 N·1
1864 185 1903 244 S

556 280 820 346 Nomina,
859 281 1063 344 Liber,
1102 280 1278 335 habes.
1317 277 1414 334 tibi
1439 280 1584 334 enirn
1607 279 1942 336 inconsumta
1965 279 2224 353 juventas.

560 354 656 411 Tu
683 373 817 428 puer
841 369 1115 417 aeterum,
1153 366 1214 407 tu
1237 351 1641 408 formofiffimus
1666 355 1774 409 alto

561 428 904 501 Conspiceris
927 427 1113 481 coelo:
1155 424 1279 490 tibi,
1315 442 1442 479 cum
1467 424 1575 479 fine
1600 427 1851 484 cornibus
1874 427 2072 493 adstaS,

452 520 523 556 20
560 502 886 574 virgineum
911 515 1071 572 caput
1109 498 1210 553 est:
1250 499 1446 553 Oriens
1473 498 1569 552 tibi
1592 498 1788 566 vi&u3‚
1825 501 1893 557 ad
1920 519 2089 576 usque

559 575 804 631 Decolor
828 586 1074 629 extremo
1102 575 1210 646 quit
1238 571 1500 642 tinguitur
1525 570 1675 626 India
1700 572 1910 648 Gange.

560 649 803 704 Penthea
829 662 917 711 tu,
956 644 1292 707 venerande,
1332 643 1833 721 bipenniferumque
1856 649 2174 721 Lycurgum

559 722 856 793 Sacrilegos
881 720 1106 773 mactas:
1147 715 1546 789 Tyrrhenaque
1570 718 1736 787 mittis
1760 722 1817 776 in
1832 739 2043 797 ,aequor

561 795 827 866 Corpora.
868 804 929 846 tu
952 791 1195 863 bijugum
1219 788 1370 862 piffls
1395 789 1614 863 insignia
1635 791 1799 850 frenis

267 194 368 261 238

2171 887 2203 919 2
2211 888 2238 936 5
2265 867 2419 923 Colla

1422 970 1474 1009 sic
1496 972 1609 1010 viffor
1630 972 1770 1011 laudem
1784 973 1954 1024 sitperatis
1977 974 2076 1012 Liber
2097 974 2141 1012 ab
2162 975 2259 1012 Indis
2273 1003 2284 1020 ,

1475 1024 1617 1061 Alcides
1634 1034 1734 1075 capta
1757 1026 1874 1063 traxit
1896 1025 1940 1062 ab
1963 1025 2136 1063 Oechalia.
2166 1027 2280 1064 CioF.

1424 1086 1486 1113 21.
1513 1076 1655 1113 Decolor
1678 1077 1822 1127 India]
1860 1076 1918 1114 Sic
1939 1076 2077 1113 Seneca
2103 1077 2141 1114 in
2173 1076 2385 1127 Hippolyto
2400 1080 2421 1117 ·2'

1426 1143 1523 1176 Tunc
1542 1139 1701 1189 virgatas
1723 1140 1827 1178 India
1847 1142 1948 1190 tigres
1967 1140 2094 1177 decolor
2114 1139 2238 1178 horret.
2251 1142 2349 1179 C10F
2357 1156 2421 1181 AN.

1425 1213 1486 1239 21.
1515 1204 1599 1251 Qa
1621 1203 1771 1253 cingitur
1796 1204 1899 1241 India
1920 1209 2048 1253 Gange.
2068 1204 2084 1255 ]
2113 1204 2259 1253 Ganges
2280 1205 2421 1255 septem

1373 1252 1541 1290 amnibus
1565 1253 1666 1300 fluit,
1694 1263 1735 1292 ut
1757 1255 1873 1293 Nilus.
1907 1256 2012 1305 Virg.
2032 1256 2094 1293 lib.
2119 1267 2176 1293 Jx.
2201 1268 2260 1305 30.

1424 1320 1496 1351 Ceu
1508 1314 1636 1363 septem
1648 1315 1792 1365 surgens
1805 1315 1939 1364 sedatis
1960 1315 2124 1353 amnibus
2144 1315 2240 1353 altus

1423 1371 1490 1401 Per
1509 1366 1659 1404 tacitum
1679 1371 1823 1417 Ganges.

1372 1428 1471 1467 Vide
1490 1429 1540 1468 ibi
1562 1430 1741 1469 Servium.
1768 1430 1915 1469 Fallitur
1934 1438 2060 1469 autem
2081 1431 2274 1479 Lutatius,
2303 1437 2420 1486 expo-j

1371 1492 1461 1519 nens
1488 1480 1577 1519 illud
1598 1482 1699 1520 Statii
1721 1495 1774 1521 1v.
1796 1482 2014 1521 Thebaidos
2039 1482 2123 1534 383.

1476 1538 1557 1569 Aut
1575 1534 1753 1571 tumidam
1775 1539 1942 1583 Gangem.

1366 1583 1447 1622 'Ubi
1469 1584 1518 1621 ait
1538 1584 1696 1623 Ovidius
1717 1584 1763 1623 de
1784 1585 1938 1635 Gange:

325 989 379 1017 17.
410 973 628 1025 Inconsamta
643 971 800 1022 juventa
821 970 904 1023 effi]
933 970 1009 1010 Alii
1032 999 1042 1016 ‚
1060 971 1243 1021 juventus.
1272 981 1316 1007 u-

268 1040 334 1066 nus
357 1025 561 1065 Basileenfis
582 1026 620 1063 δε
643 1036 736 1062 unus
765 1035 868 1061 meus
890 1035 976 1061 cum
1001 1021 1152 1071 Spirenfi
1179 1050 1189 1066 ‚
1220 1021 1255 1057 V
1260 1021 1316 1058 os-

268 1079 368 1116 siano
388 1090 466 1117 uno
487 1079 525 1115 &
551 1076 661 1119 Iureti
681 1075 879 1124 excerptis,
884 1076 1066 1125 juventas.
1086 1073 1213 1124 probe.
1236 1072 1316 1111 Lu-

266 1130 396 1168 cretius
416 1128 621 1175 lib.v.·884.

460 1193 560 1202 -·-
589 1184 693 1216 Aevo
704 1176 851 1228 florente
862 1178 1035 1228 juventas

322 1232 473 1282 Occipit,
501 1243 545 1272 ω’
565 1231 662 1269 molli
684 1229 785 1278 vestit
806 1229 969 1278 lanugine
988 1227 1113 1264 malas.

265 1282 483 1321 Prudentius
518 1283 541 1320 l.
571 1295 617 1320 11.
656 1290 784 1319 contra
815 1279 1086 1330 Symmachum
1131 1278 1236 1317 1081.
1270 1289 1317 1316 ex

266 1334 413 1372 vetustis
435 1333 645 1372 codicibus:

317 1385 433 1422 Nubit
451 1399 541 1423 anus
559 1395 729 1423 veterana
742 1413 752 1428 ‚
772 1384 872 1433 sacro
884 1382 1069 1432 perfunl‘la
1089 1379 1202 1417 labore
1215 1409 1225 1425 ,

315 1436 535 1488 Desertisque
547 1437 657 1484 focis,
686 1435 808 1488 quibus
827 1433 870 1481 est
879 1432 1067 1489 famulata
1077 1432 1264 1481 juventas,

320 1492 504 1535 Transfert
524 1487 684 1524 emeritas
704 1488 752 1524 ad
767 1485 888 1535 fulcra
903 1483 1043 1534 jugalia
1063 1497 1179 1539 rugas.

266 1538 438 1578 Tibullus
458 1538 481 1576 l.
503 1551 531 1576 1.
552 1538 653 1587 Eleg.
676 1550 768 1575 V111.

319 1597 394 1626 Heu
407 1589 482 1639 sero
501 1600 684 1626 revocatur
707 1602 806 1626 amor
819 1615 830 1633 ‚
850 1587 991 1637 seroque
1003 1586 1188 1636 juventas.

265 1639 323 1678 Ita
343 1640 418 1678 duo
442 1640 588 1679 codices
609 1639 814 1677 Bodleiani.
832 1638 868 1688 Ji
885 1650 977 1675 nunc
989 1639 1084 1684 fhret
1103 1636 1166 1673 illa
1181 1638 1316 1686 juven-

266 1702 324 1728 tas
346 1692 441 1740 apud
462 1692 660 1740 Virgilium
683 1691 705 1728 l.
727 1703 763 1728 v.
791 1687 951 1727 Aeneid.
972 1687 1027 1732 sss-
1055 1687 1139 1736 398.
1163 1688 1202 1725 in
1231 1688 1315 1725 lon-

263 1753 312 1791 ge
331 1743 568 1780 vetustiffimo
587 1742 764 1779 Mediceo
785 1741 933 1785 codice,
954 1739 1014 1776 ubi
1027 1750 1095 1776 nos
1108 1738 1219 1794 plura.
1241 1739 1318 1784 Ja-

265 1804 395 1831 ventas
425 1795 524 1832 enim
549 1793 755 1843 juventutis
781 1792 888 1836 Dea,
913 1801 1008 1840 quae
1042 1790 1193 1827 Graecis
1215 1789 1318 1828 Hebe.

265 1855 352 1881 eam
383 1856 450 1893 pro
482 1845 554 1894 ipsa
580 1845 778 1893 juventute
806 1849 952 1891 ponunt
981 1841 1133 1878 Poetae.
1169 1840 1319 1879 restituit

266 1906 353 1933 eam
381 1907 519 1933 vocem
550 1895 664 1932 Livio
687 1906 765 1932 non
784 1892 895 1931 semel
915 1891 1140 1930 dotffiffimus
1162 1892 1315 1930 Grono-

265 1946 347 1983 vius
368 1974 378 1991 ,
417 1946 481 1996 qui
512 1945 700 1984 adeundus
732 1944 779 1982 ad
816 1944 950 1982 librum
982 1954 1112 1981 xxxvi.
1143 1955 1223 1992 cap.
1254 1942 1314 1993 36.

265 1995 513 2034 Nemesianus
535 1996 791 2046 Cynegetico:

318 2053 418 2084 Dum
434 2048 603 2097 superant
623 2049 715 2084 vires
728 2074 738 2091 ‚
764 2047 849 2083 dnm
865 2045 957 2082 laeto
970 2045 1056 2094 flore
1068 2046 1254 2094 juventas.

264 2097 373 2136 Plura
392 2099 489 2136 notis
517 2098 562 2136 ad
594 2098 840 2136 Claudianum
874 2096 1031 2145 Epithal.
1062 2097 1214 2134 Honor.
1256 2097 1315 2143 84.

261 2149 369 2186 comis
387 2150 572 2195 Juventas
592 2149 755 2187 Horatio
775 2148 836 2186 lib.
868 2159 896 2184 1.
930 2147 1009 2187 Od.
1043 2159 1129 2184 xxx.
1171 2148 1319 2185 Hmns.

321 2212 380 2238 20.
409 2201 605 2250 Virgine-um
626 2210 728 2250 caput
746 2197 829 2249 est.]
879 2198 1048 2236 Imitatus
1078 2198 1154 2236 hoc
1188 2198 1316 2240 Senec.

265 2250 406 2298 Oedip.
426 2251 512 2297 408.

318 2308 397 2339 Huc
413 2303 558 2339 adverte
569 2305 702 2350 favens
715 2329 726 2346 ,
752 2300 949 2350 virgineum
970 2308 1095 2350 caput,

320 2353 428 2389 Vultu
441 2352 569 2402 sidereo
591 2354 719 2402 discute
739 2352 872 2389 nubila.

267 2402 345 2439 Ubi
365 2404 465 2452 plura
485 2405 523 2441 in
544 2404 640 2441 hanc
662 2415 740 2440 rem
762 2402 972 2453 sequuntur.
993 2409 1159 2440 ceterum
1181 2402 1219 2440 in
1237 2402 1319 2452 plu-

268 2453 368 2491 rimis
401 2454 587 2492 codicibus
619 2462 717 2492 erat:

321 2505 527 2554 conspiceris
547 2505 630 2542 coelo
641 2520 653 2549 3
683 2505 747 2543 tibi
765 2518 845 2543 cum
872 2503 1060 2553 confinibus
1079 2502 1179 2552 ostris

323 2554 518 2602 Virginemn
541 2565 641 2605 caput
659 2555 713 2603 est.

269 2602 317 2645 In
340 2605 617 2654 Langermanni
638 2607 814 2655 excerptis
834 2607 970 2693 etiamlf:

900 2663 938 2693 A
955 2668 989 2693 to

324 2706 530 2755 Conspiceris
541 2707 649 2754 fiilio,
677 2706 740 2743 tibi
762 2720 841 2744 cum
860 2707 1047 2755 confinibus
1067 2707 1179 2756 astris.

266 2756 345 2795 -Sed
364 2758 446 2794 coelo
474 2758 627 2794 reftum.
653 2757 768 2794 solem
792 2757 893 2794 enim
927 2759 965 2794 &
995 2759 1183 2797 Bacchum
1207 2771 1315 2798 eum-

270 2807 361 2845 dum
385 2807 455 2844 effe
475 2807 621 2855 plurimi
650 2807 849 2844 tradebant.
876 2807 961 2844 vide
992 2809 1160 2847 Macrob.
1191 2811 1253 2848 lib.
1283 2824 1314 2851 1.

271 2857 395 2906 cap.8.
423 2866 463 2895 ut
474 2858 618 2895 notavit
633 2857 709 2906 jam
736 2859 853 2906 Raph.
867 2859 1017 2906 Regius.
1040 2860 1192 2908 aspiceris
1202 2862 1315 2898 etiam

271 2907 438 2946 Voffian.
452 2909 644 2957 prospiceris
667 2909 838 2945 Gronov.
863 2908 972 2956 exstas
993 2921 1144 2958 quoque
1167 2910 1314 2948 Lovan.

266 2959 307 2996 in
330 2959 499 2997 Urbinati
519 2960 558 2996 &
590 2958 797 3008 Cantabrig.
830 2968 905 2996 erat
927 2960 1037 2996 etiam
1051 2958 1116 2996 tibi
1136 2973 1214 2996 cam
1237 2973 1315 2998 con-

263 3010 396 3058 finibus
418 3010 538 3057 astris,
567 3010 762 3058 virginemn
784 3019 885 3059 caput
905 3009 959 3056 est.
986 3009 1114 3047 BURM.

323 3074 383 3099 20.
411 3061 533 3097 Oriens
552 3060 616 3098 tibi
641 3060 754 3096 vitius
768 3088 778 3104 ,
806 3059 855 3096 ad
873 3060 975 3109 usque
999 3060 1140 3097 Decolor
1161 3071 1312 3099 extremo

270 3125 341 3161 qna
375 3112 526 3160 cingitur
569 3111 667 3148 India
709 3109 866 3160 Gange]
914 3111 1101 3148 Bacchum
1135 3110 1182 3148 de
1214 3112 1312 3150 Indis

268 3161 504 3210 triumphasse
516 3190 526 3207 ‚
538 3161 620 3199 alibi
631 3161 742 3200 etiam
758 3161 890 3199 docet:
917 3161 977 3198 lib.
990 3173 1054 3200 111.
1066 3162 1154 3203 Fast.
1165 3161 1213 3202 vs.
1225 3164 1311 3212 465.

323 3220 459 3250 Interea
475 3213 576 3250 Liber
596 3213 734 3262 depexos
755 3212 906 3249 crinibus
927 3213 1029 3250 Indos

375 3264 480 3307 Vicit,
511 3276 554 3303 (φ’
570 3267 639 3300 Eo'o
660 3263 758 3302 dives
777 3262 821 3303 ab
842 3262 917 3304 orbe
935 3263 1036 3313 redit.

267 3310 316 3352 Et
336 3324 389 3352 xv.
411 3314 518 3353 Pont.
540 3325 630 3355 vm.
657 3314 718 3368 613
843 3316 858 3319 “

1472 1642 1538 1672 Per
1550 1638 1680 1686 fiptetn
1693 1645 1814 1686 portus
1833 1637 1872 1673 in
1894 1636 2004 1674 maris
2023 1636 2096 1674 exit
2114 1649 2237 1689 aquas.

1372 1686 1531 1724 Ovidius
1554 1688 1655 1725 enim
1677 1700 1755 1726 non
1774 1687 1820 1726 de
1842 1687 1996 1736 Gange,
2023 1687 2083 1725 sed
2112 1689 2158 1726 de
2189 1689 2277 1728 Nilo
2296 1689 2420 1741 loquiss

1371 1745 1440 1774 tur.
1474 1738 1605 1776 Versus
1620 1768 1629 1783 ‚
1657 1750 1771 1789 quem
1792 1739 1850 1776 ille
1873 1738 2044 1784 adducit,
2067 1739 2201 1788 legitur
2229 1741 2304 1779 hoc
2333 1754 2419 1789 mo—¹

1373 1788 1423 1826 do
1445 1788 1506 1826 lib.
1525 1802 1569 1827 11.
1591 1790 1802 1840 Elegiarum
1825 1802 1913 1828 xm.
1940 1802 1976 1839 9.

1425 1842 1576 1891 Qaque
1593 1841 1675 1878 celer
1693 1842 1764 1878 lato
1783 1841 1887 1878 Nilus
1908 1841 2060 1891 delapsus
2080 1841 2124 1878 ab
2141 1841 2241 1879 alveo

1477 1897 1543 1928 Per
1555 1893 1683 1942 septem
1703 1902 1821 1941 portus
1840 1892 1877 1929 in
1898 1894 2007 1930 maris
2029 1893 2102 1930 exit
2119 1906 2244 1944 aquas.

1370 1942 1431 1980 De
1454 1942 1585 1991 Gange
1607 1942 1655 1980 fic
1679 1945 1729 1993 Q.
1750 1943 1896 1980 Curtius
1915 1942 1974 1980 lib.
2005 1956 2085 1981 ΠΧ.
2109 1956 2187 1993 cap.
2207 1956 2243 1993 9.
2284 1950 2418 1997 Ganges

1369 1993 1486 2030 amnis
1517 1994 1561 2031 ab
1593 2004 1670 2031 ortu
1712 1994 1884 2040 eximius,
1912 1994 1961 2030 ad
1992 1995 2227 2034 meridianam
2249 1998 2417 2046 regionem

1370 2045 1480 2081 currit
1503 2073 1513 2089 ,
1552 2057 1595 2085 ω’
1633 2058 1840 2094 magnorum
1892 2045 2066 2082 montium
2105 2047 2194 2095 juga
2233 2051 2320 2084 rel‘io
2362 2048 2418 2086 al-

1373 2110 1435 2133 veo
1448 2095 1601 2145 stringit.
1644 2096 1692 2133 Et
1713 2108 1827 2134 mox:
1858 2101 2020 2133 Ceterum
2042 2110 2110 2133 non
2131 2098 2322 2135 crocodilos
2343 2113 2419 2136 mo-

1374 2147 1439 2191 do,
1465 2157 1506 2184 ut
1536 2147 1643 2184 Nilus
1656 2175 1665 2191 ‚
1683 2147 1747 2196 fid
1768 2147 1876 2184 etiam
1896 2146 2081 2197 Delphines
2094 2175 2104 2192 ‚
2117 2148 2314 2199 ignotasque
2335 2149 2417 2187 aliis

1370 2197 1527 2247 gentibus
1549 2198 1678 2235 belluas
1697 2198 1775 2235 alit.
1813 2198 1874 2235 De
1895 2210 1972 2247 quo
1993 2198 2103 2235 etiam
2125 2199 2309 2248 quaedam
2329 2200 2419 2238 scitu

1375 2249 1485 2298 digna
1510 2248 1628 2287 scribit
1650 2250 1824 2286 Aelianus
1845 2248 1890 2286 de
1913 2249 1999 2286 Nat.
2020 2249 2235 2286 animalium
2258 2250 2318 2288 lib.
2348 2263 2421 2290 ΧΠ.

1374 2311 1453 2349 cap.
1476 2312 1596 2338 xxnx.
1626 2300 1841 2338 Cromnos.
1869 2299 2023 2349 Discolor
2051 2299 2122 2338 alii.
2155 2300 2264 2340 male.
2309 2301 2422 2343 Trist.

1370 2362 1406 2388 v.
1430 2363 1498 2388 111.

1425 2406 1474 2438 Et
1491 2402 1721 2454 quascumque
1741 2402 1828 2439 bibit
1849 2401 1976 2439 decolor
1998 2402 2106 2439 Indus
2127 2415 2251 2454 aquas.

1370 2464 1440 2491 111.
1461 2453 1541 2490 Art.
1561 2454 1651 2492 Am.
1679 2466 1762 2503 130.

1429 2505 1532 2552 Qas
1552 2505 1632 2553 legit
1651 2505 1690 2542 in
1712 2504 1823 2541 viridi
1844 2504 1971 2542 decolor
1993 2504 2100 2540 Indus
2120 2517 2226 2554 aqua.

1374 2554 1474 2592 Vide
1496 2554 1541 2592 ad
1563 2555 1741 2605 Epist.1x.
1755 2568 1788 2600 4.
1815 2555 1864 2593 fic
1884 2556 1984 2604 nigra
2003 2555 2107 2592 India
2130 2554 2304 2595 Cataleet.
2322 2557 2418 2600 pitin

1369 2616 1456 2655 pag.
1480 2617 1539 2654 33.
1567 2607 1694 2644 Senec.
1717 2606 1912 2656 Hippolyt.
1934 2617 2017 2655 344.

1427 2658 1531 2694 India
1551 2657 1651 2706 tigres
1670 2657 1797 2693 decolor
1814 2656 1942 2693 horret.

1372 2706 1471 2743 Mox
1492 2719 1558 2755 pro
1583 2706 1736 2744 Penthea
1759 2716 1822 2751 tu,
1850 2707 1988 2755 primus
2018 2706 2212 2746 Mediceus
2243 2710 2282 2747 δε
2303 2711 2417 2749 Grae-

1372 2757 1523 2801 viarius,
1551 2756 1704 2794 Penthea
1726 2757 1797 2807 qui.
1826 2757 1944 2802 Puto,
1973 2758 2203 2810 Pentheaque.
2233 2761 2372 2799 HEINS.

1423 2819 1482 2845 zr.
1509 2806 1714 2856 Cingitur.]
1746 2809 1837 2845 Non
1862 2809 2011 2857 cingitur
2034 2837 2044 2854 ,
2071 2808 2097 2846 fi
2125 2811 2270 2859 proprie
2295 2811 2417 2862 loqui-

1371 2868 1479 2903 mur,
1506 2857 1610 2899 India
1631 2859 1782 2908 Ganget
1810 2870 1921 2907 quare
1943 2860 2103 2907 amplexi
2143 2860 2266 2899 sumus
2308 2863 2415 2912 quin·-

1369 2920 1443 2958 que
1475 2909 1705 2958 optimorum
1741 2908 1914 2947 codicum
1955 2910 2157 2949 lectionem
2183 2940 2194 2958 ,
2231 2914 2414 2962 tinguitur.

1370 2959 1502 2997 eadem
1524 2959 1706 2997 diversitas
1725 2959 1785 2997 lib.
1808 2973 1835 2997 1.
1859 2961 1969 3001 Pont.
1990 2973 2026 2998 v.
2049 2961 2109 3000 So.

1421 3014 1503 3046 Aut
1524 3010 1583 3047 ubi
1606 3010 1826 3060 Taprobanen
1850 3013 1971 3049 Indica
1991 3012 2096 3061 cingit
2117 3026 2224 3062 aqua.

1369 3059 1445 3097 Ubi
1465 3060 1562 3098 reste
1585 3061 1713 3109 cingit.-
1745 3062 1862 3110 agitur
1885 3063 1985 3100 enim
2008 3062 2054 3100 de
2074 3063 2198 3101 insula.
2235 3063 2282 3103 fic
2305 3065 2411 3115 rigare

1370 3110 1499 3148 Claud.
1521 3111 1558 3148 in
1583 3111 1707 3150 Rufin.
1732 3125 1813 3161 113.

1418 3162 1583 3212 Qasque
1605 3164 1697 3211 rigat
1718 3174 1807 3200 retro
1824 3164 1992 3213 pernicior
2010 3165 2108 3202 unda
2129 3169 2344 3206 Garumnae.

1369 3212 1538 3250 Avienus
1563 3213 1654 3250 Orb.
1678 3214 1784 3252 Desc.
1814 3227 1920 3264 1103.

1423 3267 1471 3299 Et
1493 3262 1605 3300 latera
1626 3264 1670 3301 ab
1686 3266 1820 3314 gemino
1833 3266 1908 3312 sale
1929 3266 2091 3315 tingitur.

1369 3313 1447 3363 Ubi
1468 3314 1579 3354 etiam
1607 3315 1646 3355 in
1669 3316 1799 3358 codice
1825 3316 1908 3355 MS.
1930 3318 2090 3368 cingitur.
2116 3327 2246 3360 contra
2274 3317 2409 3405 ibiden?

2056 3395 2059 3398 .
2363 3379 2384 3405 v
2403 3393 2413 3406 .
