2483 3616
273 174 374 241 636

788 176 847 237 P.
923 173 1335 238 OVIDII
1404 178 1946 240 NASONis

436 305 534 359 145
560 288 715 363 Quae
768 293 981 348 uoniam
997 291 1995 369 adventat‚properandum‚aliquidque
2007 296 2316 356 novandum
2326 300 2416 373 est„

571 363 721 419 Dum
763 365 899 427 icet;
942 364 997 419 &
1022 363 1267 419 nondum
1293 364 1547 420 thalamos
1575 380 1725 421 tenet
1751 369 1913 423 altera
1939 366 2160 423 nostros,

574 436 922 510 Conquerar,
957 455 1023 492 an
1048 436 1253 492 fileam?
1293 450 1532 508 repetam
1554 438 1860 510 Calydona,
1898 442 2181 497 morerne?

565 508 848 565 Excedam
874 509 1053 566 tectis?
1093 527 1186 570 an,
1223 509 1265 565 si
1289 509 1421 562 nihil
1443 510 1692 580 ampliUS‚
1729 511 1966 569 obstem?

562 580 718 654 Quid
744 581 807 647 fi,
846 600 963 647 me,
990 580 1297 655 Meleagre,
1335 593 1483 635 tuam
1506 597 1718 662 memor
1742 582 1845 639 effe
1871 586 2140 652 sororem⁹

421 673 452 710 :r
460 672 527 724 50
565 654 730 709 Forte
754 673 883 728 paro
905 656 1136 717 facinus;
1177 668 1547 727 quan-tumque
1571 654 1759 725 injuria
1781 656 1970 727 poffit‚

570 726 964 800 Femineusque
989 728 1176 790 dolor,
1210 726 1447 798 jugulata
1472 725 1660 798 pellice
1688 727 1883 783 testor?
1914 794 1921 798 α

565 799 805 854 Incursus
831 800 1035 855 animus
1059 800 1231 854 varios
1258 798 1431 854 habet.
1474 799 1721 855 omnibus
1745 801 1820 856 illi

567 871 825 925 Praetulit
850 872 1110 927 imbutam
1134 871 1334 928 Neffeo
1358 872 1608 944 sanguine
1632 874 1839 930 -vestem

559 943 820 1007 Mittere3
862 963 1001 1017 quae
1026 945 1164 1000 vires
1180 945 1407 1000 defecto
1432 945 1623 1000 reddat
1647 948 1833 1001 amori.

424 1033 519 1086 155
558 1016 857 1091 Ignaroque
881 1018 1116 1082 Lichae,
1154 1019 1286 1092 quid
1314 1018 1485 1074 tradat
1514 1019 1717 1084 nescia,
1755 1018 1931 1077 lufius

564 1089 674 1164 Ipsa
704 1091 823 1150 suos
849 1091 1039 1150 tradit:
1080 1091 1392 1170 blandisque
1417 1092 1708 1149 miserrima
1732 1093 1908 1150 verbis

324 1339 407 1378 143.
436 1327 486 1365 Di
513 1326 622 1378 adit]
637 1327 1131 1376 DefuditvolebatHeinfius
1151 1329 1317 1380 adEpist.

270 1381 441 1418 v111.61.
483 1380 527 1418 ed
548 1391 619 1428 ego
639 1379 730 1417 nihil
756 1391 874 1418 novo,
901 1379 1024 1430 effudit
1054 1381 1144 1420 duo.
1172 1381 1317 1420 induxit

267 1430 434 1468 lacrimas
455 1442 507 1479 pr.
534 1429 676 1468 Medic.

322 1492 404 1531 143.
431 1487 520 1518 Mox
540 1481 684 1527 deinde,
712 1481 812 1530 Qid
827 1492 946 1520 autem
964 1483 1175 1529 Flemus,ait
1187 1483 1202 1522 ?
1215 1483 1230 1535 ]
1243 1485 1314 1523 Pu-

263 1538 305 1570 to
326 1532 621 1581 distinguendum
645 1560 655 1578 ,
684 1546 792 1576 mox,
820 1533 957 1570 Deinde
987 1535 1074 1585 quid
1106 1545 1225 1572 autem
1252 1535 1315 1585 fle-

258 1592 367 1621 mus?
395 1583 534 1621 Seneca
548 1584 717 1622 Hercule
740 1584 888 1621 Oetaeo
906 1584 963 1627 ybs.
982 1585 1066 1635 858.
1094 1591 1226 1636 occupa
1237 1588 1314 1633 fer-

264 1646 346 1671 rum
367 1647 475 1683 ocyus.
530 1639 606 1671 Cur
637 1634 759 1672 deinde
770 1637 934 1681 ferrum?
966 1636 1015 1674 ita
1043 1637 1206 1686 optimus
1227 1637 1314 1675 Me·-

262 1682 335 1722 dic.
359 1696 438 1722 non
457 1696 543 1722 cum
560 1684 735 1734 vulgatis,
757 1685 857 1735 {Quin
877 1686 972 1724 deme
982 1689 1134 1736 ferrum.
1159 1688 1308 1738 postea:

314 1757 389 1791 Cur
408 1754 530 1794 deinde
552 1757 705 1795 latebras
718 1786 728 1803 ,
753 1768 819 1795 aut
831 1759 959 1808 fugam
981 1772 1096 1796 vecors
1108 1768 1226 1809 petam
1238 1769 1255 1799 ε’

260 1817 473 1858 Haustus.
520 1827 608 1858 Mox
646 1821 768 1859 deinde
805 1834 883 1860 non
911 1823 1158 1862 movendum.
1201 1825 1306 1875 saepe

259 1871 363 1907 enim
396 1870 471 1908 hoc
491 1871 705 1920 pleonasmo
736 1881 877 1911 veteres
897 1873 962 1913 ufi.
990 1873 1038 1913 fic
1062 1875 1159 1927 apud
1181 1876 1304 1920 Valet.

259 1919 312 1958 Fl.
333 1933 404 1959 vn.
430 1925 513 1971 536.
530 1923 729 1972 legendum
750 1932 867 1972 puto;

307 1982 499 2033 Contingat
518 1998 599 2022 mox
622 1985 744 2023 deinde
763 1987 863 2025 mori.
899 1987 1030 2027 Bunm.

311 2059 392 2093 144.
421 2047 537 2085 Pellex
566 2047 722 2086 lacrimis
757 2050 947 2089 laetabitur
977 2052 1057 2100 istis.
1082 2052 1098 2102 ]
1127 2053 1218 2094 Huc
1245 2068 1303 2095 re-

252 2095 370 2146 spexit
402 2097 539 2137 Seneca
571 2101 608 2137 in
631 2100 792 2140 Hercule
815 2103 984 2141 Oetaeo:
1012 2104 1149 2142 Pellicis
1173 2108 1302 2155 gaudet

243 2150 333 2197 sicae
345 2149 494 2197 speJZare
514 2149 690 2189 lacrimas.
716 2152 874 2191 Videtur
894 2155 986 2192 mihi
1009 2155 1190 2201 Ovidius,
1204 2158 1294 2197 dum

248 2199 341 2237 haec
360 2200 549 2246 scriberet,
575 2201 763 2251 respexisse
785 2203 831 2243 ad
856 2205 984 2243 locum
1016 2206 1118 2246 illum
1148 2208 1295 2246 Teren-

249 2251 293 2287 tii
317 2251 353 2287 in
381 2251 587 2296 Eunucho,
616 2253 712 2302 apud
739 2267 853 2304 quem
880 2256 1045 2306 loquitur
1081 2257 1257 2298 Phaedria
1283 2274 1291 2299 :

249 2301 352 2347 ‹Qid
370 2300 477 2350 igitur
484 2303 649 2350 faciam?
676 2318 745 2346 non
755 2319 832 2344 eam
845 2315 860 2345 ἱ
872 2320 921 2345 an
937 2307 1051 2357 patius
1072 2307 1126 2345 ita
1136 2322 1191 2347 me
1202 2324 1293 2349 com·-

246 2359 391 2398 parem,
419 2365 492 2392 (γε,
547 2355 661 2393 Clo-F.

306 2414 384 2450 145.
411 2405 513 2450 Qae
551 2406 717 2456 quoniam
757 2407 925 2445 adveniet
947 2437 957 2454 ,
990 2411 1290 2463 properandum.]

251 2449 371 2489 lolem
392 2455 500 2491 timet
521 2466 714 2495 venturam
735 2457 943 2508 Tyrinthfi‚
971 2461 1059 2505 ubi,
1086 2470 1127 2500 ut
1140 2462 1290 2510 opinor,

247 2500 452 2557 habitabat,
479 2516 590 2553 quare
612 2510 927 2556 praeveniendum
952 2519 1067 2560 putat.
1105 2513 1201 2550 inter
1222 2513 1291 2553 du-

247 2549 432 2590 bitationis
452 2564 574 2594 autem
589 2560 718 2604 parteis
730 2588 742 2604 ‚
755 2573 827 2610 qua
848 2573 948 2599 nunc
967 2561 1013 2600 ad
1023 2562 1147 2610 fugam
1164 2591 1175 2608 ,
1188 2576 1290 2604 nunc

245 2600 292 2637 ad
314 2604 538 2642 manendum
580 2608 788 2657 instigatur,
821 2612 972 2650 tandein
1003 2625 1087 2651 cum
1110 2615 1290 2664 Meleagri

242 2650 280 2689 se
301 2651 464 2691 sororem
487 2654 556 2692 esse
575 2658 648 2700 ait,
675 2662 835 2698 omnino
863 2664 1002 2701 facinus
1024 2676 1200 2713 magnum
1225 2679 1288 2715 pa-

236 2701 418 2747 randum,
448 2705 484 2740 &
504 2705 708 2744 testandum
732 2711 819 2755 quid
843 2714 1007 2762 conjugii
1040 2715 1125 2753 laefi
1156 2717 1288 2766 injuria

241 2752 530 2803 foemineusque
556 2755 663 2792 dolor
685 2759 789 2804 possit
803 2786 813 2802 ,
841 2761 950 2810 idque
968 2765 1132 2811 jugulata
1154 2768 1283 2814 pellice

242 2803 443 2841 concludit.
471 2804 529 2841 sed
550 2814 588 2841 ut
605 2815 686 2852 paro
707 2808 891 2847 indicandi
912 2813 1028 2849 modo
1048 2815 1180 2862 legitur
1197 2845 1206 2860 ‚
1232 2819 1282 2856 ita

237 2854 352 2891 etiam
374 2854 471 2901 testor
488 2854 685 2902 legendum
708 2859 875 2896 existimo
890 2888 898 2903 ‚
928 2874 1004 2899 non
1028 2864 1144 2908 tester,
1164 2878 1281 2914 quan-

236 2916 353 2953 quam
378 2905 542 2953 Raphael
561 2907 608 2942 ita
630 2907 767 2955 legerit.
797 2910 1054 2948 GLAREANUS.
1091 2915 1280 2953 Adveniat

238 2955 349 2993 multi
370 2965 522 2993 veteres,
563 2956 690 3005 Lege,
720 2959 894 2995 adventat
917 2973 1001 2998 cuin
1023 2962 1281 3013 Berneggeria-

233 3017 288 3047 no
312 3007 351 3044 &
370 3007 446 3044 aliis
467 3007 621 3045 duobus.
648 3007 695 3045 fic
715 3008 806 3046 libro
830 3022 898 3047 x11.
922 3013 979 3057 64.

285 3088 424 3119 Fecerat
441 3082 523 3119 haec
541 3094 662 3121 notum
683 3087 810 3136 Grajas
830 3100 907 3125 cum
927 3087 1037 3125 milite
1050 3089 1142 3135 forti

286 3133 498 3171 Adventare
519 3145 622 3172 rates.

233 3192 376 3232 Lucan.
396 3196 456 3234 lib.
480 3209 550 3238 vu.
571 3209 654 3244 242.

723 3260 938 3307 Discrimina
958 3262 1135 3310 postquam

279 3306 488 3349 Adventare
507 3310 634 3348 dacum
647 3340 658 3357 ,
678 3311 906 3365 supremaque
923 3314 1056 3363 praelia
1077 3314 1185 3354 vidit.

2254 1169 2413 1230 Dona

1372 1330 1479 1370 Silius
1496 1329 1566 1370 lib.
1586 1343 1667 1370 xvx.
1689 1333 1753 1381 2192
1976 1381 1985 1389 ⁶

1877 1388 2042 1422 Concttus
2061 1387 2187 1420 Hanno

1423 1432 1684 1480 Adventabat,
1711 1446 1814 1484 agens
1831 1434 2076 1485 crepitantibus
2094 1433 2238 1483 agmina
2255 1432 2365 1474 cetris.

1371 1495 1475 1534 Idem
1498 1494 1536 1532 ὅ(
1555 1494 1638 1534 alibi
1658 1508 1735 1534 non
1755 1496 1868 1535 semel
1885 1496 1965 1536 usus
1986 1508 2034 1536 eo
2056 1496 2172 1536 verbo
2182 1503 2244 1544 ‚ut
2258 1496 2301 1536 .&
2312 1497 2417 1550 Apu-3

1368 1547 1473 1598 lejus.
1501 1545 1633 1585 Statius
1655 1559 1710 1586 1x.
1731 1547 1856 1586 Theb.
1876 1546 1938 1594 87.

1420 1611 1524 1648 Lebla
1544 1623 1670 1649 manus
1680 1612 1859 1661 juvenum
1877 1611 2067 1652 adventat.

1366 1668 1454 1709 Lib.
1477 1684 1531 1710 xx.
1552 1684 1630 1712 201.

1947 1725 2057 1764 Illum

1413 1772 1628 1813 Adventare
1647 1776 1774 1824 ferunt
1788 1777 1907 1828 portis.
1958 1777 2105 1816 Hrms.

1417 1834 1497 1879 148.
1525 1839 1701 1876 Excedam
1722 1838 1964 1890 testisranfic
1985 1840 2078 1878 nihil
2095 1838 2245 1890 amplius
2255 1840 2406 1892 obstem]

1360 1882 1492 1924 Versus
1517 1888 1579 1926 hic
1600 1889 1696 1928 sensa
1718 1892 1814 1930 adeo
1834 1891 2281 1942 candidatperspicuaque
2301 1904 2405 1932 com·
2469 1905 2471 1921 ¹

1359 1934 1552 1982 plectitur,
1580 1947 1620 1977 ut
1639 1942 1731 1979 nihil
1750 1943 2014 1981 immutatione
2041 1942 2205 1992 indigere
2228 1942 2403 1983 videatur.
2468 1942 2469 1976 ἕ

1351 1986 1507 2035 quidam
1527 1996 1651 2028 tamen
1671 1991 1788 2040 ipsum
1803 1994 1840 2030 in
1858 1993 2016 2030 deterius
2033 2000 2179 2032 mutant
2193 2021 2201 2037 ,
2220 1992 2399 2043 legentes:
2468 1995 2469 2010 ¹

1355 2049 1398 2072 ac
1407 2035 1445 2085 st
1460 2039 1550 2076 nihil
1568 2041 1717 2091 amplius
1745 2053 1864 2092 optem.
1892 2044 2061 2082 Rzems.
2090 2043 2182 2083 Sunt
2200 2045 2398 2093 quilegunt
2466 2078 2467 2092 ἶ

1354 2087 1430 2125 hoc
1459 2089 1574 2130 loco:
1617 2098 1674 2130 Ac
1689 2091 1741 2142 sic
1768 2094 1860 2131 nihil
1880 2094 2030 2144 amplius
2051 2103 2162 2143 optem
2185 2104 2201 2132 ε’
2236 2102 2278 2132 ut·
2305 2096 2397 2134 infra

1355 2139 1466 2186 paulo
1478 2168 1488 2185 ,
1516 2153 1583 2190 pro
1598 2144 1763 2193 jugulata
1776 2145 1894 2194 pellice
1910 2145 2008 2192 tester
2023 2173 2033 2189 ‚
2060 2145 2209 2194 vulgata
2219 2145 2339 2194 pellice
2349 2156 2397 2184 te-

1342 2188 1439 2236 stor?
1468 2192 1541 2230 Sed
1563 2194 1673 2233 altera
1691 2195 1804 2233 lectio
1833 2197 1957 2245 potior
1986 2195 2143 2234 videtur.
2172 2197 2397 2237 Micruus.

1349 2244 1408 2276 Ac
1422 2239 1458 2290 fi
1474 2243 1511 2280 in
1525 2245 1659 2284 multis.
1687 2247 1770 2290 alii,
1797 2256 1838 2284 ut
1848 2246 1988 2296 fic‚aut
2000 2245 2100 2296 βω
2114 2244 2174 2296 fic.
2203 2248 2240 2285 &
2258 2246 2396 2288 fimilia.
2462 2254 2465 2281 :

1347 2291 1486 2338 primus
1507 2295 1701 2335 Mediceus
1740 2298 1780 2335 ὅ(
1808 2297 1981 2346 Spirensis
2006 2326 2016 2342 ‚
2057 2310 2140 2336 cum
2163 2297 2275 2336 tribus
2295 2299 2392 2344 aliis,

1348 2341 1460 2399 ansi.
1488 2346 1613 2393 probe.
1655 2348 1800 2386 Hiems.
1854 2348 1971 2386 Recte
1995 2348 2191 2392 Heinfius;
2222 2349 2393 2389 deliberat

1348 2403 1450 2431 enlm
1474 2407 1519 2433 an
1540 2397 1654 2436 abiret
1672 2411 1742 2437 nec
1761 2411 1830 2444 ne,
1860 2401 1898 2437 &
1917 2400 2003 2438 licet
2027 2399 2151 2437 videat
2176 2400 2210 2437 se
2231 2401 2322 2438 nihil
2341 2400 2394 2438 ef-
2460 2422 2461 2430 κ

1348 2441 1458 2481 ficere
1476 2445 1575 2494 poffe
1589 2476 1600 2493 ,
1629 2459 1755 2487 tamen
1776 2449 1918 2489 dubitat
1941 2462 1987 2488 an
2016 2461 2117 2495 non,
2131 2450 2155 2488 fi
2175 2451 2262 2489 nihil
2286 2451 2390 2500 poffit

1346 2495 1504 2543 amplius
1531 2498 1690 2545 (scilicet
1708 2501 1806 2539 illam
1831 2501 1998 2551 pellicem
2019 2501 2202 2550 expellere
2223 2502 2235 2549 )
2266 2502 2386 2541 saltem

1346 2546 1546 2592 praesentia
1574 2550 1633 2589 sua
1663 2551 1778 2590 obstet
1805 2554 1842 2589 &
1871 2552 2144 2591 incommodet.
2165 2553 2214 2590 ita
2237 2552 2295 2590 illa
2316 2553 2388 2591 for-
2457 2567 2459 2581 ⁴

1346 2596 1496 2647 mulast
1517 2600 1608 2637 nihil
1629 2601 1751 2649 aliud,
1778 2602 1875 2652 apud
1895 2603 2131 2652 Petroncap.
2152 2615 2228 2640 xxx.
2257 2603 2329 2641 vid.
2346 2601 2390 2642 ad
2456 2616 2458 2652 l

1346 2647 1527 2693 Quinctil.
1556 2651 1662 2690 Decl.
1688 2666 1717 2690 1.
1741 2666 1775 2699 9.
1798 2656 1836 2692 δε
1862 2666 1922 2691 111.
1943 2667 1976 2701 9.
2005 2654 2065 2691 ubi
2089 2653 2186 2691 reete
2212 2652 2382 2703 glossema
2454 2690 2456 2697 Α

1342 2707 1420 2744 aget
1433 2725 1443 2742 ,
1457 2700 1559 2748 quod
1577 2713 1641 2749 per
1660 2704 1812 2751 ellipsim
1834 2705 1987 2754 intelligi
2008 2704 2116 2743 debet
2129 2732 2139 2749 ‚
2159 2705 2268 2754 ejecit
2288 2705 2380 2743 Gro-
2454 2704 2456 2742 2

1342 2748 1488 2786 novius.
1515 2750 1647 2789 Euam.

1391 2809 1470 2844 149.
1499 2806 1691 2838 Memorem
1721 2802 1778 2851 effe
1789 2805 1950 2851 sororem.
1973 2804 1989 2854 ]
2047 2810 2185 2842 Memor
2212 2806 2267 2855 effe
2295 2815 2376 2843 cum
2453 2818 2455 2834 ³

1335 2845 1552 2887 Florentino
1581 2851 1614 2887 S.
1648 2854 1784 2897 Marci,
1813 2854 2029 2903 Bernegger.
2063 2869 2140 2894 uno
2170 2857 2273 2894 Leid.
2300 2867 2374 2893 uno

1333 2896 1504 2936 Ambros.
1546 2901 1735 2951 Excerptis
1776 2905 2050 2953 Langermanni
2088 2908 2125 2945 ὅ(
2162 2919 2239 2945 uno
2277 2917 2374 2944 meo.
2451 2922 2453 2932 ·

1338 2946 1449 2986 Trist.
1470 2962 1504 2986 v.
1528 2951 1628 3001 Eleg.
1653 2965 1715 2990 111.
1745 2955 1788 2991 ad
1807 2955 1989 2994 Bacchum
2007 2971 2015 2994 :

1388 3004 1465 3036 Huc
1486 3001 1565 3037 ades
1578 3030 1588 3046 ,
1617 3015 1660 3042 (9⁴
1679 3004 1772 3052 casus
1794 3006 1910 3042 releva
1929 3007 2156 3056 pulcherrime
2174 3005 2295 3052 nostro-⁴·
2311 3033 2320 3048 9

1443 3054 1556 3086 Unum
1578 3053 1618 3089 de
1636 3068 1776 3091 71147778Γο
1794 3070 1847 3092 me
1869 3071 1998 3094 77787n0r
2028 3060 2084 3107 Effi
2112 3070 2178 3094 lue.
2233 3056 2372 3095 HEINS·

1393 3118 1472 3153 ¹50-
1503 3119 1599 3150 Forte
1615 3117 1734 3165 para]
1778 3120 1919 3155 Grande
1933 3121 2007 3157 Sixi
2028 3121 2063 3157 &
2086 3119 2158 3156 duo
2180 3118 2251 3155 alii.
2279 3119 2370 3167 triste
2446 3155 2448 3168 ¹,

1332 3154 1449 3253 Boassgjsst
1463 3173 1564 3201 unus,
1585 3165 1740 3212 deinde,
1758 3169 1880 3218 poffent
1902 3172 1987 3209 Sixi.
2013 3168 2183 3207 Heinsius
2203 3169 2372 3214 volebat,
2446 3169 2447 3172 ’

1327 3215 1351 3256 p
1376 3245 1397 3295 '1
1409 3273 1425 3306 ς
1437 3272 1465 3299 1.
1498 3267 1754 3318 Foemineusque
1772 3271 1865 3307 dolor
1875 3269 2025 3319 vulgata
2043 3269 2157 3318 pellice
2175 3269 2301 3317 testata]
2315 3270 2372 3307 Ex
2444 3267 2446 3279 ’

1327 3319 1475 3359 vetusto
1494 3319 1718 3367 exemplari,
1732 3321 1769 3358 ὃ(
1791 3334 1859 3360 nos
1879 3334 1946 3370 pro
1968 3320 2114 3370 vulgata
2132 3320 2370 3376 reposui-mus¹

2258 3382 2361 3419 lugu·
