2483 3616
758 185 817 242 P.
893 182 1306 243 OVIDII
1378 182 1912 243 NASONIS

571 279 805 337 Barbara
837 279 1156 352 Mopsopios
1183 275 1453 333 terrebant
1477 280 1688 350 agmina
1713 297 1911 336 muros,

569 353 861 410 Threicius
885 353 1097 407 Tereus
1120 350 1250 404 haee
1274 350 1606 406 auxiliaribus
1631 354 1785 407 armis

430 446 532 499 425
567 426 836 486 Fuderat;
881 426 935 478 δε
961 425 1161 478 clarum
1187 421 1458 476 vincendo
1486 441 1687 477 nomen
1712 425 1953 481 habebat.

571 500 754 572 Quem
782 499 873 553 fibi
902 497 1145 552 Pandion
1167 495 1465 568 opibusque
1497 496 1728 622 vii-iscgoe
1752 511 2066 569 potentem,

574 573 644 628 Et
673 590 839 644 genus
865 572 895 625 a
917 587 1114 641 magno
1141 567 1434 622 ducentem
1459 567 1599 622 forte
1667 569 1901 634 radim,

572 645 866 700 Connubio
892 644 1129 698 Procnes
1150 640 1340 710 junxit.
1380 658 1489 695 non
1513 642 1754 713 pronuba
1773 643 1948 715 Jun0‚

573 719 701 773 Non
726 718 1077 789 Hymenaeus
1100 714 1274 776 adest,
1307 730 1419 768 non
1441 714 1514 768 illi
1540 713 1726 770 Gratia
1750 718 1906 772 lesio,

427 810 532 861 430
569 790 902 845 Eumenides
928 804 1149 842 tenuere
1174 786 1315 840 faces
1340 785 1409 842 de
1437 786 1625 842 funere
1652 803 1851 863 raptas:

572 862 903 918 Eumenides
936 860 1165 915 stravere
1192 875 1398 914 torum:
1438 859 1690 934 te&ot1ue
1722 863 1975 936 profanus

568 934 815 990 Incubuit
839 934 1013 997 bubo,
1053 933 1376 1005 thalamique
1402 934 1456 987 in
1482 935 1713 989 culmine
1737 936 1888 990 sedit.

572 1007 698 1062 Hac
723 1026 819 1062 ave
846 1008 964 1061 sunt
986 1004 1153 1079 junffi
1181 1005 1391 1060 Procne
1416 1005 1764 1080 Tereusque;
1809 1021 2053 1081 parentes

567 1080 693 1136 Hac
721 1098 818 1136 ave
842 1080 960 1136 sunt
986 1079 1124 1135 faeti.
1165 1092 1364 1152 gratata
1389 1079 1465 1134 est
1487 1081 1689 1136 scilicet
1717 1082 1816 1137 illis

2252 1155 2419 1217 Thra-

1381 1282 1514 1320 stabula
1535 1282 1666 1321 reddit.
1692 1283 1749 1321 sed
1780 1284 1818 1322 δε
1839 1285 1949 1333 possit
1970 1284 2050 1333 capi
2071 1282 2117 1322 de
2137 1286 2246 1323 antris
2270 1286 2328 1324 vel
2348 1288 2422 1337 spea

1381 1334 1515 1377 cubus;
1545 1343 1585 1372 ut
1605 1335 1703 1382 apud
1720 1335 1970 1374 Theocritum
1992 1347 2183 1373 occurrere
2194 1345 2324 1375 notant
2338 1339 2422 1378 lexi-

1382 1385 1567 1434 cographi.
1594 1385 1642 1423 sic
1660 1387 1696 1423 in
1710 1384 1917 1432 Gloffario‚
1946 1385 2106 1431 μάνέρκ,
2122 1387 2296 1436 spelunca.
2324 1397 2420 1429 vete·

1383 1448 1437 1473 res
1462 1448 1552 1473 vero
1575 1437 1817 1475 Athenienses
1835 1437 2006 1476 habitasse
2028 1439 2066 1475 in
2085 1437 2259 1486 specubus
2274 1466 2283 1482 ,
2310 1439 2418 1490 &po-⁷

274 1284 315 1322 ὅ(
334 1294 455 1333 pugna
476 1285 568 1323 circa
584 1283 746 1324 Eleufim
780 1281 971 1321 commiffa
996 1282 1247 1321 Erechtheum
1268 1294 1324 1320 re-

268 1346 360 1384 gem
381 1335 668 1375 Atheniensium
693 1334 909 1372 occiderunt
922 1363 932 1378 ,
950 1345 989 1372 ut
1008 1346 1053 1371 ex
1074 1334 1246 1372 Pausania
1261 1345 1324 1382 pa-

273 1394 339 1423 tet.
393 1386 439 1423 Et
462 1387 510 1425 iic
523 1416 532 1431 ‚
558 1399 646 1438 gens
658 1386 814 1435 subjeela
830 1392 939 1422 Ponto
953 1413 964 1430 ‚
990 1385 1209 1434 appellative
1228 1385 1323 1422 acci-

274 1436 452 1484 piendum
475 1440 563 1484 erit,
592 1452 658 1488 pro
689 1438 815 1475 accola
845 1437 964 1473 maris.
1018 1436 1116 1474 Nam
1141 1437 1179 1473 &
1201 1435 1322 1473 Thra-

272 1498 330 1525 ces
354 1488 398 1525 ad
431 1500 531 1527 mare
562 1491 738 1527 habitant.
792 1487 864 1525 Vel
892 1487 1030 1525 rursum
1063 1486 1322 1535 accipiendum

273 1537 319 1575 de
341 1538 438 1576 bello
459 1540 710 1578 Amazonico.
762 1538 977 1576 Amazones
1000 1540 1102 1576 enim
1122 1537 1320 1587 aliquando

273 1588 459 1638 assumptis
490 1592 708 1640 Scytharum
740 1589 881 1627 auxiliis
909 1589 945 1626 in
970 1589 1135 1628 Atticam
1167 1588 1322 1626 incursa—

271 1650 381 1684 runt,
412 1643 514 1691 cujus
535 1644 586 1680 rei
607 1644 644 1680 &
664 1641 821 1688 Justinus
844 1640 1017 1677 meminit
1028 1640 1123 1677 libro
1142 1638 1320 1684 secundo,

271 1698 382 1739 atque
400 1693 474 1730 hoc
494 1693 722 1741 temporibus
749 1690 865 1740 magis
895 1690 1101 1739 respondet.
1152 1690 1320 1728 Pandion

271 1743 372 1778 enim
388 1742 456 1786 ‚de
478 1756 555 1793 quo
575 1744 639 1782 hic
661 1744 792 1781 dicitur
815 1770 825 1786 ,
854 1742 1015 1786 Thesei,
1043 1741 1063 1779 a
1093 1753 1169 1791 quo
1182 1741 1318 1779 bellum

269 1791 346 1828 hoc.
364 1793 514 1832 tandem
533 1795 680 1833 finitum
700 1793 851 1831 traditur
865 1820 874 1834 ‚
901 1804 989 1829 avus
1009 1793 1077 1830 fuit
1090 1821 1099 1836 ‚
1127 1791 1237 1840 AEgei
1255 1804 1319 1841 pa-

268 1849 336 1880 ter.
390 1846 614 1894 Quanquam
646 1857 724 1882 non
754 1845 801 1880 ita
830 1842 876 1879 de
901 1843 1128 1891 temporibus
1149 1843 1315 1881 laboran-

266 1892 361 1931 dum
391 1894 560 1939 videtur,
589 1892 893 1944 quandoquidem
917 1894 954 1930 δε
976 1895 1013 1931 in
1034 1894 1110 1931 aliis
1130 1895 1312 1932 rationem

268 1943 366 1982 hanc
387 1946 582 1983 confundit
603 1945 763 1983 Ovidius
777 1972 786 1987 ‚
814 1944 851 1981 &
881 1955 975 1992 quae
996 1945 1202 1993 posterioris
1220 1945 1313 1982 Pan-

269 1993 392 2033 dionis
411 1996 515 2040 sunt,
543 1995 588 2033 ad
619 1996 746 2044 prioris
777 2004 946 2043 tempora
964 1996 1086 2033 refert.
1139 1996 1194 2033 Ut
1217 1995 1311 2033 infra

268 2044 316 2082 de
346 2046 556 2084 Erechtheo
584 2046 760 2084 dicemus.
812 2045 930 2093 Quod
958 2044 1114 2095 frigitur
1131 2046 1176 2083 de
1197 2045 1315 2084 Ama—

267 2097 424 2135 zonibus
443 2098 520 2135 hoc
535 2099 621 2134 loco
636 2098 901 2145 intelligamus:
916 2100 1006 2132 Gens
1025 2103 1133 2133 Ponto
1145 2096 1314 2145 subjeffa,

267 2149 418 2196 proprie
437 2148 694 2197 accipiendum
716 2150 806 2192 erit,
847 2146 892 2184 de
913 2147 1034 2184 Ponto
1057 2147 1202 2184 Euxino
1225 2148 1316 2185 scili-

267 2205 352 2242 cet,
379 2199 425 2235 ad
446 2211 558 2248 quem
581 2200 789 2236 habitarunt
811 2199 1025 2235 Amazones
1047 2198 1083 2234 in
1103 2198 1195 2246 agris
1208 2198 1313 2235 The-

266 2248 443 2297 miscyriis
456 2278 465 2292 ‚
497 2259 534 2287 ut
563 2251 682 2298 inquit
698 2249 851 2296 justinus
866 2276 875 2293 ,
898 2250 1004 2297 juxta
1023 2247 1178 2285 fluvium
1192 2249 1315 2286 Ther-

266 2299 505 2337 modontem.
534 2300 666 2338 Tradit
688 2309 811 2338 autem
836 2298 1071 2337 &Pausanias
1085 2298 1313 2338 Pandionem

264 2361 353 2388 cum
388 2351 516 2388 Tereo
547 2351 761 2390 affinitatem
787 2348 1159 2400 ]ἰιῃκίίῖε,δυνοίμεως
1177 2348 1282 2385 ἕνεκα
1302 2379 1312 2395 ,

264 2402 436 2449 inquiens
459 2431 469 2447 ,
500 2403 585 2447 πρὸς
605 2403 668 2439 τὸν
688 2403 810 2449 Θρᾷκα
841 2400 884 2437 ’τὸ
917 2399 1016 2441 κήδος
1039 2399 1204 2443 ἐποίησε,
1234 2402 1307 2438 &c.

264 2450 382 2489 Porro
405 2453 588 2501 utriusque
609 2452 692 2490 belli
724 2452 895 2490 meminit
915 2453 951 2489 ἃ
975 2451 1146 2488 Isocrates
1167 2452 1204 2488 in
1218 2452 1309 2489 Pan-

264 2503 470 2540 athenaico.
518 2506 745 2542 Minurus.
800 2501 979 2539 Meurfius
1019 2513 1108 2539 vero
1139 2501 1185 2539 de
1218 2502 1309 2551 Reg.

261 2553 376 2590 Attic.
396 2554 457 2591 lib.
478 2568 504 2591 1.
533 2567 627 2592 c.1v.
656 2556 792 2592 bellum
815 2565 900 2590 cum
923 2552 1097 2590 Labdaco
1123 2550 1228 2589 fuisse
1240 2553 1307 2589 do-

262 2612 333 2640 cet.
360 2605 418 2641 sed
439 2617 515 2642 non
540 2606 652 2643 video
675 2618 746 2654 qua
767 2604 908 2642 ratione
927 2613 1016 2642 tunc
1027 2602 1184 2638 Barbara
1197 2604 1307 2652 agmi-

258 2666 307 2689 na
331 2682 341 2698 ,
394 2667 527 2694 vocare
580 2655 696 2706 pollet
722 2685 732 2701 ,
785 2655 905 2692 multo
946 2655 1067 2692 minus
1087 2681 1097 2699 ‚
1135 2653 1308 2703 sabveffa

285 2715 373 2741 omo.

258 2713 281 2755 p
313 2768 398 2802 422.
427 2755 797 2806 Subjeffiaqueponto]
827 2756 859 2794 E
882 2756 1062 2793 veteribus
1079 2754 1303 2805 lib.quidam

259 2806 418 2851 habent,
446 2808 690 2856 Subveffraque.
721 2808 940 2844 Cxomuus.

311 2870 397 2906 423.
422 2858 580 2894 Barbara
599 2858 815 2908 Cecropios.]
871 2858 972 2895 Libri
1001 2857 1140 2905 scripti,
1173 2857 1303 2906 Mopfh-

251 2908 336 2959 pios.
392 2910 434 2947 In
454 2909 597 2947 duobus
619 2921 708 2947 vero
732 2911 845 2953 meis,
874 2909 1112 2957 &caprarum
1141 2909 1303 2957 Mosopios

258 2959 334 2997 fine
355 2961 476 3008 primo
505 2974 537 2997 Ρ.
568 2960 684 2997 loram.

309 3023 394 3059 423.
423 3011 607 3047 Terrebant
625 3011 766 3059 agmina
788 3010 940 3060 mur05.]
984 3010 1025 3047 In
1046 3010 1160 3047 altero
1181 3009 1299 3058 Regio

252 3071 329 3100 erat
347 3061 366 3099 Ξι
389 3073 502 3100 manu
521 3063 635 3110 prima
650 3090 660 3106 ‚
689 3062 873 3105 mandros,
901 3061 1002 3109 quod
1015 3073 1089 3097 non
1114 3060 1158 3097 de
1180 3061 1296 3098 nihilo

256 3113 330 3158 est,
358 3125 482 3163 neque
499 3126 518 3150 a
542 3113 686 3150 librario
717 3113 937 3161 profedtum.
964 3112 1162 3160 legendum
1183 3123 1296 3155 vero,

253 3165 443 3214 Mopsopias
468 3164 658 3208 mandras,
693 3164 730 3201 id
759 3164 806 3202 est
826 3164 922 3211 septa
944 3162 1127 3211 pecudum
1145 3190 1154 3205 ‚
1182 3161 1298 3199 stabu-

251 3213 284 3250 la
307 3243 315 3257 ‚
346 3216 460 3253 ovilia
485 3243 494 3258 ‚
522 3225 561 3253 ut
592 3215 649 3252 illa
675 3227 750 3252 vox
781 3216 829 3252 ita
849 3214 1046 3262 usurpatur.
1084 3213 1297 3250 Callimach.

254 3264 292 3299 in
324 3267 448 3303 Cerer.
476 3268 554 3304 106.
584 3267 694 3310 Χῆρειι
724 3267 788 3309 μὲν
817 3265 979 3309 μκνδρκῖ.
1038 3264 1125 3301 Vid.
1154 3266 1190 3300 ὃς
1212 3264 1299 3301 ΡΟΙ-

251 3311 320 3350 luc.
339 3315 398 3356 lib.
413 3329 465 3354 ix.
479 3329 556 3367 cap.
578 3319 661 3367 4&
684 3316 890 3367 Hesychius
909 3315 1033 3356 Boum
1056 3317 1093 3355 ὃ(
1114 3326 1296 3366 equorum

1381 1487 1452 1524 stea
1473 1488 1517 1524 ab
1542 1487 1701 1537 Euryalo
1721 1489 1759 1526 &
1784 1489 1976 1538 Hyperbio
2007 1488 2141 1527 domos
2163 1489 2356 1528 exstruens
2376 1503 2420 1530 ex

1379 1538 1498 1576 Plinio
1518 1539 1559 1575 ὅ(
1580 1539 1656 1576 aliis
1687 1539 1797 1577 docet
1829 1540 1965 1578 Meurs.
1985 1540 2138 1578 Fortun.
2160 1541 2238 1578 Att.
2260 1553 2338 1590 cap.
2359 1547 2419 1581 111'.

1381 1600 1502 1638 neque
1525 1591 1621 1627 muri
1651 1600 1735 1628 aute
1756 1590 1946 1629 Theseum
1976 1591 2197 1639 fuere.apud
2218 1592 2419 1633 Martialem
2473 1626 2475 1633 .

1378 1652 1530 1689 quoque
1551 1641 1611 1678 lib.
1635 1654 1669 1678 v.
1691 1653 1753 1690 23.
1778 1643 1938 1680 occurrit
1955 1643 2047 1679 haec
2069 1653 2144 1679 vox
2163 1655 2171 1679 z

1432 1692 1563 1740 Vixque
1584 1692 1692 1728 datur
1711 1692 1826 1741 longas
1849 1692 2023 1729 mulorum
2043 1692 2180 1729 vincere
2198 1692 2378 1733 mandras.

1378 1740 1770 1781 UbiDomitiusnotat
1791 1743 1862 1792 legi
1879 1745 1990 1782 etiam
2004 1771 2015 1787 ,
2036 1756 2215 1780 marorum
2238 1744 2418 1785 mandras.¹

1374 1792 1461 1829 hinc
1483 1805 1635 1842 quoque
1667 1794 1836 1830 mandrae
1867 1795 1903 1832 in
1947 1794 2036 1832 ludo
2058 1794 2281 1832 calculorum
2302 1795 2414 1834 dietae

1373 1843 1489 1880 fuere.
1519 1845 1557 1881 &
1589 1845 1777 1892 posteriori
1799 1856 1893 1883 aevo
1926 1845 2118 1889 mandras,
2148 1846 2415 1886 monachorum

1371 1893 1533 1938 claustra,
1546 1895 1583 1931 ὃς
1601 1896 1688 1932 hinc
1709 1896 1913 1933 Mandritas
1934 1896 2300 1933 &Archimandritas
2321 1896 2418 1936 dixe-

1370 1952 1478 1989 runt,
1506 1945 1551 1982 de
1572 1947 1701 1995 quibus
1721 1946 1805 1983 vide
1825 1947 1955 1995 Cangii
1980 1945 2294 1995 Glossariumpro
2324 1954 2416 1998 Mop-
2467 1972 2469 1980 ι

1359 1995 1467 2044 sepios
1487 1996 1633 2043 plurimi
1654 2008 1807 2046 quoque
1829 1997 1973 2034 codices
1988 2024 1997 2040 ‚
2026 1997 2198 2045 Cecropias
2227 1997 2415 2038 habebant.

1369 2045 1429 2082 sed
1455 2047 1538 2084 vide
1560 2048 1696 2086 Meurs.
1726 2048 1771 2085 de
1803 2048 1921 2096 Regn.
1944 2047 2023 2085 Att.
2050 2060 2080 2086 1.
2102 2058 2181 2096 cap.
2205 2060 2260 2095 14.
2313 2048 2415 2097 Burt-⁴

1372 2109 1548 2135 MANNU&

1420 2147 1506 2193 428.
1534 2148 1712 2185 Connubio
1743 2155 1884 2196 Prognes
1897 2148 2065 2198 junxit.]
2098 2149 2202 2198 Virg.
2224 2149 2411 2192 lib-1.Ae-

1370 2199 1468 2235 neid.
1495 2199 1672 2236 Cannabio
1689 2200 1839 2248 jungam
1853 2199 1982 2247 stabili,
2012 2200 2183 2238 ConAN.
2409 2197 2412 2199 Α

1422 2249 1503 2295 428.
1535 2250 1716 2299 Progne5.]
1754 2251 1980 2288 Vetustiores
2010 2251 2049 2288 &
2078 2252 2173 2295 hoc,
2202 2252 2240 2290 &
2262 2253 2337 2291 aliis
2355 2254 2410 2292 Io·
2460 2252 2461 2255 ’

1371 2299 1444 2344 cis,
1473 2307 1636 2345 Procnes,
1666 2302 1894 2339 Graecorum
1917 2313 2034 2339 inore.
2062 2311 2103 2339 ut
2124 2315 2246 2350 cycnus
2263 2315 2329 2351 pro
2357 2317 2411 2354 cy-

1366 2363 1465 2397 gnus.
1494 2352 1625 2394 orpo'avn
1654 2354 1716 2387 καὶ
1745 2355 1865 2395 κύκνος
1892 2364 2015 2401 neque
2043 2353 2145 2390 aliter
2171 2353 2268 2402 apud
2289 2355 2408 2404 Virgi-

1369 2400 1459 2438 lium
1480 2401 1541 2439 lib.
1563 2414 1615 2439 iv.
1636 2403 1810 2451 Georgic.
1837 2416 1890 2451 ις.
1918 2403 2145 2440 vetustissimi
2166 2403 2311 2444 codices
2329 2405 2408 2452 seris

1365 2450 1478 2494 bunt,
1507 2454 1543 2489 δε
1566 2454 1604 2490 in
1624 2455 1776 2502 antiquo
1796 2465 1981 2493 marmore
2000 2455 2167 2491 Romae:

1443 2503 1641 2541 CAEcxtxA
1668 2505 1833 2543 Pnocnn
1861 2505 2022 2543 Drama
2051 2506 2331 2546 VALERIANAE.

1368 2553 1579 2591 HEthan.

1390 2654 1395 2658 .
1415 2617 1499 2652 429.
1528 2605 1608 2650 Illi,
1637 2619 1705 2643 non
1720 2606 1839 2655 gratia
1859 2606 1981 2656 [effla]
2035 2606 2079 2645 In
2099 2619 2176 2645 uno
2197 2619 2309 2653 meo,
2335 2606 2405 2658 glos
2451 2614 2454 2618 ’

1364 2667 1431 2691 για.
1461 2657 1574 2692 (Σιοε.

1414 2717 1498 2753 430.
1524 2707 1728 2744 Eumenides
1752 2718 1887 2745 tenuere
1908 2709 2004 2753 faces
2035 2708 2076 2744 de
2096 2710 2222 2755 funere
2246 2705 2397 2760 raptas.]

1358 2754 1543 2794 Dicuntur
1566 2760 1602 2794 &
1626 2758 1803 2806 Erinnyes.
1831 2760 1940 2808 Epist.
1962 2772 2014 2796 vx.
2037 2771 2095 2807 45.

1413 2811 1467 2843 At
1501 2807 1590 2843 mihi
1625 2821 1683 2843 nec
1712 2810 1812 2853 Juno
1834 2838 1844 2854 ,
1883 2823 1943 2846 nec
1984 2816 2121 2858 Hymen
2142 2837 2154 2855 ,
2199 2810 2262 2859 sed
2297 2807 2397 2858 tristis

1540 2858 1690 2906 Erinnys

1413 2908 1588 2945 Praetulit
1605 2909 1774 2957 infaustas
1789 2910 2057 2960 sanguinolenta
2067 2913 2176 2957 faces.

1358 2957 1406 2996 Et
1429 2971 1481 2995 x1.
1506 2971 1586 3008 103.
2145 2989 2149 2991 -

1408 3015 1506 3045 Ferre
1516 3013 1611 3057 faces
1630 3011 1669 3046 in
1689 3025 1764 3055 me,
1792 3026 1879 3060 quas
1896 3012 2001 3058 fertis
2014 3040 2024 3056 ‚
2052 3012 2221 3061 Erinnyes
2242 3020 2338 3049 atrae
2345 3026 2358 3056 ;

1482 3066 1523 3096 Ut
1545 3075 1638 3097 meus
1655 3075 1696 3097 ex
1712 3062 1769 3107 isto
1793 3063 1907 3098 luceat
1925 3065 1999 3110 igne
2018 3077 2127 3111 rogus.

1356 3111 1416 3147 De
1434 3111 1488 3147 his
1512 3113 1625 3148 multa
1645 3112 1850 3150 Plini-nutus
1872 3114 1930 3150 De
1947 3114 2083 3151 Natura
2098 3114 2278 3151 Deorum.
2301 3113 2391 3149 Cro·

1356 3173 1483 3198 rmus
1524 3162 1642 3199 Gebh.
1662 3175 1721 3199 111.
1736 3163 1919 3210 Crepund.
1948 3176 2001 3200 12.
2030 3165 2137 3212 legit,
2166 3164 2329 3208 retulere,
2354 3163 2393 3200 in

1355 3212 1497 3249 duobus
1518 3212 1659 3249 Heinfii
1679 3223 1753 3250 erat
1766 3242 1776 3258 ‚
1797 3213 1947 3259 statuere
1967 3223 2094 3251 torum.

1406 3275 1490 3308 431.
1519 3265 1679 3312 Tel‘loque
1702 3263 1902 3314 incubuit]
1947 3267 2152 3313 Teffi‘umque
2174 3262 2391 3312 Thyfianus.

1357 3315 1518 3365 testisque
1546 3326 1637 3355 unus
1666 3314 1873 3354 Mediceus.
1916 3314 1978 3354 sed
2006 3315 2095 3355 illud
2123 3309 2396 3410 ι’νισιιᾶκίιῶῑᾶξὲἰ
