2483 3616
253 203 280 236 2
292 199 356 251 34
441 169 1132 233 P.0V1D11·NASONIS
1168 151 1958 231 METAMORPHOSEON
1994 172 2115 232 Lm.
2135 161 2232 236 11'1-

541 267 722 340 Quam
745 269 862 326 sunt
886 267 1126 324 membra
1151 266 1250 321 viri
1274 267 1514 322 manibus
1540 268 1749 341 direpta
1774 258 2034 327 nefandis.

539 342 763 398 Talibus
788 341 1042 414 exemplis
1066 339 1302 394 monitae
1327 357 1466 395 nova
1489 341 1629 396 sacra
1653 343 2035 417 frequentant,

538 415 798 491 Turaque
822 415 982 479 dant,
1018 411 1320 486 sanfiasque
1347 414 1534 468 colunt
1558 414 1842 472 Ismenides
1867 436 1998 474 aras.

247 602 396 641 vietoria
427 600 580 650 nostrum
608 599 651 649 est
674 629 685 646 ‚
723 611 809 638 cum
844 597 1068 637 melioribus.
1095 597 1301 636 Hmsxus.

247 654 377 693 Reete.
400 652 485 691 vide
509 653 680 690 GronOV.
698 650 745 689 ad
768 652 897 689 Senec.
918 648 1087 688 Phoenis.
1115 649 1197 687 108.

301 717 385 755 729.
414 703 596 741 Autumni
607 702 777 751 frigore]
807 702 908 739 Prior
931 702 1146 739 Erfurtanus
1167 701 1206 737 &
1229 710 1300 736 no-

247 768 336 794 vem
370 755 430 793 alii
452 766 537 792 cum
560 766 637 790 uno
662 752 842 796 Palatino,
862 761 1033 788 autumno
1047 751 1179 799 frigore
1194 778 1204 793 ,
1230 761 1298 797 pro

249 806 475 845 autumnali:
506 806 700 853 eleganter.
728 801 833 852 quod
852 802 890 838 in
922 801 989 838 suis
1018 811 1172 850 quoque
1199 799 1301 837 Bers-

248 869 407 895 mannus
426 857 617 894 invenerat
650 866 728 891 non
749 850 990 889 intelleelum.
1018 859 1129 901 atque
1148 851 1199 889 ita
1212 851 1299 889 >for-

248 909 341 946 taffis
359 909 415 946 lib.
440 918 519 944 xxv.
542 906 628 942 660.
654 914 805 954 quoque
823 901 1079 940 scribendum:

300 959 484 1008 Respiciens
500 956 632 1007 pandos
654 965 826 992 autumno
840 954 989 1004 pondere
1011 966 1142 993 ramos.-

250 1010 424 1048 Manilius
442 1008 502 1046 lib.
524 1021 569 1045 11.
593 1019 676 1054 425.

302 1067 343 1097 In
365 1071 476 1098 totum
500 1059 581 1110 quia
602 1072 665 1094 ver
697 1066 869 1095 autumno
890 1065 1035 1107 tempore
1058 1055 1185 1105 differt.

247 1112 303 1150 Ita
326 1108 598 1149 Gemblacenfis
622 1109 753 1150 codex.
795 1107 982 1147 Ausonius
1011 1107 1226 1158 precatione
1242 1121 1244 1124 ·
1260 1106 1298 1145 in

249 1163 478 1201 consulatum
500 1162 604 1199 suum
620 1190 630 1206 ,
648 1195 650 1198 ,
862 1193 864 1195 .

302 1214 464 1251 Afordeat
485 1223 679 1250 autumnas
688 1212 805 1262 frigus
817 1210 955 1261 subtile«
962 1210 1123 1260 pruinas.

246 1264 293 1304 In
315 1264 506 1303 Cataleffis
528 1264 729 1302 Poetarum
751 1262 930 1302 Palladius
952 1262 998 1300 de
1029 1271 1191 1311 quatuor
1210 1260 1298 1301 anni

243 1316 473 1366 temporibus
486 1344 496 1360 ,
512 1348 517 1353 .

302 1369 413 1418 Spicea
425 1367 524 1416 serta
543 1367 654 1417 ligat,
683 1364 885 1414 calidiffima
899 1363 1029 1413 fidibus
1050 1361 1158 1412 aestas
1170 1391 1200 1409 2.

302 1425 536 1469 Temporaque.
552 1419 720 1456 autumni
738 1418 881 1467 cingunt
890 1425 955 1452 tua
969 1444 980 1461 ‚
991 1415 1122 1452 Bacche
1133 1443 1143 1460 ‚
1156 1414 1295 1453 racemi.

249 1469 294 1508 In
318 1470 461 1508 Codice
484 1469 673 1516 Justiniani
695 1470 741 1507 L.
770 1479 902 1506 ornnes
925 1479 957 1503 1.
980 1467 1088 1504 titulo
1113 1465 1159 1504 de
1181 1467 1312 1512 feriiss

249 1532 437 1559 autumnos
468 1521 538 1558 dies
572 1520 718 1558 codices
761 1518 902 1569 antiqui
943 1517 1128 1555 exhibent.
1174 1518 1294 1555 Plinio

249 1584 401 1622 quoque
426 1571 518 1609 Hist.
541 1571 626 1609 Nat.
647 1571 706 1609 lib.
730 1583 810 1608 xix.
831 1581 908 1618 cap.
940 1569 975 1606 6.
1001 1577 1132 1618 tempus
1151 1579 1298 1607 autum-

250 1637 349 1661 num.
369 1624 428 1660 lib.
452 1635 529 1660 xxr.
551 1634 630 1672 cap.
656 1635 687 1672 ς.
725 1620 980 1673 aequinoctium
1000 1629 1229 1658 autumnum.
1257 1620 1297 1658 &

250 1686 329 1724 cap.
352 1687 386 1723 9.
409 1674 470 1712 lib.
495 1685 592 1712 xvir.
613 1673 672 1711 lib.
693 1685 772 1711 xix.
794 1683 874 1721 cap.
901 1684 956 1720 15.
988 1671 1026 1707 &
1045 1670 1106 1708 lib.
1130 1683 1209 1709 xiv.
1235 1683 1292 1709 11.

251 1726 380 1773 aestum
393 1727 469 1772 fert
481 1725 617 1775 spionia
638 1724 884 1774 autumnisque
913 1720 1082 1759 imbribus
1095 1721 1296 1771 pinguesiit.

251 1789 347 1821 non,
370 1789 413 1816 ey
434 1776 613 1813 imbribus.
649 1774 745 1824 apud
766 1774 1001 1812 Marcianum
1026 1773 1215 1821 Capellam
1236 1772 1295 1810 lib.

251 1839 306 1864 v1.
329 1829 425 1865 forte
444 1827 672 1864 scribendum
687 1854 697 1870 ‚
708 1840 793 1863 nam
805 1838 882 1861 cum
895 1824 949 1860 hic
966 1838 1029 1860 ver
1043 1823 1193 1873 pubescit
1196 1822 1297 1873 flori-

256 1879 330 1924 bus,
343 1879 413 1915 illic
433 1878 583 1914 edomita
605 1876 711 1924 aestas
723 1875 888 1926 teporibus
898 1875 1080 1912 autumnis
1089 1875 1244 1923 senescit.
1261 1883 1299 1913 at

252 1942 355 1968 nune
385 1929 529 1977 legitur,
561 1927 765 1977 temporibus
786 1926 1029 1973 autumnescit.
1058 1926 1298 1975 autumnascit

253 1981 331 2018 duo
352 1979 492 2027 scripti,
520 1978 623 2029 quod
644 1979 739 2016 forte
761 1978 901 2016 dietum
933 1976 998 2021 fit,
1025 1988 1064 2013 ut
1084 1988 1298 2014 autumnare

251 2031 351 2080 apud
372 2031 533 2068 Plinium
558 2031 595 2067 in
644 2029 809 2066 Naturali
843 2028 1012 2066 Historia.
1045 2027 1225 2078 quidquid
1255 2027 1298 2066 fit

255 2082 421 2132 teporibus
445 2080 602 2119 omnino
623 2079 766 2117 rescribi
787 2078 904 2128 placet
925 2079 961 2116 in
976 2078 1136 2127 Capella.
1153 2080 1189 2116 A
1202 2079 1298 2116 Gell.

254 2145 321 2171 xlx
348 2144 426 2181 cap.
445 2143 477 2177 7.
508 2131 604 2168 molli
617 2131 766 2182 quodam
790 2129 992 2180 tempestatis
1014 2139 1208 2167 autumnae
1229 2130 1297 2175 die,

249 2186 286 2223 in
311 2183 442 2222 codice
452 2181 723 2220 Theodoliano
744 2181 825 2230 lege
847 2194 900 2219 xi.
923 2180 969 2218 de
992 2180 1124 2218 Feriis:
1160 2182 1225 2218 Ad
1247 2195 1301 2218 re-

254 2237 371 2287 quiem
392 2234 517 2270 laboris
538 2233 770 2282 indulgentior
789 2246 904 2268 annus
925 2231 1051 2280 excepit
1072 2231 1208 2279 aestivis
1219 2233 1297 2279 fir-

256 2286 396 2324 voribus
419 2285 622 2333 mitigandis
636 2311 647 2329 ,
674 2296 718 2324 cy
738 2283 920 2320 autumnis
937 2281 1088 2328 foetibus
1123 2283 1305 2332 decerpen-x

257 2340 317 2376 dis.
345 2349 456 2374 verna
480 2336 518 2373 δε
538 2345 712 2372 autumna
741 2334 898 2383 opponit
928 2332 1177 2370 Tertullianus
1203 2332 1301 2371 libro

258 2390 304 2426 de
334 2387 446 2425 carnis
480 2385 771 2423 Resurrecftione.
801 2384 1008 2422 Columella
1039 2383 1100 2421 lib.
1132 2395 1187 2421 1v.
1219 2395 1299 2433 cap.

258 2452 318 2486 20.
359 2445 411 2475 Ne
443 2448 546 2473 vento
569 2435 730 2486 surculus
763 2446 875 2473 motus
906 2434 1028 2482 (abest
1062 2435 1104 2472 τὸ
1135 2445 1249 2472 motus
1278 2446 1300 2472 a

259 2490 378 2529 veteri
398 2487 544 2534 codice,
577 2488 615 2526 ὃς
637 2486 758 2536 bene)
786 2486 1013 2535 labefactetur
1028 2514 1040 2533 ,
1069 2496 1133 2526 aut
1156 2485 1302 2537 explan:

1358 607 1460 634 tetur<
1481 606 1576 636 tener
1602 600 1785 651 pampinus
1798 630 1808 645 ‚
1838 603 1900 654 qui
1920 616 1999 641 cum
2021 604 2176 642 excrevit
2190 633 2199 650 ‚
2228 604 2410 656 nepotibusz

1356 649 1531 706 orbandus
1565 650 1641 699 (V.
1675 654 1989 709 C30rdinandus)
2016 654 2060 703 est
2082 684 2093 701 ,
2122 654 2188 704 nisi
2207 654 2244 705 si
2264 666 2408 708 propter*

1349 701 1793 758 penuriamwcalvtttum
1805 705 1867 742 loci
1881 707 2042 755 sumitur
2064 706 2104 744 in
2121 707 2316 756 propagines
2336 723 2411 746 au-

1355 760 1512 790 tumnus.
1547 752 1676 790 ultima
1706 754 1797 792 haec
1828 756 1972 805 frigent.
2009 757 2047 794 in
2088 758 2236 806 optimo
2271 759 2416 798 codiee·

1356 803 1644 860 membranaceo
1659 832 1668 848 ,
1682 804 1964 853 summittuntur
1983 808 2021 844 in
2041 809 2234 857 propagines
2256 820 2402 847 autum-

1355 866 1431 891 nus.
1460 853 1584 892 scribe.
1603 855 1883 904 summittuntur
1912 859 1951 896 in
1965 860 2164 908 propagines
2196 870 2399 900 autumnas.

1345 904 1600 953 summittendi
1622 906 1737 945 verbo
1758 919 1869 957 quam
1893 908 2057 958 apposite
2080 911 2118 947 ὅς
2151 908 2334 958 eleganter
2354 924 2397 949 u-

1354 954 1409 993 sus
1432 955 1473 993 fit
1495 957 1730 1004 Columella,
1751 957 1921 1007 ignorare
1940 971 2019 998 non
2040 960 2158 1009 potest
2171 989 2182 1006 ‚
2195 962 2260 1011 qui
2280 973 2417 1002 recor-‘-

1355 1006 1462 1045 detur
1483 1008 1683 1047 Poetarum
1707 1009 1900 1059 principis:
2399 1006 2403 1009 ⁵

1406 1084 1458 1116 Tu
1475 1080 1574 1116 modo
1595 1094 1678 1132 quos
1698 1079 1736 1117 in
1748 1079 1844 1130 spem
1859 1077 1991 1127 statuis
2000 1078 2223 1129 summittere
2240 1081 2365 1131 gentis.

1355 1158 1447 1196 Non
1469 1156 1682 1196 diflimiliter
1701 1157 1802 1195 idem
1824 1156 1883 1196 lib.
1909 1169 1983 1194 vu.
2005 1168 2082 1206 cap.
2105 1169 2139 1207 3.
2166 1158 2298 1209 meffiem
2317 1161 2416 1199 vin-²-

1355 1209 1509 1246 demiam
1539 1209 1654 1254 dixit,
1676 1209 1822 1246 testibus
1854 1208 2004 1258 optimis
2033 1208 2270 1248 membranis.
2306 1224 2401 1261 quae

1354 1260 1525 1309 proxime
1545 1260 1806 1310 subsequuntur
1826 1259 1922 1309 apud
1951 1259 2202 1297 Columellam
2236 1272 2266 1298 c.
2300 1275 2420 1301 xxxx.-

1354 1310 1402 1348 slc
1425 1311 1677 1349 constituenda
1688 1310 1768 1348 sunt
1783 1325 1790 1349 :
1805 1311 1940 1348 Deinde
1942 1310 2074 1358 falcem
2087 1311 2237 1348 maturis
2239 1312 2402 1362 palmiti-

1353 1361 1415 1399 bus
1435 1363 1600 1407 admove,
1603 1362 1667 1412 sed
1682 1362 1874 1412 putationis
1896 1360 2007 1412 infitis
2040 1361 2249 1409 custodiatur
2261 1377 2298 1400 ea
2313 1365 2412 1402 ratio»

1349 1425 1421 1453 eac.
1445 1414 1534 1451 Hoc
1547 1413 1781 1464 conjeeturae
1793 1412 1935 1451 nostrae
1948 1412 2010 1456 est,
2022 1424 2121 1450 nunc
2134 1414 2424 1462 cii⁴et1mfertur,..

1348 1465 1540 1510 admovet,
1568 1466 1608 1503 ὅς
1631 1464 1828 1513 custoditur.
1849 1464 1950 1502 idem
1971 1463 2191 1502 Columella.
2213 1465 2272 1502 lib.
2285 1478 2358 1505 vn.
2371 1478 2407 1506 e.

1354 1527 1388 1560 7.
1419 1530 1477 1553 nec
1499 1527 1618 1553 tamen
1639 1526 1832 1566 autequam
1847 1514 2001 1565 pestilens
2030 1514 2119 1551 anni
2149 1525 2305 1565 tempus,
2323 1516 2421 1566 fives

1351 1567 1391 1604 id
1403 1568 1481 1615 fuit
1513 1566 1635 1605 hiemis
1661 1595 1671 1612 ‚
1699 1576 1867 1604 vertatur
1887 1565 2010 1613 aestate
2032 1593 2043 1610 ,
2071 1562 2149 1614 five
2181 1578 2398 1605 autumnum

1352 1632 1459 1655 verno
1480 1629 1648 1656 mutetur.
1675 1616 1723 1656 fic
1745 1615 2023 1665 corrigendum,
2043 1626 2130 1653 cum
2152 1615 2190 1654 in
2213 1618 2400 1657 membra-

1351 1669 1406 1706 nis
1437 1669 1552 1707 exstet
1573 1697 1583 1714 ,
1611 1667 1690 1719 five
1728 1678 1945 1705 autumnum
1976 1679 2101 1703 verum
2132 1677 2262 1706 utetur.
2297 1669 2408 1709 idem⁷

1353 1719 1467 1757 rursus
1484 1720 1546 1757 lib.
1568 1732 1622 1758 xx.
1650 1731 1729 1768 cap.
1754 1731 1787 1770 3.
1814 1725 1947 1756 Rutam
1967 1728 2139 1755 autumno
2151 1718 2285 1768 fimine
2305 1734 2420 1759 men—-

1344 1772 1383 1820 se
1411 1771 1548 1808 Martio
1581 1770 1715 1819 differre
1745 1778 1871 1820 oportet
1892 1770 1931 1807 in
1953 1769 2134 1819 apricum,
2157 1781 2224 1818 pro
2259 1770 2417 1810 semine*

1353 1822 1557 1859 autumnali
1588 1822 1715 1860 satam.
1759 1822 1881 1859 Varro
1913 1819 2161 1869 Ephemeride
2189 1821 2286 1870 apud
2320 1823 2404 1861 No·

1352 1873 1567 1911 nium‘cum
1591 1872 1677 1910 dicit
1692 1901 1701 1917 ‚
1723 1883 1939 1910 autumnum
1958 1871 2139 1919 ventosum
2162 1874 2300 1920 fuerat,
2322 1874 2425 1911 sub-›-

1351 1925 1554 1973 intelligere
1584 1932 1715 1973 tempus
1745 1923 1900 1961 videtur.
1928 1920 2091 1959 fimiliter
2121 1932 2274 1974 tempora
2304 1924 2401 1974 apud

1355 1975 1585 2025 Cyprianum
1606 1975 1700 2012 libro
1720 1974 1766 2012 ad
1786 1973 2073 2011 Demetrianum
2088 2001 2099 2017 ‚
2119 1987 2177 2011 nec
2198 1975 2280 2011 adeo
2300 1976 2422 2013 arbo-2⁷

1353 2028 1416 2064 reis
1440 2026 1574 2074 fetibus
1594 2036 1770 2062 autumna
1782 2024 1938 2072 fecunda
1953 2024 2054 2072 sunt.
2081 2025 2284 2064 HEINsms.
2312 2026 2423 2066 Vid.·

1353 2078 1524 2121 Gronov.
1552 2089 1620 2114 111.
1637 2075 1724 2114 Obs.
1745 2087 1804 2122 24.
1827 2075 1946 2112 Gebh.
1970 2086 2016 2111 11.
2043 2074 2153 2124 Crep.
2176 2088 2221 2113 11.

1407 2141 1493 2178 729.
1520 2128 1655 2177 Frigore
1674 2125 1826 2176 taetus]
1854 2132 1984 2175 Raptus
2005 2125 2113 2163 MSS.
2136 2126 2343 2166 Bersmann.
2459 2166 2463 2172 ,

1408 2191 1492 2230 732.
1522 2178 1662 2216 Talibus
1683 2177 1843 2228 exemplis
1863 2175 2043 2226 monitae]
2072 2176 2329 2221 Male,matres
2341 2180 2421 2218 vel<

1355 2231 1456 2268 mites
1471 2232 1508 2269 in
1532 2229 1730 2268 nonnullis.
1755 2236 1791 2266 at
1822 2227 1955 2277 placet,
1987 2238 2110 2264 motae.
2137 2229 2241 2277 quod
2262 2230 2299 2267 in
2323 2242 2423 2269 uno»

1353 2282 1496 2320 Moreti
1518 2282 1557 2319 ὃς
1580 2281 1723 2318 Norico
1745 2279 1902 2317 extabat.
1928 2278 2129 2317 Hmsms.
2166 2279 2245 2317 Nifi
2273 2280 2420 2331 legen-f

1354 2333 1444 2371 dum
1457 2332 1522 2377 fit,
1545 2331 1674 2369 talibus
1693 2330 1858 2379 extemplo
1881 2340 2007 2368 motae.
2035 2337 2076 2366 ut
2094 2329 2155 2367 lib.
2178 2343 2326 2379 v1.401.
2356 2331 2423 2370 siw-

1355 2384 1448 2422 milis
1471 2395 1571 2421 error
1602 2381 1838 2431 corrigendus
1861 2391 1906 2417 ex
1925 2388 2000 2417 vet.
2017 2380 2169 2418 codice:

1406 2434 1547 2472 Talibus
1567 2433 1731 2485 extemplo
1749 2432 1840 2472 redit
1859 2432 1908 2470 ad
1921 2431 2117 2483 praesentia
2138 2432 2238 2471 dic-‘tis
2252 2462 2260 2465 „

1406 2486 1544 2536 Vulgus.

2046 3271 2114 3334 P
2180 3265 2406 3334 QVI<-
