2483 3616
88 139 225 209 1064

587 133 648 189 P.
725 125 1133 188 OVIDII
1207 126 1743 189 NASONIS

386 249 570 308 Verba
598 261 774 305 tamen
797 244 940 315 vulgi
967 259 1076 298 vox
1099 241 1303 296 eminet
1332 259 1465 308 una,
1503 247 1639 319 Quis
1666 248 1785 303 ille?

388 324 461 380 Et
490 324 721 398 speffant
746 321 950 374 frontes
977 334 988 371 :
1031 314 1408 389 pi·aedi&aque
1435 335 1635 373 cornua
1661 329 1939 392 quaerunt.

391 398 596 454 Rursus
622 395 687 449 ad
713 394 809 448 hos
834 390 1033 464 Cipus,
1072 389 1257 460 Quem
1282 390 1496 461 poscitis
1516 429 1532 454 ,
1574 392 1779 463 inquit,
1815 391 2048 448 habetis:

250 475 349 530 510
389 471 490 534 Et,
533 469 716 523 demta
738 465 929 537 capiti,
969 465 1173 536 populo
1198 463 1547 536 prohibente,
1587 467 1819 529 coronsa,

394 541 652 600 Exhibuit
679 540 900 613 gemino
924 536 1213 611 praesignia
1240 551 1486 608 tempora
1511 556 1699 593 cornu.

394 615 672 673 Demisere
699 614 885 668 oculos
911 628 1128 671 omnes;
1173 610 1548 684 gemitumque
1580 611 1814 666 dedere:

395 692 582 762 Atque
608 688 740 743 illud
765 685 969 741 meritis
993 685 1194 738 clarum
1222 684 1365 757 (quis
1393 685 1618 739 credere
1643 683 1803 757 poflit
1823 685 1839 737 ?
1857 686 1879 753 p)

396 763 552 817 Inviti
580 762 766 817 videre
793 772 953 832 caput
980 777 990 812 :
1032 776 1132 812 nec
1163 757 1374 812 honore
1402 776 1586 813 carere

249 843 350 905 615
389 835 631 891 Ulterius
657 833 811 906 passi,
852 831 1037 887 festam
1064 831 1370 903 imposuere
1395 849 1673 887 coronam.

394 912 474 965 At
498 926 773 981 procereS‚
817 906 1073 980 quoniam
1098 923 1281 960 muros
1310 905 1507 960 intrare
1541 906 1770 969 vereriS,

394 983 558 1040 Ruris
582 981 834 1036 honorati
854 993 1062 1035 tantum
1089 978 1213 1043 tibi,
1249 979 1418 1051 Cipe,
1458 979 1693 1044 dedere,

394 1057 677 1127 Quantum
705 1052 950 1126 depress'o
978 1052 1217 1123 subjeffis
1246 1051 1418 1108 bubus
1444 1066 1620 1108 aratro

391 1125 1587 1201 Compoe&ipfflstssadflnffln5fflssabomu.

252 1211 356 1260 620
393 1204 723 1275 Cornuaque
745 1196 964 1265 seratis,
1004 1201 1196 1255 miram
1219 1199 1507 1254 referentia
1535 1202 1795 1266 formam,

396 1276 639 1332 Postibus
663 1275 997 1348 insculpunt,
1034 1275 1256 1346 longum
1285 1273 1526 1328 mansura
1550 1292 1645 1347 per
1672 1292 1879 1331 aevum.
1912 1334 1916 1335 ff

106 1508 274 1546 CrorAN.
303 1505 482 1545 Habemus
510 1506 640 1544 Oxon.
670 1504 828 1544 Terent.
855 1506 952 1544 Eun.
975 1516 1012 1543 v.
1042 1514 1074 1542 1.
1105 1506 1164 1554 19.

106 1559 284 1597 Habemus
304 1558 480 1597 hominem
502 1558 624 1608 ipsum.
651 1556 766 1596 Plaut.
790 1556 912 1596 Cafin.
933 1570 977 1596 11.
999 1567 1163 1607 v111.34.

107 1611 223 1648 Habeo
243 1611 349 1648 viros.

163 1662 250 1700 610.
278 1667 324 1698 Et
344 1660 486 1711 dempta?
508 1660 626 1712 capiri,
645 1660 761 1711 populo
776 1659 990 1710 prohibente,
1004 1657 1162 1709 coronat]

107 1712 250 1751 Mirum
277 1713 475 1762 quomodo
498 1721 560 1750 aut
577 1712 667 1763 quid
688 1712 953 1761 prohibuerint.
981 1723 1163 1749 coronam

108 1763 210 1801 enim
229 1763 274 1802 de
296 1765 428 1802 fronde
452 1764 640 1813 intelligo,
670 1775 743 1813 qua
764 1775 902 1802 cornua
922 1763 1161 1813 tegebantur,

108 1825 224 1864 quam
256 1822 295 1852 ut
317 1815 483 1853 demeret
498 1844 507 1860 ,
537 1827 600 1853 cur
620 1815 831 1864 prohiberet
850 1815 1045 1864 quisquam
1072 1812 1087 1850 ἓ
1125 1814 1165 1852 δί

107 1865 267 1915 populus
289 1867 324 1903 ei
343 1878 422 1903 non
452 1867 699 1915 imposuerat,
727 1868 818 1917 quin
838 1866 962 1915 postea
981 1873 1165 1904 coronant

110 1928 199 1954 eum
230 1915 334 1954 versu
364 1917 488 1962 sexto,
509 1917 597 1963 fista
630 1931 773 1962 corona,
800 1930 896 1968 quae
917 1929 980 1956 cur
997 1919 1047 1956 ita
1066 1916 1165 1955 dica-

106 1975 165 2006 tur
192 1966 313 2005 adhuc
332 1979 482 2016 quaero.
512 1969 603 2005 haec
630 1970 667 2006 δε
688 1969 1166 2018 hujusmodi,quaeremo-

106 2026 232 2056 rantur
247 2017 428 2056 lectorem
443 2046 453 2063 ‚
482 2018 788 2057 Commentatori
807 2019 1019 2067 explicanda
1033 2029 1135 2058 erant
1149 2048 1160 2065 ,

105 2069 167 2108 sed
188 2069 255 2106 alia
275 2078 443 2117 aguntur.
472 2070 693 2106 GLAREANt'
711 2069 880 2117 Suspeeta
891 2079 988 2108 certe
1000 2082 1077 2107 vox
1091 2098 1101 2115 ,
1122 2072 1160 2108 δε

107 2120 277 2170 prosena
299 2121 394 2158 forte
414 2131 434 2158 a
453 2120 600 2163 librario
624 2119 803 2164 indeffo,
830 2121 894 2169 qui
908 2131 1088 2157 coronam
1102 2121 1162 2158 hic

107 2183 176 2220 pro
210 2173 312 2221 regio
340 2171 492 2221 infigni,
521 2184 566 2209 ex
595 2171 679 2210 suae
699 2171 826 2210 aetatis
848 2170 1013 2209 moribus
1037 2170 1164 2208 crede-

106 2223 191 2267 bat,
221 2224 259 2260 Sc
280 2223 344 2273 qui
367 2223 474 2261 simul
493 2222 694 2261 modestiae
719 2222 804 2271 Cipi
829 2223 1033 2260 convenire
1057 2230 1165 2270 puta·

110 2273 195 2319 bat,
225 2283 265 2312 ut
298 2275 454 2323 populus
486 2275 646 2313 invitum
672 2281 822 2322 cogeret
841 2284 1015 2323 regnare,
1044 2281 1084 2310 ut
1105 2285 1164 2311 ca-

110 2326 234 2374 piebat
256 2327 369 2364 etiam
400 2325 612 2375 sequentia,
633 2324 759 2373 festam
783 2324 967 2375 imposuere
993 2337 1165 2361 coronam.

110 2377 170 2414 sed
207 2378 244 2414 in
282 2378 469 2416 codicibus
499 2377 597 2415 nulla
625 2386 752 2414 tamen
786 2377 833 2414 est
866 2376 1031 2414 varietas.
1069 2376 1167 2413 forte

108 2427 284 2476 scripserit
299 2458 307 2473 ‚
332 2428 449 2478 populo
466 2430 619 2466 mirante
633 2456 643 2473 ,
672 2428 752 2472 vel,
774 2425 1171 2477 speuante,ve1s1mile

112 2479 202 2528 quid
218 2508 228 2524 ‚
262 2480 345 2524 vel,
366 2480 462 2517 nullo
479 2479 687 2529 prohibente.
715 2478 848 2517 BURM.

164 2532 250 2580 613.
277 2531 470 2582 Clarum]
503 2538 665 2569 Parvum
697 2531 870 2569 GrOnOV.
890 2530 1017 2569 Vatic.
1036 2530 1076 2568 ἓξ
1098 2530 1170 2569 Ar-

143 2589 216 2617 ent.

117 2591 141 2630 g
166 2631 251 2668 616.
286 2637 340 2668 At
353 2642 516 2682 proceres,
536 2634 703 2686 quoniam
725 2646 839 2670 muros
851 2632 987 2671 intrare
997 2632 1169 2682 vetaris,]

112 2681 268 2721 Caelest.
300 2685 477 2730 Qoniam
496 2695 623 2734 portas.
654 2687 824 2724 CiorAN.
855 2685 983 2722 Vereris
1003 2686 1170 2729 Moreti,

113 2732 220 2822 quodd
257 2744 326 2770 nos
365 2735 496 2773 reftius
525 2739 564 2775 ὅ(
597 2738 735 2776 meritis
765 2736 850 2786 Cipi
884 2737 1170 2775 convenientius

114 2796 175 2824 cre
206 2795 315 2822 imus.

166 2835 252 2873 618.
280 2833 432 2880 Robus.]
462 2834 579 2872 Bubus
606 2839 712 2883 prim.
738 2838 979 2886 Palat.pri1n.
999 2839 1173 2877 Vatican.

115 2887 251 2925 Urbin.
282 2885 443 2935 Neapol.
472 2884 690 2935 Bernegger.
716 2888 896 2927 Arondel.
934 2890 972 2927 &
1007 2889 1069 2927 sex
1100 2891 1173 2928 alii.

117 2939 268 2977 Hfflns.

170 2991 258 3037 619.
288 2988 353 3025 Ad
366 2987 475 3035 finem
498 2986 622 3037 lucis]
654 2986 737 3023 Solis
757 2986 816 3023 sex
839 2987 932 3026 libri.

170 3042 258 3090 619.
286 3039 426 3089 Lucis]
460 3039 543 3075 Solis
563 3038 638 3076 duo
658 3037 847 3076 Leidenfis
866 3040 990 3077 &tres
1011 3039 1084 3078 alii.

169 3094 257 3130 620.
287 3091 423 3128 Mirum
454 3089 678 3139 referentia]
712 3096 833 3126 Veram
859 3088 1029 3128 Leidens.
1053 3103 1168 3136 unus,

117 3144 221 3192 quod
244 3155 366 3191 neque
380 3151 520 3180 temere
539 3141 806 3189 repudiandum
820 3151 927 3190 putO,
941 3141 1006 3179 nisi
1020 3143 1099 3190 quis
1112 3156 1174 3179 ve-

119 3204 227 3230 terem
251 3195 365 3231 malit.
387 3192 600 3243 praestantia
619 3194 781 3238 formam
811 3194 924 3230 etiam
944 3194 1103 3242 Argent.
1123 3204 1173 3231 te-

111 3245 249 3291 stantia
274 3248 426 3293 Argent.

170 3300 255 3335 021.
284 3295 435 3344 Postibus
457 3294 636 3347 auratis.]
675 3294 856 3336 Mendose
883 3295 1004 3337 versus
1023 3295 1085 3336 hic
1105 3307 1169 3348 ex7

2125 1362 2274 1419 FAB.

1219 1505 1371 1554 ponitur
1395 1504 1433 1543 ὃ(
1451 1504 1595 1554 legitur.
1645 1504 1735 1542 Non
1758 1505 1858 1542 enim
1881 1502 2042 1549 auratis,
2071 1502 2130 1542 sed
2150 1504 2282 1542 aeratis

1220 1555 1385 1605 postibus,
1419 1556 1620 1605 legendum
1654 1555 1703 1593 est
1731 1568 1778 1593 ex
1808 1555 1955 1594 historia
1987 1555 2147 1599 Valerii,
2178 1557 2280 1605 cujus

1223 1607 1333 1645 verba
1351 1608 1442 1645 haec
1460 1607 1596 1646 suntde
1609 1607 1732 1656 Cippo
1745 1607 1955 1656 loquentis:
1986 1607 2095 1655 Cujus
2107 1607 2282 1650 testandae

1221 1659 1269 1696 rei
1282 1659 1401 1706 gratia
1422 1659 1542 1710 capitis
1560 1657 1676 1707 effigies
1695 1672 1811 1695 aereae
1827 1669 1958 1706 portae,
1982 1660 2054 1708 qud
2077 1658 2255 1706 excefferat
2270 1687 2281 1704 ‚

1219 1710 1353 1758 inclusa
1383 1710 1426 1758 est
1449 1739 1458 1754 ,
1494 1711 1655 1758 diblaque
1682 1709 1894 1759 rauduscula
1916 1738 1927 1754 ,
1973 1723 2059 1746 nam
2089 1709 2170 1746 olim
2198 1722 2282 1747 aera

1220 1761 1373 1799 raudera
1405 1760 1620 1799 dicebantur.
1668 1761 1787 1810 Quod
1821 1769 1861 1799 ut
1882 1761 2009 1799 clarius
2032 1761 2281 1810 intelligatur,

1220 1814 1279 1851 M.
1291 1813 1470 1851 Varronis
1483 1813 1591 1851 verba
1613 1814 1705 1850 haec
1726 1812 1996 1862 adjungemus:
2026 1812 2162 1849 Deinde
2177 1820 2280 1859 porta

1221 1864 1458 1914 rauduscula‚
1486 1864 1577 1915 quod
1605 1873 1727 1901 aerata
1746 1864 1846 1912 suit,
1884 1878 1941 1901 aes
1958 1864 2112 1901 raudum
2133 1862 2283 1900 dierum.

1221 1921 1278 1953 Ex
1302 1930 1335 1952 eo
1369 1917 1409 1954 in
1437 1915 1614 1954 veteribus
1639 1915 1831 1964 mancupiis
1851 1916 2044 1965 scriptum,
2073 1913 2281 1960 raudusculo

1221 1967 1352 2005 libram
1372 1967 1491 2015 ferito.
1537 1969 1661 2016 JACOB
1695 1981 1718 2004 A
1747 1967 1904 2004 (ἔειπε.
1939 1964 2096 2002 Auratis
2126 1971 2284 2003 veteres.

1219 2020 1387 2057 C10FAN.
1419 2019 1552 2057 Urbin.
1573 2018 1592 2055 {t
1615 2030 1728 2055 manu
1745 2016 1926 2059 secunda,
1954 2016 2096 2052 aeratis.
2114 2026 2281 2064 quomo-

1219 2070 1270 2107 do
1292 2072 1329 2108 &
1352 2082 1482 2118 margo
1507 2069 1744 2118 Gryphianae
1764 2067 1948 2104 editionis.
1976 2077 2100 2115 neque
2119 2065 2221 2104 aliter
2233 2065 2281 2106 ad

1220 2120 1305 2159 Val.
1325 2121 1540 2158 Maximum
1560 2120 1709 2168 Pighius
1740 2118 1778 2156 ὅ(
1801 2118 1969 2155 Colerus.
1987 2117 2030 2154 ab
2045 2117 2159 2155 aereis
2177 2118 2280 2156 enim

1221 2171 1382 2218 postibus
1401 2170 1674 2219 Raudusculana
1694 2181 1735 2207 ea
1758 2178 1864 2218 porta
1883 2169 1931 2206 est
1951 2168 2060 2206 dieta.
2087 2168 2184 2216 apud
2203 2168 2282 2206 Va-

1222 2221 1356 2260 lerium
1384 2221 1445 2259 lib.
1475 2233 1511 2259 v.
1546 2233 1625 2270 cap.
1657 2221 1691 2258 6.
1719 2220 1919 2269 legendum
1944 2248 1954 2264 ‚
1995 2219 2132 2269 Capitis
2163 2220 2282 2269 effigies

1221 2285 1358 2318 aereae,
1387 2272 1460 2324 qud
1482 2273 1659 2322 exceſjerat
1673 2300 1684 2317 ,
1706 2280 1825 2319 portae
1846 2271 2015 2321 insculpta
2038 2271 2079 2319 est
2094 2300 2104 2317 ‚
2131 2284 2208 2309 non
2224 2271 2281 2308 in-

1222 2323 1325 2373 clusa.
1347 2326 1385 2362 &
1409 2324 1521 2373 paulo
1543 2333 1629 2362 ante
1644 2351 1654 2368 ,
1685 2329 1725 2360 In
1746 2323 1853 2371 capite
1872 2324 1942 2373 ejus
1955 2322 2072 2372 subito
2083 2322 2197 2360 veluti
2209 2336 2282 2360 cor-

1226 2388 1299 2412 nua
1320 2377 1531 2425 erepserunt,
1559 2387 1637 2413 non
1659 2376 1880 2422 emerserunt.
1909 2386 1995 2411 nam
2018 2374 2150 2412 vetusti
2176 2374 2281 2412 codi-

1227 2438 1286 2464 ces
1312 2427 1501 2476 plerique,
1530 2438 1725 2465 erexerunt.
1761 2426 1867 2464 Silius
1897 2425 2043 2465 Italicus
2072 2427 2167 2464 libro
2188 2437 2281 2464 xm.

1229 2489 1313 2528 332.
1336 2477 1382 2517 de
1404 2479 1527 2517 Pane:

1481 2545 1635 2557 -‹—-·—
1662 2538 1781 2579 opacat
1802 2537 1953 2579 tempora
1971 2529 2095 2579 pinus,

1276 2585 1333 2617 Ac
1346 2589 1463 2630 parva
1482 2590 1621 2630 erepunt
1640 2580 1836 2617 rubicunda
1858 2594 1987 2617 cornua
2000 2582 2133 2626 fronte.

1224 2631 1287 2670 ubi
1309 2641 1495 2682 erumpunt
1517 2643 1707 2680 perperam
1731 2643 1831 2669 nunc
1852 2633 2121 2670 circumfertur.
2158 2629 2278 2668 Festus

1224 2684 1393 2722 Avienus
1417 2683 1677 2732 Descriptione
1701 2682 1833 2726 Orbis,
1861 2683 1916 2726 ybs.
1940 2684 2048 2730 1369.

1274 2741 1339 2772 Pro
1359 2735 1458 2771 molli
1480 2734 1576 2771 vitta
1589 2743 1773 2784 prorepunt
1794 2734 1886 2771 crine
1904 2732 2066 2779 chelydri.

1224 2786 1321 2834 apud
1356 2785 1551 2824 Sidonium
1579 2797 1733 2835 quoque
1760 2785 2016 2833 Apollinarem
2046 2793 2159 2820 carin.
2180 2794 2278 2822 xxxx.

1227 2837 1374 2876 videtur
1391 2836 1619 2875 scribendum
1635 2865 1645 2880 ,
1674 2836 1735 2873 ubi
1755 2835 1801 2871 de
1822 2834 1966 2870 Baccho
1986 2833 2083 2881 agit,

1591 2887 1697 2936 capite
1716 2897 1821 2921 aurea
1842 2893 1963 2933 repunt

1281 2945 1435 2976 Cornua.

1227 3002 1304 3027 non
1327 2998 1427 3038 caput
1447 3000 1552 3025 aurea
1573 2996 1751 3036 rumpunt.
1779 2985 1977 3034 quomodo
1999 2985 2094 3035 apud
2117 2987 2279 3028 eundem

1227 3040 1458 3088 Panegyrico
1480 3039 1586 3077 Aviti
1606 3038 1730 3075 denuo
1757 3046 1929 3084 peccatur
1952 3037 2005 3074 his
2027 3037 2208 3085 versibus,

1689 3088 1857 3124 luHentia
1875 3088 2031 3136 primum

1281 3140 1445 3179 Membra
1467 3140 1561 3177 dedit
1579 3139 1742 3183 nivibus,
1766 3138 2131 3189 glaciemqueirrepere
2147 3139 2282 3189 plantis

1280 3191 1390 3241 Juffit
1407 3221 1416 3236 ,
1446 3203 1489 3231 ω’
1507 3191 1654 3228 attritas
1666 3200 1821 3240 parvum
1842 3190 1951 3227 ridere
1967 3191 2126 3241 pruinas.

1226 3256 1313 3283 narn
1331 3243 1530 3292 quomodo
1551 3243 1756 3293 irrumperet
1778 3242 1896 3281 infans
1916 3241 2035 3282 adhuc
2055 3243 2093 3281 &
2113 3242 2248 3282 laeteris
2263 3243 2282 3282 ?

1227 3295 1420 3336 claudian.

2198 3351 2283 3396 Re<
