<?xml version="1.0" encoding="UTF-8"?>
<!DOCTYPE html PUBLIC "-//W3C//DTD XHTML 1.0 Transitional//EN"
    "http://www.w3.org/TR/xhtml1/DTD/xhtml1-transitional.dtd">
<html xmlns="http://www.w3.org/1999/xhtml" xml:lang="en" lang="en">
 <head>
  <title>
</title>
<meta http-equiv="Content-Type" content="text/html;charset=utf-8" />
  <meta name='ocr-system' content='tesseract 3.04.00' />
  <meta name='ocr-capabilities' content='ocr_page ocr_carea ocr_par ocr_line ocrx_word'/>
</head>
<body>
  <div class='ocr_page' id='page_1' title='image "./publiiovidiinaso02ovid_0201.png"; bbox 0 0 2483 3616; ppageno 0'>
   <div class='ocr_carea' id='block_1_1' title="bbox 329 189 1774 258">
    <p class='ocr_par' dir='ltr' id='par_1_1' title="bbox 329 189 1774 258">
     <span class='ocr_line' id='line_1_1' title="bbox 329 189 1774 258; baseline 0.013 -22"><span class='ocrx_word' id='word_1_1' title='bbox 329 189 1559 258; x_wconf 80' lang='lat' dir='ltr'>METAMORPHOSEON</span> <span class='ocrx_word' id='word_1_2' title='bbox 1631 194 1774 254; x_wconf 72' lang='lat' dir='ltr'><strong>Lm.</strong></span> 
     </span>
    </p>
   </div>
   <div class='ocr_carea' id='block_1_2' title="bbox 1847 202 2179 272">
    <p class='ocr_par' dir='ltr' id='par_1_2' title="bbox 1847 202 2179 272">
     <span class='ocr_line' id='line_1_2' title="bbox 1847 202 2179 272; baseline 0.009 -14"><span class='ocrx_word' id='word_1_3' title='bbox 1847 202 1928 260; x_wconf 90' lang='grc' dir='ltr'><strong>ΠΙ.</strong></span> <span class='ocrx_word' id='word_1_4' title='bbox 2084 223 2179 272; x_wconf 75' lang='lat'><strong>19¹</strong></span> 
     </span>
    </p>
   </div>
   <div class='ocr_carea' id='block_1_3' title="bbox 181 291 1855 882">
    <p class='ocr_par' dir='ltr' id='par_1_3' title="bbox 184 291 1855 662">
     <span class='ocr_line' id='line_1_3' title="bbox 184 291 1794 377; baseline -0.006 -16"><span class='ocrx_word' id='word_1_5' title='bbox 184 323 285 377; x_wconf 83' lang='lat'><strong>245</strong></span> <span class='ocrx_word' id='word_1_6' title='bbox 321 303 412 359; x_wconf 91' lang='lat' dir='ltr'><strong>Ad</strong></span> <span class='ocrx_word' id='word_1_7' title='bbox 435 313 634 355; x_wconf 91' lang='lat' dir='ltr'><strong>nomen</strong></span> <span class='ocrx_word' id='word_1_8' title='bbox 657 306 817 366; x_wconf 89' lang='lat' dir='ltr'><strong>caput</strong></span> <span class='ocrx_word' id='word_1_9' title='bbox 838 292 928 347; x_wconf 89' lang='lat' dir='ltr'><strong>ille</strong></span> <span class='ocrx_word' id='word_1_10' title='bbox 952 291 1144 348; x_wconf 83' lang='lat' dir='ltr'><strong>refert:</strong></span> <span class='ocrx_word' id='word_1_11' title='bbox 1185 306 1246 349; x_wconf 90' lang='lat' dir='ltr'><strong>ut</strong></span> <span class='ocrx_word' id='word_1_12' title='bbox 1270 293 1440 350; x_wconf 84' lang='lat' dir='ltr'><strong>abeffe</strong></span> <span class='ocrx_word' id='word_1_13' title='bbox 1465 307 1794 370; x_wconf 87' lang='lat' dir='ltr'><strong>queruntur,</strong></span> 
     </span>
     <span class='ocr_line' id='line_1_4' title="bbox 322 366 1726 442; baseline -0.006 -11"><span class='ocrx_word' id='word_1_14' title='bbox 322 376 439 431; x_wconf 89' lang='lat' dir='ltr'><strong>Nec</strong></span> <span class='ocrx_word' id='word_1_15' title='bbox 463 386 652 442; x_wconf 80' lang='lat' dir='ltr'><strong>capere</strong></span> <span class='ocrx_word' id='word_1_16' title='bbox 681 367 888 422; x_wconf 89' lang='lat' dir='ltr'><strong>oblatae</strong></span> <span class='ocrx_word' id='word_1_17' title='bbox 925 366 1143 438; x_wconf 88' lang='lat' dir='ltr'><strong>segnem</strong></span> <span class='ocrx_word' id='word_1_18' title='bbox 1164 367 1456 439; x_wconf 60' lang='lat' dir='ltr'><strong>spectacula</strong></span> <span class='ocrx_word' id='word_1_19' title='bbox 1481 368 1726 442; x_wconf 80' lang='lat' dir='ltr'><strong>praedae.</strong></span> 
     </span>
     <span class='ocr_line' id='line_1_5' title="bbox 322 438 1855 515; baseline -0.003 -14"><span class='ocrx_word' id='word_1_20' title='bbox 322 446 505 502; x_wconf 89' lang='lat' dir='ltr'><strong>Vellet</strong></span> <span class='ocrx_word' id='word_1_21' title='bbox 532 440 701 496; x_wconf 82' lang='lat' dir='ltr'><strong>abeffe</strong></span> <span class='ocrx_word' id='word_1_22' title='bbox 726 440 980 514; x_wconf 90' lang='lat' dir='ltr'><strong>quidem;</strong></span> <span class='ocrx_word' id='word_1_23' title='bbox 1021 438 1113 494; x_wconf 88' lang='lat' dir='ltr'><strong>sed</strong></span> <span class='ocrx_word' id='word_1_24' title='bbox 1138 441 1310 496; x_wconf 88' lang='lat' dir='ltr'><strong>adest:</strong></span> <span class='ocrx_word' id='word_1_25' title='bbox 1348 443 1618 515; x_wconf 85' lang='lat' dir='ltr'><strong>velletque</strong></span> <span class='ocrx_word' id='word_1_26' title='bbox 1642 441 1855 508; x_wconf 88' lang='lat' dir='ltr'><strong>videre,</strong></span> 
     </span>
     <span class='ocr_line' id='line_1_6' title="bbox 321 512 1666 577; baseline -0.003 -4"><span class='ocrx_word' id='word_1_27' title='bbox 321 519 449 574; x_wconf 88' lang='lat' dir='ltr'><strong>Non</strong></span> <span class='ocrx_word' id='word_1_28' title='bbox 480 516 641 569; x_wconf 89' lang='lat' dir='ltr'><strong>etiam</strong></span> <span class='ocrx_word' id='word_1_29' title='bbox 665 514 886 577; x_wconf 82' lang='lat' dir='ltr'><strong>sentire,</strong></span> <span class='ocrx_word' id='word_1_30' title='bbox 923 530 1116 567; x_wconf 85' lang='lat' dir='ltr'><strong>canum</strong></span> <span class='ocrx_word' id='word_1_31' title='bbox 1139 512 1250 568; x_wconf 89' lang='lat' dir='ltr'><strong>fera</strong></span> <span class='ocrx_word' id='word_1_32' title='bbox 1275 514 1408 568; x_wconf 56' lang='lat' dir='ltr'><strong>fasta</strong></span> <span class='ocrx_word' id='word_1_33' title='bbox 1433 516 1666 570; x_wconf 89' lang='lat' dir='ltr'><strong>suorum.</strong></span> 
     </span>
     <span class='ocr_line' id='line_1_7' title="bbox 312 586 1838 662; baseline -0.002 -17"><span class='ocrx_word' id='word_1_34' title='bbox 312 589 570 662; x_wconf 85' lang='lat' dir='ltr'><strong>Undique</strong></span> <span class='ocrx_word' id='word_1_35' title='bbox 600 586 966 642; x_wconf 85' lang='lat' dir='ltr'><strong>circumstant:</strong></span> <span class='ocrx_word' id='word_1_36' title='bbox 1005 586 1293 660; x_wconf 79' lang='lat' dir='ltr'><strong>mersisque</strong></span> <span class='ocrx_word' id='word_1_37' title='bbox 1318 589 1373 642; x_wconf 91' lang='lat' dir='ltr'><strong>in</strong></span> <span class='ocrx_word' id='word_1_38' title='bbox 1399 606 1628 661; x_wconf 88' lang='lat' dir='ltr'><strong>corpore</strong></span> <span class='ocrx_word' id='word_1_39' title='bbox 1661 587 1838 643; x_wconf 84' lang='lat' dir='ltr'><strong>rostris</strong></span> 
     </span>
    </p>

    <p class='ocr_par' dir='ltr' id='par_1_4' title="bbox 181 659 1625 735">
     <span class='ocr_line' id='line_1_8' title="bbox 181 659 1625 735; baseline -0.004 -14"><span class='ocrx_word' id='word_1_40' title='bbox 181 684 284 735; x_wconf 85' lang='lat'><strong>250</strong></span> <span class='ocrx_word' id='word_1_41' title='bbox 322 664 628 718; x_wconf 88' lang='lat' dir='ltr'><strong>Dilacerant</strong></span> <span class='ocrx_word' id='word_1_42' title='bbox 654 659 760 714; x_wconf 88' lang='lat' dir='ltr'><strong>falfi</strong></span> <span class='ocrx_word' id='word_1_43' title='bbox 786 660 1068 714; x_wconf 90' lang='lat' dir='ltr'><strong>dominum</strong></span> <span class='ocrx_word' id='word_1_44' title='bbox 1095 659 1186 714; x_wconf 89' lang='lat' dir='ltr'><strong>sub</strong></span> <span class='ocrx_word' id='word_1_45' title='bbox 1211 661 1443 732; x_wconf 81' lang='lat' dir='ltr'><strong>imagine</strong></span> <span class='ocrx_word' id='word_1_46' title='bbox 1467 662 1625 717; x_wconf 82' lang='lat' dir='ltr'><strong>cervi.</strong></span> 
     </span>
    </p>

    <p class='ocr_par' dir='ltr' id='par_1_5' title="bbox 324 732 1502 882">
     <span class='ocr_line' id='line_1_9' title="bbox 327 732 1502 806; baseline -0.002 -15"><span class='ocrx_word' id='word_1_47' title='bbox 327 737 466 806; x_wconf 89' lang='lat' dir='ltr'><strong>[Nec</strong></span> <span class='ocrx_word' id='word_1_48' title='bbox 491 734 585 789; x_wconf 83' lang='lat' dir='ltr'><strong>nisi</strong></span> <span class='ocrx_word' id='word_1_49' title='bbox 608 733 758 788; x_wconf 70' lang='lat' dir='ltr'><strong>finita</strong></span> <span class='ocrx_word' id='word_1_50' title='bbox 783 750 877 805; x_wconf 88' lang='lat' dir='ltr'><strong>per</strong></span> <span class='ocrx_word' id='word_1_51' title='bbox 901 732 1126 804; x_wconf 88' lang='lat' dir='ltr'><strong>plurima</strong></span> <span class='ocrx_word' id='word_1_52' title='bbox 1151 734 1367 788; x_wconf 89' lang='lat' dir='ltr'><strong>vulnera</strong></span> <span class='ocrx_word' id='word_1_53' title='bbox 1391 735 1502 789; x_wconf 70' lang='lat' dir='ltr'><strong>vita</strong></span> 
     </span>
     <span class='ocr_line' id='line_1_10' title="bbox 324 805 1431 882; baseline -0.005 -17"><span class='ocrx_word' id='word_1_54' title='bbox 324 811 404 865; x_wconf 86' lang='lat' dir='ltr'><strong>Ira</strong></span> <span class='ocrx_word' id='word_1_55' title='bbox 425 808 756 882; x_wconf 79' lang='lat' dir='ltr'><strong>pharetratae</strong></span> <span class='ocrx_word' id='word_1_56' title='bbox 780 805 951 860; x_wconf 88' lang='lat' dir='ltr'><strong>fertur</strong></span> <span class='ocrx_word' id='word_1_57' title='bbox 975 805 1153 860; x_wconf 79' lang='lat' dir='ltr'><strong>satiata</strong></span> <span class='ocrx_word' id='word_1_58' title='bbox 1176 805 1431 878; x_wconf 76' lang='lat' dir='ltr'><strong>Dianae]</strong></span> 
     </span>
    </p>
   </div>
   <div class='ocr_carea' id='block_1_4' title="bbox 31 1074 1077 1995">
    <p class='ocr_par' dir='ltr' id='par_1_6' title="bbox 35 1074 1077 1439">
     <span class='ocr_line' id='line_1_11' title="bbox 36 1074 1077 1132; baseline -0.013 -7"><span class='ocrx_word' id='word_1_59' title='bbox 36 1087 73 1125; x_wconf 80' lang='lat' dir='ltr'><strong>in</strong></span> <span class='ocrx_word' id='word_1_60' title='bbox 93 1084 196 1124; x_wconf 87' lang='lat' dir='ltr'><strong>Divo</strong></span> <span class='ocrx_word' id='word_1_61' title='bbox 219 1082 323 1120; x_wconf 90' lang='lat' dir='ltr'><strong>Luca</strong></span> <span class='ocrx_word' id='word_1_62' title='bbox 352 1080 584 1120; x_wconf 87' lang='lat' dir='ltr'><strong>locutionem</strong></span> <span class='ocrx_word' id='word_1_63' title='bbox 613 1078 709 1116; x_wconf 86' lang='lat' dir='ltr'><strong>hanc</strong></span> <span class='ocrx_word' id='word_1_64' title='bbox 740 1074 932 1114; x_wconf 84' lang='lat' dir='ltr'><strong>Latinismi</strong></span> <span class='ocrx_word' id='word_1_65' title='bbox 952 1076 1077 1132; x_wconf 84' lang='lat' dir='ltr'><strong>nomi-</strong></span> 
     </span>
     <span class='ocr_line' id='line_1_12' title="bbox 36 1127 1076 1180; baseline -0.013 -5"><span class='ocrx_word' id='word_1_66' title='bbox 36 1149 85 1176; x_wconf 88' lang='lat' dir='ltr'><strong>ne</strong></span> <span class='ocrx_word' id='word_1_67' title='bbox 115 1135 325 1174; x_wconf 83' lang='lat' dir='ltr'><strong>notaverint</strong></span> <span class='ocrx_word' id='word_1_68' title='bbox 355 1133 566 1180; x_wconf 86' lang='lat' dir='ltr'><strong>interpretes</strong></span> <span class='ocrx_word' id='word_1_69' title='bbox 587 1158 598 1175; x_wconf 94' lang='lat'><strong>,</strong></span> <span class='ocrx_word' id='word_1_70' title='bbox 635 1128 719 1178; x_wconf 87' lang='lat' dir='ltr'><strong>quia</strong></span> <span class='ocrx_word' id='word_1_71' title='bbox 750 1127 853 1175; x_wconf 85' lang='lat' dir='ltr'><strong>saepe</strong></span> <span class='ocrx_word' id='word_1_72' title='bbox 876 1139 922 1164; x_wconf 91' lang='lat' dir='ltr'><strong>eo</strong></span> <span class='ocrx_word' id='word_1_73' title='bbox 952 1134 1076 1164; x_wconf 87' lang='lat' dir='ltr'><strong>utitur.</strong></span> 
     </span>
     <span class='ocr_line' id='line_1_13' title="bbox 36 1177 1074 1234; baseline -0.011 -8"><span class='ocrx_word' id='word_1_74' title='bbox 36 1187 112 1225; x_wconf 86' lang='lat' dir='ltr'><strong>vid.</strong></span> <span class='ocrx_word' id='word_1_75' title='bbox 134 1187 275 1234; x_wconf 85' lang='lat' dir='ltr'><strong>Euang.</strong></span> <span class='ocrx_word' id='word_1_76' title='bbox 295 1196 372 1232; x_wconf 87' lang='lat' dir='ltr'><strong>cap.</strong></span> <span class='ocrx_word' id='word_1_77' title='bbox 396 1195 492 1220; x_wconf 79' lang='lat' dir='ltr'><strong>xxr1.</strong></span> <span class='ocrx_word' id='word_1_78' title='bbox 523 1194 580 1228; x_wconf 84' lang='lat'><strong>41.</strong></span> <span class='ocrx_word' id='word_1_79' title='bbox 617 1179 703 1217; x_wconf 65' lang='lat' dir='ltr'><strong>Aet.</strong></span> <span class='ocrx_word' id='word_1_80' title='bbox 736 1190 808 1234; x_wconf 65' lang='lat' dir='ltr'><strong>vix.</strong></span> <span class='ocrx_word' id='word_1_81' title='bbox 849 1177 908 1214; x_wconf 79' lang='lat'><strong>60.</strong></span> <span class='ocrx_word' id='word_1_82' title='bbox 942 1190 994 1214; x_wconf 88' lang='lat' dir='ltr'><strong>1x.</strong></span> <span class='ocrx_word' id='word_1_83' title='bbox 1013 1190 1074 1225; x_wconf 77' lang='lat'><strong>40.</strong></span> 
     </span>
     <span class='ocr_line' id='line_1_14' title="bbox 35 1228 1074 1286; baseline -0.012 -10"><span class='ocrx_word' id='word_1_84' title='bbox 35 1250 114 1276; x_wconf 75' lang='lat' dir='ltr'><strong>xxi.</strong></span> <span class='ocrx_word' id='word_1_85' title='bbox 138 1251 170 1286; x_wconf 77' lang='grc' dir='ltr'><strong>ς.</strong></span> <span class='ocrx_word' id='word_1_86' title='bbox 198 1237 291 1274; x_wconf 90' lang='lat' dir='ltr'><strong>Usus</strong></span> <span class='ocrx_word' id='word_1_87' title='bbox 310 1236 348 1272; x_wconf 71' lang='grc' dir='ltr'><strong>δε</strong></span> <span class='ocrx_word' id='word_1_88' title='bbox 369 1232 538 1271; x_wconf 82' lang='lat' dir='ltr'><strong>Eusebius</strong></span> <span class='ocrx_word' id='word_1_89' title='bbox 557 1231 618 1268; x_wconf 90' lang='lat' dir='ltr'><strong>lib.</strong></span> <span class='ocrx_word' id='word_1_90' title='bbox 649 1242 684 1266; x_wconf 87' lang='lat' dir='ltr'><strong>v.</strong></span> <span class='ocrx_word' id='word_1_91' title='bbox 716 1229 808 1266; x_wconf 82' lang='lat' dir='ltr'><strong>Hlst.</strong></span> <span class='ocrx_word' id='word_1_92' title='bbox 828 1228 963 1266; x_wconf 88' lang='lat' dir='ltr'><strong>Eccles.</strong></span> <span class='ocrx_word' id='word_1_93' title='bbox 995 1239 1074 1277; x_wconf 85' lang='lat' dir='ltr'><strong>cap.</strong></span> 
     </span>
     <span class='ocr_line' id='line_1_15' title="bbox 36 1278 1073 1333; baseline -0.009 -8"><span class='ocrx_word' id='word_1_94' title='bbox 36 1300 75 1326; x_wconf 92' lang='lat' dir='ltr'><strong>v.</strong></span> <span class='ocrx_word' id='word_1_95' title='bbox 101 1288 185 1333; x_wconf 75' lang='grc' dir='ltr'><strong><em>γόνυ</em></strong></span> <span class='ocrx_word' id='word_1_96' title='bbox 204 1288 327 1328; x_wconf 71' lang='grc' dir='ltr'><em>Θέντσις</em></span> <span class='ocrx_word' id='word_1_97' title='bbox 345 1284 408 1319; x_wconf 79' lang='grc' dir='ltr'><strong>ἔπῖ</strong></span> <span class='ocrx_word' id='word_1_98' title='bbox 432 1287 494 1323; x_wconf 62' lang='grc' dir='ltr'><strong>τὴν</strong></span> <span class='ocrx_word' id='word_1_99' title='bbox 513 1282 591 1327; x_wconf 70' lang='grc' dir='ltr'><strong>γῆν.</strong></span> <span class='ocrx_word' id='word_1_100' title='bbox 609 1279 752 1330; x_wconf 80' lang='lat' dir='ltr'><strong>supplex</strong></span> <span class='ocrx_word' id='word_1_101' title='bbox 766 1278 870 1329; x_wconf 87' lang='lat' dir='ltr'><em>flexis</em></span> <span class='ocrx_word' id='word_1_102' title='bbox 881 1291 974 1316; x_wconf 87' lang='lat' dir='ltr'><strong>unus</strong></span> <span class='ocrx_word' id='word_1_103' title='bbox 987 1280 1073 1316; x_wconf 87' lang='lat' dir='ltr'><strong>Me-</strong></span> 
     </span>
     <span class='ocr_line' id='line_1_16' title="bbox 36 1330 1071 1383; baseline -0.009 -6"><span class='ocrx_word' id='word_1_104' title='bbox 36 1339 161 1377; x_wconf 83' lang='lat' dir='ltr'><strong>diceus</strong></span> <span class='ocrx_word' id='word_1_105' title='bbox 181 1339 219 1375; x_wconf 87' lang='lat'>&amp;</span> <span class='ocrx_word' id='word_1_106' title='bbox 242 1337 326 1374; x_wconf 86' lang='lat' dir='ltr'><strong>Sixi.</strong></span> <span class='ocrx_word' id='word_1_107' title='bbox 358 1332 498 1383; x_wconf 80' lang='lat' dir='ltr'><strong>genibus</strong></span> <span class='ocrx_word' id='word_1_108' title='bbox 511 1330 601 1382; x_wconf 82' lang='lat' dir='ltr'><strong>fusis</strong></span> <span class='ocrx_word' id='word_1_109' title='bbox 616 1341 745 1381; x_wconf 84' lang='lat' dir='ltr'><strong>pronus</strong></span> <span class='ocrx_word' id='word_1_110' title='bbox 763 1339 832 1368; x_wconf 89' lang='lat' dir='ltr'><strong>tres</strong></span> <span class='ocrx_word' id='word_1_111' title='bbox 850 1330 941 1367; x_wconf 74' lang='lat' dir='ltr'><strong>libri,</strong></span> <span class='ocrx_word' id='word_1_112' title='bbox 968 1330 1071 1368; x_wconf 82' lang='lat' dir='ltr'><strong>versu</strong></span> 
     </span>
     <span class='ocr_line' id='line_1_17' title="bbox 35 1380 1070 1439; baseline -0.011 -11"><span class='ocrx_word' id='word_1_113' title='bbox 35 1387 266 1439; x_wconf 87' lang='lat' dir='ltr'><strong>praecedenti</strong></span> <span class='ocrx_word' id='word_1_114' title='bbox 287 1397 379 1423; x_wconf 89' lang='lat' dir='ltr'><strong>unus</strong></span> <span class='ocrx_word' id='word_1_115' title='bbox 399 1384 568 1421; x_wconf 85' lang='lat' dir='ltr'><strong>Strozzae</strong></span> <span class='ocrx_word' id='word_1_116' title='bbox 591 1383 717 1432; x_wconf 80' lang='lat' dir='ltr'><strong>replens</strong></span> <span class='ocrx_word' id='word_1_117' title='bbox 736 1381 903 1419; x_wconf 85' lang='lat' dir='ltr'><strong>habebat.</strong></span> <span class='ocrx_word' id='word_1_118' title='bbox 939 1380 1070 1418; x_wconf 72' lang='lat' dir='ltr'><strong>Buam.</strong></span> 
     </span>
    </p>

    <p class='ocr_par' dir='ltr' id='par_1_7' title="bbox 31 1432 1072 1736">
     <span class='ocr_line' id='line_1_18' title="bbox 86 1432 1072 1487; baseline -0.007 -10"><span class='ocrx_word' id='word_1_119' title='bbox 86 1452 169 1487; x_wconf 82' lang='lat'><strong>242.</strong></span> <span class='ocrx_word' id='word_1_120' title='bbox 193 1437 305 1475; x_wconf 82' lang='lat' dir='ltr'><strong>Solitis</strong></span> <span class='ocrx_word' id='word_1_121' title='bbox 325 1433 550 1483; x_wconf 82' lang='lat' dir='ltr'><strong>hortatibus.]</strong></span> <span class='ocrx_word' id='word_1_122' title='bbox 578 1433 621 1471; x_wconf 89' lang='lat' dir='ltr'><strong>In</strong></span> <span class='ocrx_word' id='word_1_123' title='bbox 642 1432 836 1471; x_wconf 87' lang='lat' dir='ltr'><strong>Dominic.</strong></span> <span class='ocrx_word' id='word_1_124' title='bbox 858 1432 1072 1470; x_wconf 76' lang='lat' dir='ltr'><strong>clamoribus.</strong></span> 
     </span>
     <span class='ocr_line' id='line_1_19' title="bbox 34 1482 1070 1532; baseline -0.009 -3"><span class='ocrx_word' id='word_1_125' title='bbox 34 1490 79 1529; x_wconf 89' lang='lat' dir='ltr'><strong>In</strong></span> <span class='ocrx_word' id='word_1_126' title='bbox 101 1489 241 1528; x_wconf 89' lang='lat' dir='ltr'><strong>duobus</strong></span> <span class='ocrx_word' id='word_1_127' title='bbox 262 1488 354 1526; x_wconf 84' lang='lat' dir='ltr'><strong>meis</strong></span> <span class='ocrx_word' id='word_1_128' title='bbox 368 1515 378 1532; x_wconf 93' lang='lat'><strong><em>‚</em></strong></span> <span class='ocrx_word' id='word_1_129' title='bbox 404 1497 481 1523; x_wconf 90' lang='lat' dir='ltr'><strong>uno</strong></span> <span class='ocrx_word' id='word_1_130' title='bbox 494 1485 617 1523; x_wconf 88' lang='lat' dir='ltr'><strong>Vatic.</strong></span> <span class='ocrx_word' id='word_1_131' title='bbox 638 1484 838 1521; x_wconf 85' lang='lat' dir='ltr'><strong>latratibus.</strong></span> <span class='ocrx_word' id='word_1_132' title='bbox 865 1482 983 1532; x_wconf 91' lang='lat' dir='ltr'><strong>Quod</strong></span> <span class='ocrx_word' id='word_1_133' title='bbox 993 1495 1070 1520; x_wconf 87' lang='lat' dir='ltr'><strong>non</strong></span> 
     </span>
     <span class='ocr_line' id='line_1_20' title="bbox 31 1533 1072 1588; baseline -0.009 -9"><span class='ocrx_word' id='word_1_134' title='bbox 31 1539 177 1578; x_wconf 86' lang='lat' dir='ltr'><strong>videtur</strong></span> <span class='ocrx_word' id='word_1_135' title='bbox 196 1536 495 1588; x_wconf 88' lang='lat' dir='ltr'><strong>improbandum.</strong></span> <span class='ocrx_word' id='word_1_136' title='bbox 520 1534 638 1586; x_wconf 88' lang='lat' dir='ltr'><strong>potest</strong></span> <span class='ocrx_word' id='word_1_137' title='bbox 657 1536 759 1573; x_wconf 90' lang='lat' dir='ltr'><strong>enim</strong></span> <span class='ocrx_word' id='word_1_138' title='bbox 792 1533 838 1572; x_wconf 89' lang='lat' dir='ltr'><strong>ad</strong></span> <span class='ocrx_word' id='word_1_139' title='bbox 869 1545 999 1580; x_wconf 84' lang='lat' dir='ltr'><strong>canes,</strong></span> <span class='ocrx_word' id='word_1_140' title='bbox 1026 1534 1072 1571; x_wconf 87' lang='lat' dir='ltr'><strong>de</strong></span> 
     </span>
     <span class='ocr_line' id='line_1_21' title="bbox 34 1585 1072 1640; baseline -0.007 -13"><span class='ocrx_word' id='word_1_141' title='bbox 34 1591 161 1640; x_wconf 87' lang='lat' dir='ltr'><strong>quibus</strong></span> <span class='ocrx_word' id='word_1_142' title='bbox 181 1590 368 1640; x_wconf 87' lang='lat' dir='ltr'><strong>loquitur,</strong></span> <span class='ocrx_word' id='word_1_143' title='bbox 394 1587 531 1626; x_wconf 86' lang='lat' dir='ltr'><strong>referri.</strong></span> <span class='ocrx_word' id='word_1_144' title='bbox 564 1587 735 1624; x_wconf 74' lang='lat' dir='ltr'><strong>CxorAN.</strong></span> <span class='ocrx_word' id='word_1_145' title='bbox 772 1585 976 1622; x_wconf 80' lang='lat' dir='ltr'><strong>Latratibus</strong></span> <span class='ocrx_word' id='word_1_146' title='bbox 1006 1597 1072 1621; x_wconf 86' lang='lat' dir='ltr'><strong>ve-</strong></span> 
     </span>
     <span class='ocr_line' id='line_1_22' title="bbox 35 1635 1072 1687; baseline -0.007 -8"><span class='ocrx_word' id='word_1_147' title='bbox 35 1641 200 1679; x_wconf 76' lang='lat' dir='ltr'><strong>tustiores</strong></span> <span class='ocrx_word' id='word_1_148' title='bbox 223 1640 386 1678; x_wconf 84' lang='lat' dir='ltr'><strong>maxima</strong></span> <span class='ocrx_word' id='word_1_149' title='bbox 408 1652 453 1677; x_wconf 85' lang='lat' dir='ltr'><strong>ex</strong></span> <span class='ocrx_word' id='word_1_150' title='bbox 474 1646 585 1687; x_wconf 88' lang='lat' dir='ltr'><strong>parte.</strong></span> <span class='ocrx_word' id='word_1_151' title='bbox 613 1637 776 1674; x_wconf 91' lang='lat' dir='ltr'><strong>clamore</strong></span> <span class='ocrx_word' id='word_1_152' title='bbox 801 1637 840 1673; x_wconf 70' lang='grc' dir='ltr'><strong>δε</strong></span> <span class='ocrx_word' id='word_1_153' title='bbox 861 1636 1009 1673; x_wconf 88' lang='lat' dir='ltr'><strong>hortatu</strong></span> <span class='ocrx_word' id='word_1_154' title='bbox 1019 1635 1072 1673; x_wconf 82' lang='lat' dir='ltr'><strong>la-</strong></span> 
     </span>
     <span class='ocr_line' id='line_1_23' title="bbox 35 1687 1072 1736; baseline -0.004 -7"><span class='ocrx_word' id='word_1_155' title='bbox 35 1699 170 1730; x_wconf 79' lang='lat' dir='ltr'><strong>tratum</strong></span> <span class='ocrx_word' id='word_1_156' title='bbox 193 1691 366 1729; x_wconf 85' lang='lat' dir='ltr'><strong>caninum</strong></span> <span class='ocrx_word' id='word_1_157' title='bbox 389 1689 608 1728; x_wconf 84' lang='lat' dir='ltr'><strong>aemulante.</strong></span> <span class='ocrx_word' id='word_1_158' title='bbox 630 1687 974 1736; x_wconf 81' lang='lat' dir='ltr'><strong>Virgil.Ge0rg.111</strong></span> <span class='ocrx_word' id='word_1_159' title='bbox 988 1699 1072 1734; x_wconf 82' lang='lat'><strong>411.</strong></span> 
     </span>
    </p>

    <p class='ocr_par' dir='ltr' id='par_1_8' title="bbox 87 1738 863 1793">
     <span class='ocr_line' id='line_1_24' title="bbox 87 1738 863 1793; baseline -0.008 -13"><span class='ocrx_word' id='word_1_160' title='bbox 87 1749 185 1793; x_wconf 86' lang='lat' dir='ltr'><strong>Saepe</strong></span> <span class='ocrx_word' id='word_1_161' title='bbox 204 1741 398 1779; x_wconf 85' lang='lat' dir='ltr'><strong>volutabris</strong></span> <span class='ocrx_word' id='word_1_162' title='bbox 411 1740 523 1792; x_wconf 85' lang='lat' dir='ltr'><strong>pulsos</strong></span> <span class='ocrx_word' id='word_1_163' title='bbox 534 1738 747 1790; x_wconf 77' lang='lat' dir='ltr'><strong>stlvestribus</strong></span> <span class='ocrx_word' id='word_1_164' title='bbox 766 1746 863 1788; x_wconf 83' lang='lat' dir='ltr'><strong>apros</strong></span> 
     </span>
    </p>

    <p class='ocr_par' dir='ltr' id='par_1_9' title="bbox 32 1791 1074 1945">
     <span class='ocr_line' id='line_1_25' title="bbox 90 1791 552 1840; baseline -0.004 -10"><span class='ocrx_word' id='word_1_165' title='bbox 90 1799 244 1830; x_wconf 83' lang='lat' dir='ltr'><strong>Latratu</strong></span> <span class='ocrx_word' id='word_1_166' title='bbox 264 1791 420 1829; x_wconf 76' lang='lat' dir='ltr'><strong>turbabis</strong></span> <span class='ocrx_word' id='word_1_167' title='bbox 441 1805 552 1840; x_wconf 81' lang='lat' dir='ltr'><strong>agens.</strong></span> 
     </span>
     <span class='ocr_line' id='line_1_26' title="bbox 35 1838 1074 1893; baseline -0.005 -12"><span class='ocrx_word' id='word_1_168' title='bbox 35 1843 200 1893; x_wconf 84' lang='lat' dir='ltr'><strong>Quidam</strong></span> <span class='ocrx_word' id='word_1_169' title='bbox 225 1872 234 1887; x_wconf 96' lang='lat'><strong>‚</strong></span> <span class='ocrx_word' id='word_1_170' title='bbox 271 1842 487 1880; x_wconf 78' lang='lat' dir='ltr'><strong>clamoribus.</strong></span> <span class='ocrx_word' id='word_1_171' title='bbox 526 1841 688 1890; x_wconf 88' lang='lat' dir='ltr'><strong>alioquin</strong></span> <span class='ocrx_word' id='word_1_172' title='bbox 711 1869 723 1887; x_wconf 92' lang='lat'><strong>,</strong></span> <span class='ocrx_word' id='word_1_173' title='bbox 758 1838 956 1877; x_wconf 85' lang='lat' dir='ltr'><strong>hortatibus</strong></span> <span class='ocrx_word' id='word_1_174' title='bbox 988 1839 1074 1877; x_wconf 88' lang='lat' dir='ltr'><strong>ferri</strong></span> 
     </span>
     <span class='ocr_line' id='line_1_27' title="bbox 32 1893 665 1945; baseline -0.008 -12"><span class='ocrx_word' id='word_1_175' title='bbox 32 1894 161 1944; x_wconf 81' lang='lat' dir='ltr'><strong>pofl&#39;et.</strong></span> <span class='ocrx_word' id='word_1_176' title='bbox 185 1893 381 1945; x_wconf 86' lang='lat' dir='ltr'><strong>quomodo</strong></span> <span class='ocrx_word' id='word_1_177' title='bbox 402 1893 510 1943; x_wconf 87' lang='lat' dir='ltr'><strong>Epist.</strong></span> <span class='ocrx_word' id='word_1_178' title='bbox 530 1904 584 1929; x_wconf 90' lang='lat' dir='ltr'><strong>1v.</strong></span> <span class='ocrx_word' id='word_1_179' title='bbox 607 1905 665 1937; x_wconf 85' lang='lat'><strong>42.</strong></span> 
     </span>
    </p>

    <p class='ocr_par' dir='ltr' id='par_1_10' title="bbox 88 1943 830 1995">
     <span class='ocr_line' id='line_1_28' title="bbox 88 1943 830 1995; baseline -0.004 -13"><span class='ocrx_word' id='word_1_180' title='bbox 88 1946 233 1982; x_wconf 88' lang='lat' dir='ltr'><strong>Hortari</strong></span> <span class='ocrx_word' id='word_1_181' title='bbox 250 1945 365 1982; x_wconf 85' lang='lat' dir='ltr'><strong>celeres</strong></span> <span class='ocrx_word' id='word_1_182' title='bbox 378 1954 439 1995; x_wconf 84' lang='lat' dir='ltr'><strong>per</strong></span> <span class='ocrx_word' id='word_1_183' title='bbox 450 1944 539 1994; x_wconf 86' lang='lat' dir='ltr'><strong>juga</strong></span> <span class='ocrx_word' id='word_1_184' title='bbox 552 1943 698 1992; x_wconf 87' lang='lat' dir='ltr'><strong>summa</strong></span> <span class='ocrx_word' id='word_1_185' title='bbox 721 1954 830 1980; x_wconf 86' lang='lat' dir='ltr'><strong>canes.</strong></span> 
     </span>
    </p>
   </div>
   <div class='ocr_carea' id='block_1_5' title="bbox 32 1994 1105 3354">
    <p class='ocr_par' dir='ltr' id='par_1_11' title="bbox 32 1994 360 2045">
     <span class='ocr_line' id='line_1_29' title="bbox 32 1994 360 2045; baseline -0.006 -11"><span class='ocrx_word' id='word_1_186' title='bbox 32 1994 81 2034; x_wconf 82' lang='lat' dir='ltr'><strong>Et</strong></span> <span class='ocrx_word' id='word_1_187' title='bbox 99 1997 195 2034; x_wconf 87' lang='lat' dir='ltr'><strong>Met.</strong></span> <span class='ocrx_word' id='word_1_188' title='bbox 215 2009 251 2034; x_wconf 84' lang='lat' dir='ltr'><strong>x.</strong></span> <span class='ocrx_word' id='word_1_189' title='bbox 277 1996 360 2045; x_wconf 79' lang='lat'><strong>536.</strong></span> 
     </span>
    </p>

    <p class='ocr_par' dir='ltr' id='par_1_12' title="bbox 35 2043 1078 2599">
     <span class='ocr_line' id='line_1_30' title="bbox 85 2043 899 2097; baseline -0.004 -13"><span class='ocrx_word' id='word_1_190' title='bbox 85 2054 324 2097; x_wconf 75' lang='lat' dir='ltr'><strong>Hortaturque</strong></span> <span class='ocrx_word' id='word_1_191' title='bbox 344 2060 440 2083; x_wconf 90' lang='lat' dir='ltr'><strong>canes</strong></span> <span class='ocrx_word' id='word_1_192' title='bbox 462 2045 535 2082; x_wconf 83' lang='lat' dir='ltr'><strong>ritu</strong></span> <span class='ocrx_word' id='word_1_193' title='bbox 548 2043 725 2093; x_wconf 61' lang='lat' dir='ltr'><strong>fitccino‘t‘a</strong></span> <span class='ocrx_word' id='word_1_194' title='bbox 749 2044 899 2081; x_wconf 79' lang='lat' dir='ltr'><strong>Dianae.</strong></span> 
     </span>
     <span class='ocr_line' id='line_1_31' title="bbox 37 2094 1071 2146; baseline -0.005 -11"><span class='ocrx_word' id='word_1_195' title='bbox 37 2096 214 2146; x_wconf 82' lang='lat' dir='ltr'><strong>Apulejus</strong></span> <span class='ocrx_word' id='word_1_196' title='bbox 232 2098 328 2134; x_wconf 85' lang='lat' dir='ltr'><strong>Met.</strong></span> <span class='ocrx_word' id='word_1_197' title='bbox 351 2109 411 2134; x_wconf 76' lang='lat' dir='ltr'><strong>IV.</strong></span> <span class='ocrx_word' id='word_1_198' title='bbox 438 2101 620 2140; x_wconf 85' lang='lat' dir='ltr'><strong>Canes,ut</strong></span> <span class='ocrx_word' id='word_1_199' title='bbox 631 2095 679 2131; x_wconf 85' lang='lat' dir='ltr'><strong>ad</strong></span> <span class='ocrx_word' id='word_1_200' title='bbox 700 2108 753 2131; x_wconf 91' lang='lat' dir='ltr'><strong>me</strong></span> <span class='ocrx_word' id='word_1_201' title='bbox 775 2094 988 2131; x_wconf 84' lang='lat' dir='ltr'><strong>laniandum</strong></span> <span class='ocrx_word' id='word_1_202' title='bbox 1011 2108 1071 2130; x_wconf 83' lang='lat' dir='ltr'><strong>ra-</strong></span> 
     </span>
     <span class='ocr_line' id='line_1_32' title="bbox 37 2143 1070 2196; baseline 0 -14"><span class='ocrx_word' id='word_1_203' title='bbox 37 2145 90 2182; x_wconf 82' lang='lat' dir='ltr'><strong>bie</strong></span> <span class='ocrx_word' id='word_1_204' title='bbox 105 2147 223 2194; x_wconf 83' lang='lat' dir='ltr'><strong>perciti</strong></span> <span class='ocrx_word' id='word_1_205' title='bbox 245 2149 382 2194; x_wconf 87' lang='lat' dir='ltr'><strong>ferrent</strong></span> <span class='ocrx_word' id='word_1_206' title='bbox 403 2148 569 2196; x_wconf 83' lang='lat' dir='ltr'><strong>impetum</strong></span> <span class='ocrx_word' id='word_1_207' title='bbox 592 2173 603 2191; x_wconf 91' lang='lat'>‚</span> <span class='ocrx_word' id='word_1_208' title='bbox 625 2143 746 2194; x_wconf 86' lang='lat' dir='ltr'><strong>paffim</strong></span> <span class='ocrx_word' id='word_1_209' title='bbox 768 2145 1004 2182; x_wconf 79' lang='lat' dir='ltr'><strong>cohortantur.</strong></span> <span class='ocrx_word' id='word_1_210' title='bbox 1031 2146 1070 2182; x_wconf 83' lang='lat'>&amp;</span> 
     </span>
     <span class='ocr_line' id='line_1_33' title="bbox 39 2194 1070 2244; baseline -0.002 -11"><span class='ocrx_word' id='word_1_211' title='bbox 39 2196 163 2244; x_wconf 84' lang='lat' dir='ltr'><strong>postea</strong></span> <span class='ocrx_word' id='word_1_212' title='bbox 177 2225 188 2242; x_wconf 93' lang='lat'>‚</span> <span class='ocrx_word' id='word_1_213' title='bbox 214 2203 325 2236; x_wconf 87' lang='lat' dir='ltr'><strong>Canes</strong></span> <span class='ocrx_word' id='word_1_214' title='bbox 346 2198 453 2235; x_wconf 84' lang='lat' dir='ltr'><strong>etiam</strong></span> <span class='ocrx_word' id='word_1_215' title='bbox 483 2196 658 2233; x_wconf 85' lang='lat' dir='ltr'><strong>venaticos</strong></span> <span class='ocrx_word' id='word_1_216' title='bbox 678 2197 809 2232; x_wconf 88' lang='lat' dir='ltr'><strong>auritos</strong></span> <span class='ocrx_word' id='word_1_217' title='bbox 828 2195 902 2232; x_wconf 85' lang='lat' dir='ltr'><strong>illos</strong></span> <span class='ocrx_word' id='word_1_218' title='bbox 924 2207 968 2234; x_wconf 67' lang='lat'><strong>&lt;9⁶</strong></span> <span class='ocrx_word' id='word_1_219' title='bbox 990 2194 1070 2232; x_wconf 83' lang='lat' dir='ltr'><strong>hor-</strong></span> 
     </span>
     <span class='ocr_line' id='line_1_34' title="bbox 39 2245 1069 2297; baseline 0.001 -14"><span class='ocrx_word' id='word_1_220' title='bbox 39 2247 178 2284; x_wconf 83' lang='lat' dir='ltr'><strong>ricomes</strong></span> <span class='ocrx_word' id='word_1_221' title='bbox 199 2248 247 2283; x_wconf 86' lang='lat' dir='ltr'><strong>ad</strong></span> <span class='ocrx_word' id='word_1_222' title='bbox 267 2249 555 2297; x_wconf 84' lang='lat' dir='ltr'><strong>comprimendam</strong></span> <span class='ocrx_word' id='word_1_223' title='bbox 577 2246 715 2294; x_wconf 83' lang='lat' dir='ltr'><strong>bestiam</strong></span> <span class='ocrx_word' id='word_1_224' title='bbox 741 2245 951 2283; x_wconf 83' lang='lat' dir='ltr'><strong>cohortatur.</strong></span> <span class='ocrx_word' id='word_1_225' title='bbox 977 2246 1069 2284; x_wconf 86' lang='lat' dir='ltr'><strong>libro</strong></span> 
     </span>
     <span class='ocr_line' id='line_1_35' title="bbox 39 2296 1078 2346; baseline -0.002 -12"><span class='ocrx_word' id='word_1_226' title='bbox 39 2308 130 2334; x_wconf 84' lang='lat' dir='ltr'><strong>VIII.</strong></span> <span class='ocrx_word' id='word_1_227' title='bbox 158 2303 270 2334; x_wconf 89' lang='lat' dir='ltr'><strong>Canes</strong></span> <span class='ocrx_word' id='word_1_228' title='bbox 291 2299 425 2335; x_wconf 87' lang='lat' dir='ltr'><strong>rabidos</strong></span> <span class='ocrx_word' id='word_1_229' title='bbox 445 2311 488 2338; x_wconf 69' lang='grc' dir='ltr'><strong>ω’</strong></span> <span class='ocrx_word' id='word_1_230' title='bbox 508 2298 678 2335; x_wconf 84' lang='lat' dir='ltr'><strong>immanes</strong></span> <span class='ocrx_word' id='word_1_231' title='bbox 701 2296 970 2346; x_wconf 82' lang='lat' dir='ltr'><strong>jubilationibus</strong></span> <span class='ocrx_word' id='word_1_232' title='bbox 992 2297 1078 2343; x_wconf 73' lang='lat' dir='ltr'><strong>fhli-</strong></span> 
     </span>
     <span class='ocr_line' id='line_1_36' title="bbox 36 2346 1077 2397; baseline 0.001 -14"><span class='ocrx_word' id='word_1_233' title='bbox 36 2348 83 2384; x_wconf 80' lang='lat' dir='ltr'><strong>tis</strong></span> <span class='ocrx_word' id='word_1_234' title='bbox 104 2347 199 2385; x_wconf 82' lang='lat' dir='ltr'><strong>nobis</strong></span> <span class='ocrx_word' id='word_1_235' title='bbox 217 2347 455 2385; x_wconf 70' lang='lat' dir='ltr'><strong>inhortnntur.</strong></span> <span class='ocrx_word' id='word_1_236' title='bbox 474 2349 550 2393; x_wconf 84' lang='lat' dir='ltr'><strong>ubi,</strong></span> <span class='ocrx_word' id='word_1_237' title='bbox 554 2346 808 2397; x_wconf 83' lang='lat' dir='ltr'><strong>fibilationibus</strong></span> <span class='ocrx_word' id='word_1_238' title='bbox 841 2347 952 2384; x_wconf 76' lang='lat' dir='ltr'><strong>malo.</strong></span> <span class='ocrx_word' id='word_1_239' title='bbox 992 2348 1077 2385; x_wconf 89' lang='lat' dir='ltr'><strong>Ho-</strong></span> 
     </span>
     <span class='ocr_line' id='line_1_37' title="bbox 38 2398 1076 2448; baseline 0 -14"><span class='ocrx_word' id='word_1_240' title='bbox 38 2408 146 2435; x_wconf 88' lang='lat' dir='ltr'><strong>mero</strong></span> <span class='ocrx_word' id='word_1_241' title='bbox 168 2398 206 2435; x_wconf 88' lang='lat' dir='ltr'><strong>in</strong></span> <span class='ocrx_word' id='word_1_242' title='bbox 228 2398 390 2448; x_wconf 73' lang='lat' dir='ltr'><strong>Odyssea</strong></span> <span class='ocrx_word' id='word_1_243' title='bbox 412 2401 518 2434; x_wconf 79' lang='grc' dir='ltr'><em>σευεῖν</em></span> <span class='ocrx_word' id='word_1_244' title='bbox 539 2399 642 2440; x_wconf 73' lang='grc' dir='ltr'><em>κύνας</em></span> <span class='ocrx_word' id='word_1_245' title='bbox 665 2399 723 2436; x_wconf 88' lang='lat' dir='ltr'><strong>est.</strong></span> <span class='ocrx_word' id='word_1_246' title='bbox 747 2413 880 2435; x_wconf 87' lang='lat' dir='ltr'><strong>monere</strong></span> <span class='ocrx_word' id='word_1_247' title='bbox 901 2412 998 2435; x_wconf 82' lang='lat' dir='ltr'><strong>canes</strong></span> <span class='ocrx_word' id='word_1_248' title='bbox 1021 2398 1076 2436; x_wconf 84' lang='lat' dir='ltr'><strong>di-</strong></span> 
     </span>
     <span class='ocr_line' id='line_1_38' title="bbox 36 2448 1074 2497; baseline 0 -12"><span class='ocrx_word' id='word_1_249' title='bbox 36 2448 90 2485; x_wconf 76' lang='lat' dir='ltr'><strong>xit</strong></span> <span class='ocrx_word' id='word_1_250' title='bbox 113 2449 319 2496; x_wconf 81' lang='lat' dir='ltr'><strong>Propertius</strong></span> <span class='ocrx_word' id='word_1_251' title='bbox 347 2450 439 2486; x_wconf 92' lang='lat' dir='ltr'><strong>libro</strong></span> <span class='ocrx_word' id='word_1_252' title='bbox 473 2460 518 2484; x_wconf 85' lang='lat'><strong>11.</strong></span> <span class='ocrx_word' id='word_1_253' title='bbox 554 2448 653 2495; x_wconf 75' lang='lat' dir='ltr'><strong>Fleg.</strong></span> <span class='ocrx_word' id='word_1_254' title='bbox 680 2460 758 2485; x_wconf 73' lang='lat' dir='ltr'><strong>xnt.</strong></span> <span class='ocrx_word' id='word_1_255' title='bbox 779 2449 839 2485; x_wconf 83' lang='lat' dir='ltr'><strong>sed</strong></span> <span class='ocrx_word' id='word_1_256' title='bbox 868 2449 906 2485; x_wconf 92' lang='lat' dir='ltr'><strong>in</strong></span> <span class='ocrx_word' id='word_1_257' title='bbox 930 2449 1074 2497; x_wconf 82' lang='lat' dir='ltr'><strong>Virgilii</strong></span> 
     </span>
     <span class='ocr_line' id='line_1_39' title="bbox 36 2497 1078 2547; baseline -0.002 -11"><span class='ocrx_word' id='word_1_258' title='bbox 36 2498 123 2537; x_wconf 86' lang='lat' dir='ltr'><strong>loco</strong></span> <span class='ocrx_word' id='word_1_259' title='bbox 147 2499 193 2536; x_wconf 93' lang='lat' dir='ltr'><strong>de</strong></span> <span class='ocrx_word' id='word_1_260' title='bbox 213 2499 294 2547; x_wconf 90' lang='lat' dir='ltr'><strong>ipfis</strong></span> <span class='ocrx_word' id='word_1_261' title='bbox 317 2499 463 2536; x_wconf 88' lang='lat' dir='ltr'><strong>canibus</strong></span> <span class='ocrx_word' id='word_1_262' title='bbox 491 2498 606 2546; x_wconf 83' lang='lat' dir='ltr'><strong>potest</strong></span> <span class='ocrx_word' id='word_1_263' title='bbox 637 2497 788 2546; x_wconf 74' lang='lat' dir='ltr'><strong>intelligi</strong></span> <span class='ocrx_word' id='word_1_264' title='bbox 815 2498 962 2535; x_wconf 75' lang='lat' dir='ltr'><strong>latratus</strong></span> <span class='ocrx_word' id='word_1_265' title='bbox 984 2526 995 2543; x_wconf 89' lang='lat'><strong>,</strong></span> <span class='ocrx_word' id='word_1_266' title='bbox 1032 2498 1078 2535; x_wconf 90' lang='lat' dir='ltr'><strong>de</strong></span> 
     </span>
     <span class='ocr_line' id='line_1_40' title="bbox 35 2549 631 2599; baseline 0 -13"><span class='ocrx_word' id='word_1_267' title='bbox 35 2549 163 2599; x_wconf 90' lang='lat' dir='ltr'><strong>quibus</strong></span> <span class='ocrx_word' id='word_1_268' title='bbox 183 2549 255 2587; x_wconf 91' lang='lat' dir='ltr'><strong>illic</strong></span> <span class='ocrx_word' id='word_1_269' title='bbox 277 2551 402 2599; x_wconf 87' lang='lat' dir='ltr'><strong>agitur.</strong></span> <span class='ocrx_word' id='word_1_270' title='bbox 432 2551 631 2586; x_wconf 67' lang='lat' dir='ltr'><strong>l-lfflnsrus.</strong></span> 
     </span>
    </p>

    <p class='ocr_par' dir='ltr' id='par_1_13' title="bbox 38 2597 1079 2902">
     <span class='ocr_line' id='line_1_41' title="bbox 87 2597 1075 2649; baseline -0.001 -13"><span class='ocrx_word' id='word_1_271' title='bbox 87 2612 172 2649; x_wconf 80' lang='lat'><strong>245.</strong></span> <span class='ocrx_word' id='word_1_272' title='bbox 197 2601 262 2638; x_wconf 84' lang='lat' dir='ltr'><strong>Ad</strong></span> <span class='ocrx_word' id='word_1_273' title='bbox 283 2615 405 2638; x_wconf 82' lang='lat' dir='ltr'><strong>nomen</strong></span> <span class='ocrx_word' id='word_1_274' title='bbox 427 2609 527 2649; x_wconf 86' lang='lat' dir='ltr'><strong>caput</strong></span> <span class='ocrx_word' id='word_1_275' title='bbox 547 2599 604 2635; x_wconf 87' lang='lat' dir='ltr'><strong>ille</strong></span> <span class='ocrx_word' id='word_1_276' title='bbox 619 2597 763 2647; x_wconf 77' lang='lat' dir='ltr'><strong>reft·rt.]</strong></span> <span class='ocrx_word' id='word_1_277' title='bbox 804 2597 886 2636; x_wconf 85' lang='lat' dir='ltr'><strong>Tot</strong></span> <span class='ocrx_word' id='word_1_278' title='bbox 909 2597 1017 2648; x_wconf 69' lang='lat' dir='ltr'><strong>verba</strong></span> <span class='ocrx_word' id='word_1_279' title='bbox 1036 2598 1075 2635; x_wconf 79' lang='lat' dir='ltr'><strong>in</strong></span> 
     </span>
     <span class='ocr_line' id='line_1_42' title="bbox 38 2648 1079 2700; baseline -0.002 -13"><span class='ocrx_word' id='word_1_280' title='bbox 38 2650 239 2698; x_wconf 79' lang='lat' dir='ltr'><strong>parenthesi</strong></span> <span class='ocrx_word' id='word_1_281' title='bbox 271 2651 385 2700; x_wconf 84' lang='lat' dir='ltr'><strong>posita</strong></span> <span class='ocrx_word' id='word_1_282' title='bbox 405 2650 510 2694; x_wconf 89' lang='lat' dir='ltr'><strong>sunt,</strong></span> <span class='ocrx_word' id='word_1_283' title='bbox 537 2649 674 2697; x_wconf 85' lang='lat' dir='ltr'><strong>alioqui</strong></span> <span class='ocrx_word' id='word_1_284' title='bbox 704 2648 819 2687; x_wconf 88' lang='lat' dir='ltr'><strong>sensus</strong></span> <span class='ocrx_word' id='word_1_285' title='bbox 841 2660 919 2685; x_wconf 87' lang='lat' dir='ltr'><strong>non</strong></span> <span class='ocrx_word' id='word_1_286' title='bbox 949 2660 1079 2696; x_wconf 87' lang='lat' dir='ltr'><strong>proce-</strong></span> 
     </span>
     <span class='ocr_line' id='line_1_43' title="bbox 40 2698 1078 2751; baseline -0.003 -13"><span class='ocrx_word' id='word_1_287' title='bbox 40 2700 122 2739; x_wconf 87' lang='lat' dir='ltr'><strong>det:</strong></span> <span class='ocrx_word' id='word_1_288' title='bbox 150 2713 245 2751; x_wconf 88' lang='lat' dir='ltr'><strong>quae</strong></span> <span class='ocrx_word' id='word_1_289' title='bbox 279 2702 378 2740; x_wconf 90' lang='lat' dir='ltr'><strong>enim</strong></span> <span class='ocrx_word' id='word_1_290' title='bbox 401 2701 559 2750; x_wconf 86' lang='lat' dir='ltr'><strong>sequitur</strong></span> <span class='ocrx_word' id='word_1_291' title='bbox 580 2699 795 2748; x_wconf 67' lang='lat' dir='ltr'><strong>conjunctio</strong></span> <span class='ocrx_word' id='word_1_292' title='bbox 819 2698 974 2742; x_wconf 41' lang='lat' dir='ltr'><strong>&amp;uduo</strong></span> <span class='ocrx_word' id='word_1_293' title='bbox 997 2711 1078 2735; x_wconf 82' lang='lat' dir='ltr'><strong>ver-</strong></span> 
     </span>
     <span class='ocr_line' id='line_1_44' title="bbox 39 2749 1077 2800; baseline -0.001 -12"><span class='ocrx_word' id='word_1_294' title='bbox 39 2749 83 2788; x_wconf 87' lang='lat' dir='ltr'><strong>ba</strong></span> <span class='ocrx_word' id='word_1_295' title='bbox 112 2752 300 2790; x_wconf 63' lang='lat' dir='ltr'><strong>connectit</strong></span> <span class='ocrx_word' id='word_1_296' title='bbox 330 2753 487 2789; x_wconf 82' lang='lat' dir='ltr'><strong>clamant</strong></span> <span class='ocrx_word' id='word_1_297' title='bbox 509 2779 519 2796; x_wconf 87' lang='lat'><strong>,</strong></span> <span class='ocrx_word' id='word_1_298' title='bbox 558 2751 596 2787; x_wconf 90' lang='lat'>&amp;</span> <span class='ocrx_word' id='word_1_299' title='bbox 633 2760 837 2800; x_wconf 77' lang='lat' dir='ltr'><strong>queruntur.</strong></span> <span class='ocrx_word' id='word_1_300' title='bbox 867 2750 1077 2787; x_wconf 68' lang='lat' dir='ltr'><strong>GLAREAN.</strong></span> 
     </span>
     <span class='ocr_line' id='line_1_45' title="bbox 39 2800 1075 2854; baseline -0.001 -16"><span class='ocrx_word' id='word_1_301' title='bbox 39 2801 161 2840; x_wconf 87' lang='lat' dir='ltr'><strong>Scribe</strong></span> <span class='ocrx_word' id='word_1_302' title='bbox 194 2831 205 2848; x_wconf 94' lang='lat'><strong>,</strong></span> <span class='ocrx_word' id='word_1_303' title='bbox 242 2814 282 2840; x_wconf 80' lang='lat' dir='ltr'><strong>ut</strong></span> <span class='ocrx_word' id='word_1_304' title='bbox 321 2812 514 2854; x_wconf 75' lang='lat' dir='ltr'><strong>queruntur</strong></span> <span class='ocrx_word' id='word_1_305' title='bbox 537 2829 547 2845; x_wconf 94' lang='lat'>‚</span> <span class='ocrx_word' id='word_1_306' title='bbox 597 2801 655 2838; x_wconf 85' lang='lat' dir='ltr'><strong>vel</strong></span> <span class='ocrx_word' id='word_1_307' title='bbox 689 2800 911 2838; x_wconf 73' lang='lat' dir='ltr'><strong>membranis</strong></span> <span class='ocrx_word' id='word_1_308' title='bbox 941 2800 1075 2838; x_wconf 85' lang='lat' dir='ltr'><strong>invitis.</strong></span> 
     </span>
     <span class='ocr_line' id='line_1_46' title="bbox 39 2851 708 2902; baseline -0.001 -13"><span class='ocrx_word' id='word_1_309' title='bbox 39 2851 246 2900; x_wconf 73' lang='lat' dir='ltr'><strong>Saepiffime</strong></span> <span class='ocrx_word' id='word_1_310' title='bbox 266 2854 315 2891; x_wconf 86' lang='lat' dir='ltr'><strong>ita</strong></span> <span class='ocrx_word' id='word_1_311' title='bbox 335 2861 540 2902; x_wconf 85' lang='lat' dir='ltr'><strong>peccatum.</strong></span> <span class='ocrx_word' id='word_1_312' title='bbox 569 2853 708 2889; x_wconf 73' lang='lat' dir='ltr'><strong>Hmns.</strong></span> 
     </span>
    </p>

    <p class='ocr_par' dir='ltr' id='par_1_14' title="bbox 41 2899 1075 3053">
     <span class='ocr_line' id='line_1_47' title="bbox 92 2899 1074 2953; baseline -0.001 -15"><span class='ocrx_word' id='word_1_313' title='bbox 92 2903 174 2949; x_wconf 83' lang='lat'><strong>246.</strong></span> <span class='ocrx_word' id='word_1_314' title='bbox 205 2903 381 2953; x_wconf 60' lang='lat' dir='ltr'><strong>oblatae]</strong></span> <span class='ocrx_word' id='word_1_315' title='bbox 412 2909 559 2953; x_wconf 80' lang='lat' dir='ltr'><strong>Optatae</strong></span> <span class='ocrx_word' id='word_1_316' title='bbox 578 2909 747 2949; x_wconf 81' lang='lat' dir='ltr'><strong>excerpta</strong></span> <span class='ocrx_word' id='word_1_317' title='bbox 768 2899 1074 2950; x_wconf 79' lang='lat' dir='ltr'><strong>Cantabrigienfia</strong></span> 
     </span>
     <span class='ocr_line' id='line_1_48' title="bbox 43 2950 1075 3001; baseline 0.002 -14"><span class='ocrx_word' id='word_1_318' title='bbox 43 2950 82 2987; x_wconf 74' lang='grc' dir='ltr'><strong>ὃ(</strong></span> <span class='ocrx_word' id='word_1_319' title='bbox 102 2963 193 2990; x_wconf 89' lang='lat' dir='ltr'><strong>unus</strong></span> <span class='ocrx_word' id='word_1_320' title='bbox 211 2954 415 2991; x_wconf 86' lang='lat' dir='ltr'><strong>Mediceus.</strong></span> <span class='ocrx_word' id='word_1_321' title='bbox 444 2954 555 2990; x_wconf 88' lang='lat' dir='ltr'><strong>etiam</strong></span> <span class='ocrx_word' id='word_1_322' title='bbox 574 2964 652 2990; x_wconf 89' lang='lat' dir='ltr'><strong>non</strong></span> <span class='ocrx_word' id='word_1_323' title='bbox 674 2952 783 2990; x_wconf 86' lang='lat' dir='ltr'><strong>male.</strong></span> <span class='ocrx_word' id='word_1_324' title='bbox 807 2951 855 2989; x_wconf 90' lang='lat' dir='ltr'><strong>fic</strong></span> <span class='ocrx_word' id='word_1_325' title='bbox 875 2951 974 3001; x_wconf 87' lang='lat' dir='ltr'><strong>apud</strong></span> <span class='ocrx_word' id='word_1_326' title='bbox 996 2952 1075 2989; x_wconf 83' lang='lat' dir='ltr'><strong>Va-</strong></span> 
     </span>
     <span class='ocr_line' id='line_1_49' title="bbox 41 2999 549 3053; baseline 0.012 -18"><span class='ocrx_word' id='word_1_327' title='bbox 41 2999 105 3037; x_wconf 90' lang='lat' dir='ltr'><strong>ler.</strong></span> <span class='ocrx_word' id='word_1_328' title='bbox 124 3001 238 3040; x_wconf 84' lang='lat' dir='ltr'><strong>Flacc.</strong></span> <span class='ocrx_word' id='word_1_329' title='bbox 261 3017 324 3040; x_wconf 73' lang='lat'><strong>111.</strong></span> <span class='ocrx_word' id='word_1_330' title='bbox 351 3005 436 3052; x_wconf 78' lang='lat'><strong>605.</strong></span> <span class='ocrx_word' id='word_1_331' title='bbox 458 3016 525 3053; x_wconf 92' lang='lat' dir='ltr'><strong>pro</strong></span> <span class='ocrx_word' id='word_1_332' title='bbox 539 3033 549 3048; x_wconf 93' lang='lat'><strong>,</strong></span> 
     </span>
    </p>

    <p class='ocr_par' dir='ltr' id='par_1_15' title="bbox 37 3054 1105 3354">
     <span class='ocr_line' id='line_1_50' title="bbox 96 3054 1009 3104; baseline 0.007 -19"><span class='ocrx_word' id='word_1_333' title='bbox 96 3055 215 3088; x_wconf 83' lang='lat' dir='ltr'><strong>Strata</strong></span> <span class='ocrx_word' id='word_1_334' title='bbox 235 3055 291 3090; x_wconf 84' lang='lat' dir='ltr'><strong>vel</strong></span> <span class='ocrx_word' id='word_1_335' title='bbox 312 3054 433 3091; x_wconf 84' lang='lat' dir='ltr'><strong>oblatis</strong></span> <span class='ocrx_word' id='word_1_336' title='bbox 454 3055 572 3092; x_wconf 67' lang='lat' dir='ltr'><strong>dubior</strong></span> <span class='ocrx_word' id='word_1_337' title='bbox 594 3054 692 3090; x_wconf 82' lang='lat' dir='ltr'><strong>videt</strong></span> <span class='ocrx_word' id='word_1_338' title='bbox 711 3066 859 3104; x_wconf 82' lang='lat' dir='ltr'><strong>aequora</strong></span> <span class='ocrx_word' id='word_1_339' title='bbox 881 3054 1009 3091; x_wconf 85' lang='lat' dir='ltr'><strong>ventis.</strong></span> 
     </span>
     <span class='ocr_line' id='line_1_51' title="bbox 46 3099 1105 3157; baseline 0.006 -22"><span class='ocrx_word' id='word_1_340' title='bbox 46 3099 214 3138; x_wconf 79' lang='lat' dir='ltr'><strong>Heinsius</strong></span> <span class='ocrx_word' id='word_1_341' title='bbox 242 3105 395 3142; x_wconf 85' lang='lat' dir='ltr'><strong>malebat</strong></span> <span class='ocrx_word' id='word_1_342' title='bbox 410 3132 421 3149; x_wconf 88' lang='lat'><strong>,</strong></span> <span class='ocrx_word' id='word_1_343' title='bbox 444 3106 577 3154; x_wconf 85' lang='lat' dir='ltr'><strong>optatis.</strong></span> <span class='ocrx_word' id='word_1_344' title='bbox 598 3103 658 3141; x_wconf 85' lang='lat' dir='ltr'><strong>sed</strong></span> <span class='ocrx_word' id='word_1_345' title='bbox 678 3116 748 3153; x_wconf 87' lang='lat' dir='ltr'><strong>ego</strong></span> <span class='ocrx_word' id='word_1_346' title='bbox 771 3104 860 3141; x_wconf 84' lang='lat' dir='ltr'><strong>nihil</strong></span> <span class='ocrx_word' id='word_1_347' title='bbox 871 3111 1000 3141; x_wconf 85' lang='lat' dir='ltr'><strong>muto:</strong></span> <span class='ocrx_word' id='word_1_348' title='bbox 1030 3104 1077 3142; x_wconf 87' lang='lat' dir='ltr'><strong>fic</strong></span> <span class='ocrx_word' id='word_1_349' title='bbox 1093 3147 1105 3157; x_wconf 65' lang='lat'><strong>.</strong></span> 
     </span>
     <span class='ocr_line' id='line_1_52' title="bbox 47 3151 1076 3203; baseline 0.006 -17"><span class='ocrx_word' id='word_1_350' title='bbox 47 3151 86 3186; x_wconf 73' lang='grc' dir='ltr'><strong>δε</strong></span> <span class='ocrx_word' id='word_1_351' title='bbox 109 3151 202 3198; x_wconf 88' lang='lat' dir='ltr'><strong>apud</strong></span> <span class='ocrx_word' id='word_1_352' title='bbox 226 3152 349 3190; x_wconf 88' lang='lat' dir='ltr'><strong>Silium</strong></span> <span class='ocrx_word' id='word_1_353' title='bbox 368 3155 428 3192; x_wconf 87' lang='lat' dir='ltr'><strong>lib.</strong></span> <span class='ocrx_word' id='word_1_354' title='bbox 450 3167 541 3192; x_wconf 82' lang='lat' dir='ltr'><strong>vm.</strong></span> <span class='ocrx_word' id='word_1_355' title='bbox 561 3166 646 3203; x_wconf 76' lang='lat'><strong>230.</strong></span> <span class='ocrx_word' id='word_1_356' title='bbox 674 3168 824 3199; x_wconf 85' lang='lat' dir='ltr'><strong>numen,</strong></span> <span class='ocrx_word' id='word_1_357' title='bbox 852 3155 905 3190; x_wconf 76' lang='lat' dir='ltr'><strong>ait</strong></span> <span class='ocrx_word' id='word_1_358' title='bbox 919 3183 929 3199; x_wconf 95' lang='lat'><strong>,</strong></span> <span class='ocrx_word' id='word_1_359' title='bbox 958 3155 1051 3192; x_wconf 68' lang='lat' dir='ltr'><strong>nobis</strong></span> <span class='ocrx_word' id='word_1_360' title='bbox 1066 3184 1076 3199; x_wconf 94' lang='lat'>‚</span> 
     </span>
     <span class='ocr_line' id='line_1_53' title="bbox 37 3199 1078 3253; baseline 0.008 -18"><span class='ocrx_word' id='word_1_361' title='bbox 37 3199 130 3247; x_wconf 82' lang='lat' dir='ltr'><strong>felix</strong></span> <span class='ocrx_word' id='word_1_362' title='bbox 151 3201 266 3237; x_wconf 86' lang='lat' dir='ltr'><strong>oblata</strong></span> <span class='ocrx_word' id='word_1_363' title='bbox 280 3202 437 3250; x_wconf 84' lang='lat' dir='ltr'><strong>fecundes</strong></span> <span class='ocrx_word' id='word_1_364' title='bbox 451 3234 461 3251; x_wconf 88' lang='lat'><strong>,</strong></span> <span class='ocrx_word' id='word_1_365' title='bbox 480 3205 542 3243; x_wconf 87' lang='lat' dir='ltr'><strong>ubi</strong></span> <span class='ocrx_word' id='word_1_366' title='bbox 565 3205 691 3242; x_wconf 81' lang='lat' dir='ltr'><strong>malim</strong></span> <span class='ocrx_word' id='word_1_367' title='bbox 713 3212 853 3249; x_wconf 84' lang='lat' dir='ltr'><strong>tamen,</strong></span> <span class='ocrx_word' id='word_1_368' title='bbox 868 3214 996 3253; x_wconf 73' lang='lat' dir='ltr'><strong>optata.</strong></span> <span class='ocrx_word' id='word_1_369' title='bbox 1017 3205 1078 3243; x_wconf 81' lang='lat' dir='ltr'><strong>sed</strong></span> 
     </span>
     <span class='ocr_line' id='line_1_54' title="bbox 46 3250 1081 3303; baseline 0.009 -18"><span class='ocrx_word' id='word_1_370' title='bbox 46 3251 106 3287; x_wconf 82' lang='lat' dir='ltr'><strong>hic</strong></span> <span class='ocrx_word' id='word_1_371' title='bbox 130 3250 262 3287; x_wconf 80' lang='lat' dir='ltr'><strong>oblatae</strong></span> <span class='ocrx_word' id='word_1_372' title='bbox 281 3254 446 3300; x_wconf 84' lang='lat' dir='ltr'><strong>proprie,</strong></span> <span class='ocrx_word' id='word_1_373' title='bbox 473 3257 557 3303; x_wconf 81' lang='lat' dir='ltr'><strong>quia</strong></span> <span class='ocrx_word' id='word_1_374' title='bbox 589 3254 783 3303; x_wconf 80' lang='lat' dir='ltr'><strong>insperatus</strong></span> <span class='ocrx_word' id='word_1_375' title='bbox 803 3256 899 3293; x_wconf 83' lang='lat' dir='ltr'><strong>casus</strong></span> <span class='ocrx_word' id='word_1_376' title='bbox 930 3255 1081 3294; x_wconf 85' lang='lat' dir='ltr'><strong>offerre-</strong></span> 
     </span>
     <span class='ocr_line' id='line_1_55' title="bbox 46 3300 817 3354; baseline 0.005 -16"><span class='ocrx_word' id='word_1_377' title='bbox 46 3300 106 3339; x_wconf 81' lang='lat' dir='ltr'><strong>bat</strong></span> <span class='ocrx_word' id='word_1_378' title='bbox 128 3301 312 3350; x_wconf 75' lang='lat' dir='ltr'><strong>praedam.</strong></span> <span class='ocrx_word' id='word_1_379' title='bbox 336 3303 385 3339; x_wconf 87' lang='lat' dir='ltr'><strong>ita</strong></span> <span class='ocrx_word' id='word_1_380' title='bbox 409 3305 539 3343; x_wconf 85' lang='lat' dir='ltr'><strong>Noster</strong></span> <span class='ocrx_word' id='word_1_381' title='bbox 560 3318 594 3343; x_wconf 75' lang='lat' dir='ltr'><strong>x.</strong></span> <span class='ocrx_word' id='word_1_382' title='bbox 615 3307 706 3343; x_wconf 72' lang='lat' dir='ltr'><strong>Met.</strong></span> <span class='ocrx_word' id='word_1_383' title='bbox 734 3317 817 3354; x_wconf 79' lang='lat'><strong>591.</strong></span> 
     </span>
    </p>
   </div>
   <div class='ocr_carea' id='block_1_6' title="bbox 2024 957 2178 1005">
    <p class='ocr_par' dir='ltr' id='par_1_16' title="bbox 2024 957 2178 1005">
     <span class='ocr_line' id='line_1_56' title="bbox 2024 957 2178 1005; baseline 0.006 -2"><span class='ocrx_word' id='word_1_384' title='bbox 2024 957 2178 1005; x_wconf 60' lang='lat' dir='ltr'><strong>Fas.</strong></span> 
     </span>
    </p>
   </div>
   <div class='ocr_carea' id='block_1_7' title="bbox 1124 1074 2191 3396">
    <p class='ocr_par' dir='ltr' id='par_1_17' title="bbox 1133 1074 2044 1175">
     <span class='ocr_line' id='line_1_57' title="bbox 1183 1074 1957 1126; baseline 0.008 -18"><span class='ocrx_word' id='word_1_385' title='bbox 1183 1075 1289 1109; x_wconf 67' lang='lat' dir='ltr'><strong>Aura</strong></span> <span class='ocrx_word' id='word_1_386' title='bbox 1310 1075 1413 1122; x_wconf 82' lang='lat' dir='ltr'><strong>refert</strong></span> <span class='ocrx_word' id='word_1_387' title='bbox 1434 1074 1550 1112; x_wconf 73' lang='lat' dir='ltr'><strong>oblata</strong></span> <span class='ocrx_word' id='word_1_388' title='bbox 1568 1074 1643 1112; x_wconf 79' lang='lat' dir='ltr'><strong>citis</strong></span> <span class='ocrx_word' id='word_1_389' title='bbox 1665 1075 1797 1113; x_wconf 75' lang='lat' dir='ltr'><strong>talaria</strong></span> <span class='ocrx_word' id='word_1_390' title='bbox 1812 1076 1957 1126; x_wconf 79' lang='lat' dir='ltr'><strong>plantis.</strong></span> 
     </span>
     <span class='ocr_line' id='line_1_58' title="bbox 1133 1123 2044 1175; baseline 0.003 -12"><span class='ocrx_word' id='word_1_391' title='bbox 1133 1123 1204 1163; x_wconf 87' lang='lat' dir='ltr'><strong>Sed</strong></span> <span class='ocrx_word' id='word_1_392' title='bbox 1226 1123 1272 1161; x_wconf 89' lang='lat' dir='ltr'><strong>de</strong></span> <span class='ocrx_word' id='word_1_393' title='bbox 1289 1124 1342 1162; x_wconf 85' lang='lat' dir='ltr'><strong>his</strong></span> <span class='ocrx_word' id='word_1_394' title='bbox 1366 1125 1467 1174; x_wconf 85' lang='lat' dir='ltr'><strong>plura</strong></span> <span class='ocrx_word' id='word_1_395' title='bbox 1490 1125 1535 1163; x_wconf 84' lang='lat' dir='ltr'><strong>ad</strong></span> <span class='ocrx_word' id='word_1_396' title='bbox 1556 1126 1670 1175; x_wconf 89' lang='lat' dir='ltr'><strong>ipsum</strong></span> <span class='ocrx_word' id='word_1_397' title='bbox 1696 1128 1879 1165; x_wconf 82' lang='lat' dir='ltr'><strong>Flaccum.</strong></span> <span class='ocrx_word' id='word_1_398' title='bbox 1909 1128 2044 1167; x_wconf 70' lang='lat' dir='ltr'><strong>Euam.</strong></span> 
     </span>
    </p>

    <p class='ocr_par' dir='ltr' id='par_1_18' title="bbox 1183 1176 1929 1226">
     <span class='ocr_line' id='line_1_59' title="bbox 1183 1176 1929 1226; baseline 0.004 -14"><span class='ocrx_word' id='word_1_399' title='bbox 1183 1187 1267 1224; x_wconf 81' lang='lat'><strong>250.</strong></span> <span class='ocrx_word' id='word_1_400' title='bbox 1297 1176 1425 1226; x_wconf 82' lang='lat' dir='ltr'><strong>Falsi.]</strong></span> <span class='ocrx_word' id='word_1_401' title='bbox 1458 1177 1558 1225; x_wconf 74' lang='lat' dir='ltr'><strong>Falfiz</strong></span> <span class='ocrx_word' id='word_1_402' title='bbox 1581 1178 1746 1215; x_wconf 87' lang='lat' dir='ltr'><strong>nonnulli</strong></span> <span class='ocrx_word' id='word_1_403' title='bbox 1772 1178 1929 1216; x_wconf 83' lang='lat' dir='ltr'><strong>codices.</strong></span> 
     </span>
    </p>

    <p class='ocr_par' dir='ltr' id='par_1_19' title="bbox 1126 1226 2178 1571">
     <span class='ocr_line' id='line_1_60' title="bbox 1179 1226 2171 1278; baseline 0.005 -15"><span class='ocrx_word' id='word_1_404' title='bbox 1179 1238 1264 1275; x_wconf 80' lang='lat'><strong>251.</strong></span> <span class='ocrx_word' id='word_1_405' title='bbox 1291 1233 1362 1264; x_wconf 88' lang='lat' dir='ltr'><strong>Nec</strong></span> <span class='ocrx_word' id='word_1_406' title='bbox 1384 1226 1600 1278; x_wconf 68' lang='lat' dir='ltr'><strong>nistfinit.2.]</strong></span> <span class='ocrx_word' id='word_1_407' title='bbox 1630 1230 1744 1265; x_wconf 89' lang='lat' dir='ltr'><strong>Hunc</strong></span> <span class='ocrx_word' id='word_1_408' title='bbox 1756 1240 1905 1278; x_wconf 88' lang='lat' dir='ltr'><strong>quoque</strong></span> <span class='ocrx_word' id='word_1_409' title='bbox 1919 1229 2060 1267; x_wconf 79' lang='lat' dir='ltr'><strong>versum</strong></span> <span class='ocrx_word' id='word_1_410' title='bbox 2085 1242 2171 1269; x_wconf 73' lang='lat' dir='ltr'><strong>curn</strong></span> 
     </span>
     <span class='ocr_line' id='line_1_61' title="bbox 1126 1277 2175 1328; baseline 0.005 -14"><span class='ocrx_word' id='word_1_411' title='bbox 1126 1277 1293 1328; x_wconf 86' lang='lat' dir='ltr'><strong>sequenti</strong></span> <span class='ocrx_word' id='word_1_412' title='bbox 1313 1278 1357 1315; x_wconf 88' lang='lat' dir='ltr'><strong>ab</strong></span> <span class='ocrx_word' id='word_1_413' title='bbox 1380 1277 1502 1316; x_wconf 68' lang='lat' dir='ltr'><strong>inscita</strong></span> <span class='ocrx_word' id='word_1_414' title='bbox 1536 1291 1649 1317; x_wconf 83' lang='lat' dir='ltr'><strong>manu</strong></span> <span class='ocrx_word' id='word_1_415' title='bbox 1677 1279 1865 1327; x_wconf 68' lang='lat' dir='ltr'><strong>profceftos</strong></span> <span class='ocrx_word' id='word_1_416' title='bbox 1888 1279 1958 1317; x_wconf 77' lang='lat' dir='ltr'><strong>effe</strong></span> <span class='ocrx_word' id='word_1_417' title='bbox 1989 1280 2067 1318; x_wconf 88' lang='lat' dir='ltr'><strong>sum</strong></span> <span class='ocrx_word' id='word_1_418' title='bbox 2096 1294 2175 1319; x_wconf 84' lang='lat' dir='ltr'><strong>cer—-</strong></span> 
     </span>
     <span class='ocr_line' id='line_1_62' title="bbox 1127 1328 2175 1380; baseline 0.003 -14"><span class='ocrx_word' id='word_1_419' title='bbox 1127 1336 1195 1366; x_wconf 82' lang='lat' dir='ltr'><strong>tus.</strong></span> <span class='ocrx_word' id='word_1_420' title='bbox 1233 1328 1298 1365; x_wconf 91' lang='lat' dir='ltr'><strong>Tu</strong></span> <span class='ocrx_word' id='word_1_421' title='bbox 1321 1328 1570 1367; x_wconf 80' lang='lat' dir='ltr'><strong>foediffimum</strong></span> <span class='ocrx_word' id='word_1_422' title='bbox 1594 1338 1795 1367; x_wconf 86' lang='lat' dir='ltr'><strong>centonem</strong></span> <span class='ocrx_word' id='word_1_423' title='bbox 1816 1331 1919 1379; x_wconf 79' lang='lat' dir='ltr'><strong>abige</strong></span> <span class='ocrx_word' id='word_1_424' title='bbox 1939 1331 1982 1368; x_wconf 85' lang='lat' dir='ltr'><strong>ab</strong></span> <span class='ocrx_word' id='word_1_425' title='bbox 2002 1331 2070 1369; x_wconf 83' lang='lat' dir='ltr'><strong>hac</strong></span> <span class='ocrx_word' id='word_1_426' title='bbox 2090 1344 2175 1380; x_wconf 76' lang='lat' dir='ltr'><strong>pur·</strong></span> 
     </span>
     <span class='ocr_line' id='line_1_63' title="bbox 1127 1379 2175 1430; baseline 0.004 -14"><span class='ocrx_word' id='word_1_427' title='bbox 1127 1391 1226 1428; x_wconf 86' lang='lat' dir='ltr'><strong>pura.</strong></span> <span class='ocrx_word' id='word_1_428' title='bbox 1257 1379 1368 1417; x_wconf 80' lang='lat' dir='ltr'><strong>Certe</strong></span> <span class='ocrx_word' id='word_1_429' title='bbox 1388 1381 1426 1417; x_wconf 91' lang='lat' dir='ltr'><strong>in</strong></span> <span class='ocrx_word' id='word_1_430' title='bbox 1448 1392 1526 1418; x_wconf 90' lang='lat' dir='ltr'><strong>uno</strong></span> <span class='ocrx_word' id='word_1_431' title='bbox 1558 1380 1686 1418; x_wconf 91' lang='lat' dir='ltr'><strong>codice</strong></span> <span class='ocrx_word' id='word_1_432' title='bbox 1701 1409 1711 1425; x_wconf 90' lang='lat'><strong>,</strong></span> <span class='ocrx_word' id='word_1_433' title='bbox 1738 1392 1852 1430; x_wconf 86' lang='lat' dir='ltr'><strong>quem</strong></span> <span class='ocrx_word' id='word_1_434' title='bbox 1873 1383 1928 1419; x_wconf 81' lang='lat' dir='ltr'><strong>vir</strong></span> <span class='ocrx_word' id='word_1_435' title='bbox 1950 1382 2175 1421; x_wconf 68' lang='lat' dir='ltr'><strong>doc‘tiffimus</strong></span> 
     </span>
     <span class='ocr_line' id='line_1_64' title="bbox 1129 1430 2178 1481; baseline 0.002 -13"><span class='ocrx_word' id='word_1_436' title='bbox 1129 1430 1282 1468; x_wconf 81' lang='lat' dir='ltr'><strong>Carolus</strong></span> <span class='ocrx_word' id='word_1_437' title='bbox 1313 1431 1474 1479; x_wconf 82' lang='lat' dir='ltr'><strong>Sprotius</strong></span> <span class='ocrx_word' id='word_1_438' title='bbox 1497 1430 1794 1481; x_wconf 83' lang='lat' dir='ltr'><strong>Aquisgranenfis</strong></span> <span class='ocrx_word' id='word_1_439' title='bbox 1819 1432 1922 1470; x_wconf 89' lang='lat' dir='ltr'><strong>dono</strong></span> <span class='ocrx_word' id='word_1_440' title='bbox 1947 1433 2037 1469; x_wconf 90' lang='lat' dir='ltr'><strong>mihi</strong></span> <span class='ocrx_word' id='word_1_441' title='bbox 2062 1433 2178 1479; x_wconf 82' lang='lat' dir='ltr'><strong>dedit,</strong></span> 
     </span>
     <span class='ocr_line' id='line_1_65' title="bbox 1126 1479 2178 1533; baseline 0.004 -14"><span class='ocrx_word' id='word_1_442' title='bbox 1126 1479 1146 1519; x_wconf 70' lang='lat' dir='ltr'><strong>a</strong></span> <span class='ocrx_word' id='word_1_443' title='bbox 1171 1493 1286 1520; x_wconf 89' lang='lat' dir='ltr'><strong>manu</strong></span> <span class='ocrx_word' id='word_1_444' title='bbox 1315 1482 1510 1520; x_wconf 87' lang='lat' dir='ltr'><strong>recentiori</strong></span> <span class='ocrx_word' id='word_1_445' title='bbox 1532 1482 1725 1532; x_wconf 81' lang='lat' dir='ltr'><strong>adscriptos</strong></span> <span class='ocrx_word' id='word_1_446' title='bbox 1758 1483 1914 1532; x_wconf 85' lang='lat' dir='ltr'><strong>margini</strong></span> <span class='ocrx_word' id='word_1_447' title='bbox 1942 1483 2178 1533; x_wconf 81' lang='lat' dir='ltr'><strong>deprehendi.</strong></span> 
     </span>
     <span class='ocr_line' id='line_1_66' title="bbox 1126 1533 1328 1571; baseline -0.005 -1"><span class='ocrx_word' id='word_1_448' title='bbox 1126 1533 1328 1571; x_wconf 69' lang='lat' dir='ltr'><strong>Hmnsrus.</strong></span> 
     </span>
    </p>

    <p class='ocr_par' dir='ltr' id='par_1_20' title="bbox 1124 1582 2191 3396">
     <span class='ocr_line' id='line_1_67' title="bbox 1176 1582 2187 1633; baseline 0.002 -12"><span class='ocrx_word' id='word_1_449' title='bbox 1176 1596 1261 1632; x_wconf 80' lang='lat'><strong>251.</strong></span> <span class='ocrx_word' id='word_1_450' title='bbox 1288 1582 1411 1621; x_wconf 69' lang='lat' dir='ltr'><strong>Finitd</strong></span> <span class='ocrx_word' id='word_1_451' title='bbox 1431 1583 1554 1633; x_wconf 53' lang='lat' dir='ltr'><strong>vad]</strong></span> <span class='ocrx_word' id='word_1_452' title='bbox 1591 1584 1826 1622; x_wconf 67' lang='lat' dir='ltr'><strong>Actaeonem</strong></span> <span class='ocrx_word' id='word_1_453' title='bbox 1861 1583 1882 1621; x_wconf 68' lang='lat'><strong>{1</strong></span> <span class='ocrx_word' id='word_1_454' title='bbox 1911 1585 2005 1622; x_wconf 86' lang='lat' dir='ltr'><strong>veris</strong></span> <span class='ocrx_word' id='word_1_455' title='bbox 2027 1584 2187 1623; x_wconf 80' lang='lat' dir='ltr'><strong>canibus</strong></span> 
     </span>
     <span class='ocr_line' id='line_1_68' title="bbox 1125 1633 2178 1684; baseline 0.002 -12"><span class='ocrx_word' id='word_1_456' title='bbox 1125 1633 1325 1672; x_wconf 82' lang='lat' dir='ltr'><strong>laceratum</strong></span> <span class='ocrx_word' id='word_1_457' title='bbox 1361 1634 1458 1683; x_wconf 90' lang='lat' dir='ltr'><strong>apud</strong></span> <span class='ocrx_word' id='word_1_458' title='bbox 1481 1635 1717 1680; x_wconf 82' lang='lat' dir='ltr'><strong>Corinthios,</strong></span> <span class='ocrx_word' id='word_1_459' title='bbox 1743 1634 1921 1684; x_wconf 83' lang='lat' dir='ltr'><strong>hujusque</strong></span> <span class='ocrx_word' id='word_1_460' title='bbox 1952 1634 2056 1673; x_wconf 85' lang='lat' dir='ltr'><strong>fuiffe</strong></span> <span class='ocrx_word' id='word_1_461' title='bbox 2087 1637 2178 1674; x_wconf 84' lang='lat' dir='ltr'><strong>faci-</strong></span> 
     </span>
     <span class='ocr_line' id='line_1_69' title="bbox 1125 1685 2177 1735; baseline 0.001 -12"><span class='ocrx_word' id='word_1_462' title='bbox 1125 1686 1224 1724; x_wconf 77' lang='lat' dir='ltr'><strong>noris</strong></span> <span class='ocrx_word' id='word_1_463' title='bbox 1247 1687 1417 1723; x_wconf 87' lang='lat' dir='ltr'><strong>authores</strong></span> <span class='ocrx_word' id='word_1_464' title='bbox 1436 1685 1634 1724; x_wconf 83' lang='lat' dir='ltr'><strong>Bacchides</strong></span> <span class='ocrx_word' id='word_1_465' title='bbox 1654 1687 1763 1724; x_wconf 89' lang='lat' dir='ltr'><strong>refert</strong></span> <span class='ocrx_word' id='word_1_466' title='bbox 1786 1687 1890 1724; x_wconf 84' lang='lat' dir='ltr'><strong>Max.</strong></span> <span class='ocrx_word' id='word_1_467' title='bbox 1914 1686 2064 1735; x_wconf 86' lang='lat' dir='ltr'><strong>Tyrius.</strong></span> <span class='ocrx_word' id='word_1_468' title='bbox 2098 1688 2177 1724; x_wconf 90' lang='lat' dir='ltr'><strong>Ste-</strong></span> 
     </span>
     <span class='ocr_line' id='line_1_70' title="bbox 1127 1735 2187 1786; baseline 0.001 -13"><span class='ocrx_word' id='word_1_469' title='bbox 1127 1735 1288 1775; x_wconf 88' lang='lat' dir='ltr'><strong>fichorus</strong></span> <span class='ocrx_word' id='word_1_470' title='bbox 1310 1736 1432 1786; x_wconf 87' lang='lat' dir='ltr'><strong>prodit</strong></span> <span class='ocrx_word' id='word_1_471' title='bbox 1456 1766 1466 1782; x_wconf 94' lang='lat'>‚</span> <span class='ocrx_word' id='word_1_472' title='bbox 1505 1749 1592 1774; x_wconf 91' lang='lat' dir='ltr'><strong>eum</strong></span> <span class='ocrx_word' id='word_1_473' title='bbox 1616 1736 1636 1775; x_wconf 75' lang='lat' dir='ltr'><strong>a</strong></span> <span class='ocrx_word' id='word_1_474' title='bbox 1659 1738 1782 1775; x_wconf 85' lang='lat' dir='ltr'><strong>Diana</strong></span> <span class='ocrx_word' id='word_1_475' title='bbox 1803 1737 1896 1786; x_wconf 89' lang='lat' dir='ltr'><strong>pelle</strong></span> <span class='ocrx_word' id='word_1_476' title='bbox 1923 1736 2070 1775; x_wconf 66' lang='lat' dir='ltr'><strong>cervina</strong></span> <span class='ocrx_word' id='word_1_477' title='bbox 2109 1738 2187 1775; x_wconf 91' lang='lat' dir='ltr'><strong>cir--</strong></span> 
     </span>
     <span class='ocr_line' id='line_1_71' title="bbox 1128 1788 2173 1837; baseline 0.002 -13"><span class='ocrx_word' id='word_1_478' title='bbox 1128 1788 1368 1833; x_wconf 81' lang='lat' dir='ltr'><strong>eumd-atum,</strong></span> <span class='ocrx_word' id='word_1_479' title='bbox 1394 1788 1633 1837; x_wconf 88' lang='lat' dir='ltr'><strong>incitatosque</strong></span> <span class='ocrx_word' id='word_1_480' title='bbox 1659 1789 1703 1825; x_wconf 87' lang='lat' dir='ltr'><strong>ab</strong></span> <span class='ocrx_word' id='word_1_481' title='bbox 1723 1788 1764 1826; x_wconf 70' lang='lat' dir='ltr'><strong>ea</strong></span> <span class='ocrx_word' id='word_1_482' title='bbox 1791 1788 1830 1826; x_wconf 88' lang='lat' dir='ltr'><strong>in</strong></span> <span class='ocrx_word' id='word_1_483' title='bbox 1857 1788 2009 1825; x_wconf 85' lang='lat' dir='ltr'><strong>herilem</strong></span> <span class='ocrx_word' id='word_1_484' title='bbox 2039 1800 2173 1827; x_wconf 87' lang='lat' dir='ltr'><strong>necem</strong></span> 
     </span>
     <span class='ocr_line' id='line_1_72' title="bbox 1129 1838 2177 1884; baseline 0 -8"><span class='ocrx_word' id='word_1_485' title='bbox 1129 1850 1258 1884; x_wconf 87' lang='lat' dir='ltr'><strong>canes,</strong></span> <span class='ocrx_word' id='word_1_486' title='bbox 1284 1851 1332 1876; x_wconf 90' lang='lat' dir='ltr'><strong>ne</strong></span> <span class='ocrx_word' id='word_1_487' title='bbox 1359 1839 1533 1876; x_wconf 60' lang='lat' dir='ltr'><strong>Anaeon</strong></span> <span class='ocrx_word' id='word_1_488' title='bbox 1564 1839 1735 1877; x_wconf 88' lang='lat' dir='ltr'><strong>Semelen</strong></span> <span class='ocrx_word' id='word_1_489' title='bbox 1765 1839 1803 1876; x_wconf 90' lang='lat' dir='ltr'><strong>in</strong></span> <span class='ocrx_word' id='word_1_490' title='bbox 1834 1851 1990 1876; x_wconf 81' lang='lat' dir='ltr'><strong>uxorem</strong></span> <span class='ocrx_word' id='word_1_491' title='bbox 2015 1838 2177 1877; x_wconf 89' lang='lat' dir='ltr'><strong>duceret.</strong></span> 
     </span>
     <span class='ocr_line' id='line_1_73' title="bbox 1128 1889 2177 1939; baseline 0.003 -13"><span class='ocrx_word' id='word_1_492' title='bbox 1128 1890 1215 1928; x_wconf 86' lang='lat' dir='ltr'><strong>vide</strong></span> <span class='ocrx_word' id='word_1_493' title='bbox 1235 1889 1384 1928; x_wconf 86' lang='lat' dir='ltr'><strong>Pausan.</strong></span> <span class='ocrx_word' id='word_1_494' title='bbox 1404 1889 1442 1927; x_wconf 90' lang='lat' dir='ltr'><strong>in</strong></span> <span class='ocrx_word' id='word_1_495' title='bbox 1473 1890 1607 1927; x_wconf 88' lang='lat' dir='ltr'><strong>Boeot.</strong></span> <span class='ocrx_word' id='word_1_496' title='bbox 1634 1890 1727 1928; x_wconf 86' lang='lat' dir='ltr'><strong>Pier.</strong></span> <span class='ocrx_word' id='word_1_497' title='bbox 1759 1889 1927 1939; x_wconf 88' lang='lat' dir='ltr'><strong>Hierogl.</strong></span> <span class='ocrx_word' id='word_1_498' title='bbox 1959 1901 1991 1936; x_wconf 95' lang='lat'><strong>7.</strong></span> <span class='ocrx_word' id='word_1_499' title='bbox 2023 1890 2045 1927; x_wconf 94' lang='lat' dir='ltr'><strong>l.</strong></span> <span class='ocrx_word' id='word_1_500' title='bbox 2075 1891 2177 1939; x_wconf 88' lang='lat' dir='ltr'><strong>quod</strong></span> 
     </span>
     <span class='ocr_line' id='line_1_74' title="bbox 1131 1939 2179 1988; baseline 0 -9"><span class='ocrx_word' id='word_1_501' title='bbox 1131 1942 1171 1979; x_wconf 91' lang='lat'>&amp;</span> <span class='ocrx_word' id='word_1_502' title='bbox 1192 1941 1257 1979; x_wconf 88' lang='lat' dir='ltr'><strong>suo</strong></span> <span class='ocrx_word' id='word_1_503' title='bbox 1279 1949 1451 1988; x_wconf 90' lang='lat' dir='ltr'><strong>tempore</strong></span> <span class='ocrx_word' id='word_1_504' title='bbox 1479 1940 1600 1979; x_wconf 86' lang='lat' dir='ltr'><strong>multis</strong></span> <span class='ocrx_word' id='word_1_505' title='bbox 1623 1941 1857 1979; x_wconf 81' lang='lat' dir='ltr'><strong>venatoribus</strong></span> <span class='ocrx_word' id='word_1_506' title='bbox 1880 1939 2002 1978; x_wconf 84' lang='lat' dir='ltr'><strong>Corfis</strong></span> <span class='ocrx_word' id='word_1_507' title='bbox 2032 1941 2179 1979; x_wconf 82' lang='lat' dir='ltr'><strong>accidis-</strong></span> 
     </span>
     <span class='ocr_line' id='line_1_75' title="bbox 1128 1991 2175 2042; baseline 0.001 -13"><span class='ocrx_word' id='word_1_508' title='bbox 1128 1991 1227 2038; x_wconf 91' lang='lat' dir='ltr'><strong>se‚ut</strong></span> <span class='ocrx_word' id='word_1_509' title='bbox 1249 1991 1270 2030; x_wconf 69' lang='lat' dir='ltr'><strong>a</strong></span> <span class='ocrx_word' id='word_1_510' title='bbox 1293 1992 1440 2029; x_wconf 83' lang='lat' dir='ltr'><strong>canibus</strong></span> <span class='ocrx_word' id='word_1_511' title='bbox 1459 1991 1540 2037; x_wconf 88' lang='lat' dir='ltr'><strong>suis,</strong></span> <span class='ocrx_word' id='word_1_512' title='bbox 1559 1992 1683 2030; x_wconf 90' lang='lat' dir='ltr'><strong>furore</strong></span> <span class='ocrx_word' id='word_1_513' title='bbox 1712 1992 1875 2042; x_wconf 84' lang='lat' dir='ltr'><strong>quodam</strong></span> <span class='ocrx_word' id='word_1_514' title='bbox 1899 1991 2002 2036; x_wconf 67' lang='lat' dir='ltr'><strong>aeas,</strong></span> <span class='ocrx_word' id='word_1_515' title='bbox 2024 1991 2175 2030; x_wconf 55' lang='lat' dir='ltr'><strong>duania«</strong></span> 
     </span>
     <span class='ocr_line' id='line_1_76' title="bbox 1129 2042 2181 2092; baseline 0 -12"><span class='ocrx_word' id='word_1_516' title='bbox 1129 2051 1279 2088; x_wconf 89' lang='lat' dir='ltr'><strong>rentur,</strong></span> <span class='ocrx_word' id='word_1_517' title='bbox 1304 2044 1414 2080; x_wconf 85' lang='lat' dir='ltr'><strong>refert</strong></span> <span class='ocrx_word' id='word_1_518' title='bbox 1445 2043 1513 2088; x_wconf 90' lang='lat' dir='ltr'><strong>Jul.</strong></span> <span class='ocrx_word' id='word_1_519' title='bbox 1547 2043 1703 2092; x_wconf 84' lang='lat' dir='ltr'><strong>Scaliger</strong></span> <span class='ocrx_word' id='word_1_520' title='bbox 1725 2073 1736 2088; x_wconf 89' lang='lat'><strong>,</strong></span> <span class='ocrx_word' id='word_1_521' title='bbox 1782 2042 2003 2081; x_wconf 85' lang='lat' dir='ltr'><strong>Comment.</strong></span> <span class='ocrx_word' id='word_1_522' title='bbox 2035 2042 2071 2080; x_wconf 90' lang='lat' dir='ltr'><strong>in</strong></span> <span class='ocrx_word' id='word_1_523' title='bbox 2095 2044 2181 2080; x_wconf 81' lang='lat' dir='ltr'><strong>Ari-</strong></span> 
     </span>
     <span class='ocr_line' id='line_1_77' title="bbox 1129 2092 2178 2142; baseline 0 -11"><span class='ocrx_word' id='word_1_524' title='bbox 1129 2093 1297 2131; x_wconf 87' lang='lat' dir='ltr'><strong>stotelem</strong></span> <span class='ocrx_word' id='word_1_525' title='bbox 1320 2094 1343 2131; x_wconf 93' lang='grc'><strong>1.</strong></span> <span class='ocrx_word' id='word_1_526' title='bbox 1376 2106 1402 2130; x_wconf 91' lang='lat'><strong>1.</strong></span> <span class='ocrx_word' id='word_1_527' title='bbox 1427 2093 1472 2130; x_wconf 84' lang='lat' dir='ltr'><strong>de</strong></span> <span class='ocrx_word' id='word_1_528' title='bbox 1493 2094 1632 2142; x_wconf 88' lang='lat' dir='ltr'><strong>plantis.</strong></span> <span class='ocrx_word' id='word_1_529' title='bbox 1662 2093 1759 2131; x_wconf 80' lang='lat' dir='ltr'><strong>rabie</strong></span> <span class='ocrx_word' id='word_1_530' title='bbox 1790 2094 1834 2131; x_wconf 79' lang='lat' dir='ltr'><strong>se.</strong></span> <span class='ocrx_word' id='word_1_531' title='bbox 1866 2094 1904 2132; x_wconf 85' lang='lat' dir='ltr'><strong>in</strong></span> <span class='ocrx_word' id='word_1_532' title='bbox 1936 2092 2083 2131; x_wconf 84' lang='lat' dir='ltr'><strong>canibus</strong></span> <span class='ocrx_word' id='word_1_533' title='bbox 2114 2105 2178 2142; x_wconf 85' lang='lat' dir='ltr'><strong>per</strong></span> 
     </span>
     <span class='ocr_line' id='line_1_78' title="bbox 1127 2143 2181 2193; baseline -0.001 -11"><span class='ocrx_word' id='word_1_534' title='bbox 1127 2144 1202 2182; x_wconf 88' lang='lat' dir='ltr'><strong>dies</strong></span> <span class='ocrx_word' id='word_1_535' title='bbox 1230 2144 1463 2183; x_wconf 81' lang='lat' dir='ltr'><strong>Caniculares</strong></span> <span class='ocrx_word' id='word_1_536' title='bbox 1495 2143 1682 2193; x_wconf 73' lang='lat' dir='ltr'><strong>grassante.</strong></span> <span class='ocrx_word' id='word_1_537' title='bbox 1715 2145 1835 2182; x_wconf 83' lang='lat' dir='ltr'><strong>Natal.</strong></span> <span class='ocrx_word' id='word_1_538' title='bbox 1870 2145 1982 2181; x_wconf 87' lang='lat' dir='ltr'><strong>Com.</strong></span> <span class='ocrx_word' id='word_1_539' title='bbox 2006 2143 2083 2180; x_wconf 80' lang='lat'><strong>6.1.</strong></span> <span class='ocrx_word' id='word_1_540' title='bbox 2114 2156 2181 2190; x_wconf 61' lang='lat'><strong>24:</strong></span> 
     </span>
     <span class='ocr_line' id='line_1_79' title="bbox 1127 2193 2185 2246; baseline 0 -14"><span class='ocrx_word' id='word_1_541' title='bbox 1127 2195 1218 2232; x_wconf 89' lang='lat' dir='ltr'><strong>Sunt</strong></span> <span class='ocrx_word' id='word_1_542' title='bbox 1238 2196 1300 2246; x_wconf 86' lang='lat' dir='ltr'><strong>qui</strong></span> <span class='ocrx_word' id='word_1_543' title='bbox 1323 2195 1556 2232; x_wconf 68' lang='lat' dir='ltr'><strong>Actaeonem</strong></span> <span class='ocrx_word' id='word_1_544' title='bbox 1571 2224 1580 2239; x_wconf 94' lang='lat'>‚</span> <span class='ocrx_word' id='word_1_545' title='bbox 1600 2196 1763 2244; x_wconf 61' lang='lat' dir='ltr'><strong>neglecta</strong></span> <span class='ocrx_word' id='word_1_546' title='bbox 1780 2195 1831 2232; x_wconf 87' lang='lat' dir='ltr'><strong>rei</strong></span> <span class='ocrx_word' id='word_1_547' title='bbox 1851 2193 2073 2232; x_wconf 85' lang='lat' dir='ltr'><strong>domesticae</strong></span> <span class='ocrx_word' id='word_1_548' title='bbox 2092 2194 2185 2232; x_wconf 50' lang='lat' dir='ltr'><strong>cura</strong></span> 
     </span>
     <span class='ocr_line' id='line_1_80' title="bbox 1125 2243 2188 2295; baseline 0.001 -13"><span class='ocrx_word' id='word_1_549' title='bbox 1125 2254 1275 2295; x_wconf 88' lang='lat' dir='ltr'><strong>propter</strong></span> <span class='ocrx_word' id='word_1_550' title='bbox 1302 2246 1510 2283; x_wconf 83' lang='lat' dir='ltr'><strong>venationis</strong></span> <span class='ocrx_word' id='word_1_551' title='bbox 1546 2246 1703 2284; x_wconf 88' lang='lat' dir='ltr'><strong>studium</strong></span> <span class='ocrx_word' id='word_1_552' title='bbox 1730 2275 1741 2291; x_wconf 92' lang='lat'><strong>,</strong></span> <span class='ocrx_word' id='word_1_553' title='bbox 1780 2243 1963 2283; x_wconf 86' lang='lat' dir='ltr'><strong>decoxiffe</strong></span> <span class='ocrx_word' id='word_1_554' title='bbox 1995 2244 2142 2282; x_wconf 86' lang='lat' dir='ltr'><strong>tradunt</strong></span> <span class='ocrx_word' id='word_1_555' title='bbox 2165 2273 2188 2291; x_wconf 63' lang='lat'><strong>⁹.</strong></span> 
     </span>
     <span class='ocr_line' id='line_1_81' title="bbox 1133 2294 2186 2335; baseline -0.002 -1"><span class='ocrx_word' id='word_1_556' title='bbox 1133 2296 1224 2334; x_wconf 92' lang='lat' dir='ltr'><strong>dum</strong></span> <span class='ocrx_word' id='word_1_557' title='bbox 1256 2297 1412 2335; x_wconf 83' lang='lat' dir='ltr'><strong>nimiam</strong></span> <span class='ocrx_word' id='word_1_558' title='bbox 1444 2308 1578 2334; x_wconf 87' lang='lat' dir='ltr'><strong>canum</strong></span> <span class='ocrx_word' id='word_1_559' title='bbox 1618 2298 1695 2335; x_wconf 88' lang='lat' dir='ltr'><strong>vim</strong></span> <span class='ocrx_word' id='word_1_560' title='bbox 1737 2298 1775 2334; x_wconf 68' lang='grc' dir='ltr'>ἃ</span> <span class='ocrx_word' id='word_1_561' title='bbox 1814 2306 2010 2334; x_wconf 88' lang='lat' dir='ltr'><strong>numerum</strong></span> <span class='ocrx_word' id='word_1_562' title='bbox 2052 2294 2186 2333; x_wconf 40' lang='lat' dir='ltr'><strong>aleret..</strong></span> 
     </span>
     <span class='ocr_line' id='line_1_82' title="bbox 1131 2345 2172 2397; baseline -0.001 -12"><span class='ocrx_word' id='word_1_563' title='bbox 1131 2348 1207 2385; x_wconf 88' lang='lat' dir='ltr'><strong>Alii</strong></span> <span class='ocrx_word' id='word_1_564' title='bbox 1229 2348 1275 2386; x_wconf 87' lang='lat' dir='ltr'><strong>ad</strong></span> <span class='ocrx_word' id='word_1_565' title='bbox 1297 2347 1470 2397; x_wconf 81' lang='lat' dir='ltr'><strong>prodigos</strong></span> <span class='ocrx_word' id='word_1_566' title='bbox 1498 2349 1661 2386; x_wconf 83' lang='lat' dir='ltr'><strong>referunt</strong></span> <span class='ocrx_word' id='word_1_567' title='bbox 1675 2348 1759 2397; x_wconf 89' lang='lat' dir='ltr'><strong>‚qui</strong></span> <span class='ocrx_word' id='word_1_568' title='bbox 1778 2347 1901 2394; x_wconf 91' lang='lat' dir='ltr'><strong>promi</strong></span> <span class='ocrx_word' id='word_1_569' title='bbox 1923 2345 2037 2394; x_wconf 85' lang='lat' dir='ltr'><strong>magis</strong></span> <span class='ocrx_word' id='word_1_570' title='bbox 2058 2357 2172 2395; x_wconf 86' lang='lat' dir='ltr'><strong>quam</strong></span> 
     </span>
     <span class='ocr_line' id='line_1_83' title="bbox 1133 2397 2188 2447; baseline -0.001 -11"><span class='ocrx_word' id='word_1_571' title='bbox 1133 2398 1244 2436; x_wconf 90' lang='lat' dir='ltr'><strong>condi</strong></span> <span class='ocrx_word' id='word_1_572' title='bbox 1272 2399 1438 2447; x_wconf 83' lang='lat' dir='ltr'><strong>impuros</strong></span> <span class='ocrx_word' id='word_1_573' title='bbox 1459 2397 1652 2447; x_wconf 82' lang='lat' dir='ltr'><strong>parasitos,</strong></span> <span class='ocrx_word' id='word_1_574' title='bbox 1679 2397 1926 2446; x_wconf 83' lang='lat' dir='ltr'><strong>praedatorios</strong></span> <span class='ocrx_word' id='word_1_575' title='bbox 1949 2425 1959 2440; x_wconf 93' lang='lat'>‚</span> <span class='ocrx_word' id='word_1_576' title='bbox 1986 2407 2188 2445; x_wconf 64' lang='lat' dir='ltr'><strong>ganeones&gt;</strong></span> 
     </span>
     <span class='ocr_line' id='line_1_84' title="bbox 1132 2447 2177 2497; baseline 0 -11"><span class='ocrx_word' id='word_1_577' title='bbox 1132 2450 1171 2486; x_wconf 67' lang='grc' dir='ltr'><strong>ὅ(</strong></span> <span class='ocrx_word' id='word_1_578' title='bbox 1194 2450 1325 2486; x_wconf 87' lang='lat' dir='ltr'><strong>ollares</strong></span> <span class='ocrx_word' id='word_1_579' title='bbox 1345 2449 1486 2486; x_wconf 86' lang='lat' dir='ltr'><strong>amicos</strong></span> <span class='ocrx_word' id='word_1_580' title='bbox 1511 2448 1669 2492; x_wconf 65' lang='lat' dir='ltr'><strong>alunt331</strong></span> <span class='ocrx_word' id='word_1_581' title='bbox 1688 2448 1817 2497; x_wconf 89' lang='lat' dir='ltr'><strong>quibus</strong></span> <span class='ocrx_word' id='word_1_582' title='bbox 1840 2447 2000 2484; x_wconf 81' lang='lat' dir='ltr'><strong>exhausti</strong></span> <span class='ocrx_word' id='word_1_583' title='bbox 2021 2456 2177 2495; x_wconf 84' lang='lat' dir='ltr'><strong>pereunt</strong></span> 
     </span>
     <span class='ocr_line' id='line_1_85' title="bbox 1132 2497 2180 2547; baseline 0.001 -11"><span class='ocrx_word' id='word_1_584' title='bbox 1132 2498 1151 2536; x_wconf 70' lang='lat'><strong>{1</strong></span> <span class='ocrx_word' id='word_1_585' title='bbox 1175 2511 1212 2536; x_wconf 89' lang='lat' dir='ltr'><strong>re</strong></span> <span class='ocrx_word' id='word_1_586' title='bbox 1236 2501 1274 2536; x_wconf 63' lang='grc' dir='ltr'><strong>ὃς</strong></span> <span class='ocrx_word' id='word_1_587' title='bbox 1295 2500 1354 2547; x_wconf 89' lang='lat' dir='ltr'><strong>spe</strong></span> <span class='ocrx_word' id='word_1_588' title='bbox 1374 2499 1481 2536; x_wconf 72' lang='lat' dir='ltr'><strong>bona.</strong></span> <span class='ocrx_word' id='word_1_589' title='bbox 1508 2499 1628 2546; x_wconf 85' lang='lat' dir='ltr'><strong>Barpt.</strong></span> <span class='ocrx_word' id='word_1_590' title='bbox 1649 2499 1811 2543; x_wconf 84' lang='lat' dir='ltr'><strong>Anulus,</strong></span> <span class='ocrx_word' id='word_1_591' title='bbox 1835 2499 1873 2536; x_wconf 69' lang='grc' dir='ltr'><strong>δε</strong></span> <span class='ocrx_word' id='word_1_592' title='bbox 1895 2497 2071 2535; x_wconf 83' lang='lat' dir='ltr'><strong>Alciatus.</strong></span> <span class='ocrx_word' id='word_1_593' title='bbox 2100 2498 2180 2537; x_wconf 85' lang='lat' dir='ltr'><strong>Alii</strong></span> 
     </span>
     <span class='ocr_line' id='line_1_86' title="bbox 1133 2548 2179 2598; baseline 0.001 -12"><span class='ocrx_word' id='word_1_594' title='bbox 1133 2549 1179 2586; x_wconf 88' lang='lat' dir='ltr'><strong>ad</strong></span> <span class='ocrx_word' id='word_1_595' title='bbox 1206 2549 1380 2586; x_wconf 85' lang='lat' dir='ltr'><strong>aleatores</strong></span> <span class='ocrx_word' id='word_1_596' title='bbox 1401 2548 1561 2597; x_wconf 84' lang='lat' dir='ltr'><strong>perditos</strong></span> <span class='ocrx_word' id='word_1_597' title='bbox 1577 2549 1726 2586; x_wconf 82' lang='lat' dir='ltr'><strong>allusum</strong></span> <span class='ocrx_word' id='word_1_598' title='bbox 1750 2549 1881 2586; x_wconf 86' lang='lat' dir='ltr'><strong>volunt</strong></span> <span class='ocrx_word' id='word_1_599' title='bbox 1895 2577 1905 2594; x_wconf 92' lang='lat'>‚</span> <span class='ocrx_word' id='word_1_600' title='bbox 1918 2548 2046 2598; x_wconf 87' lang='lat' dir='ltr'><strong>quibus</strong></span> <span class='ocrx_word' id='word_1_601' title='bbox 2057 2549 2179 2587; x_wconf 85' lang='lat' dir='ltr'><strong>Dam-</strong></span> 
     </span>
     <span class='ocr_line' id='line_1_87' title="bbox 1132 2598 2176 2649; baseline 0.001 -13"><span class='ocrx_word' id='word_1_602' title='bbox 1132 2599 1212 2636; x_wconf 83' lang='lat' dir='ltr'><strong>nofi</strong></span> <span class='ocrx_word' id='word_1_603' title='bbox 1231 2599 1373 2647; x_wconf 78' lang='lat' dir='ltr'><strong>sem‘per</strong></span> <span class='ocrx_word' id='word_1_604' title='bbox 1391 2598 1581 2636; x_wconf 82' lang='lat' dir='ltr'><strong>subsiluere</strong></span> <span class='ocrx_word' id='word_1_605' title='bbox 1610 2601 1729 2637; x_wconf 82' lang='lat' dir='ltr'><strong>Canes</strong></span> <span class='ocrx_word' id='word_1_606' title='bbox 1744 2628 1754 2644; x_wconf 95' lang='lat'><strong>,</strong></span> <span class='ocrx_word' id='word_1_607' title='bbox 1776 2600 1893 2649; x_wconf 69' lang='lat' dir='ltr'><strong>jactus</strong></span> <span class='ocrx_word' id='word_1_608' title='bbox 1921 2600 1967 2637; x_wconf 88' lang='lat' dir='ltr'><strong>sc.</strong></span> <span class='ocrx_word' id='word_1_609' title='bbox 1997 2599 2099 2636; x_wconf 81' lang='lat' dir='ltr'><strong>aleae</strong></span> <span class='ocrx_word' id='word_1_610' title='bbox 2119 2601 2176 2637; x_wconf 88' lang='lat' dir='ltr'><strong>in-</strong></span> 
     </span>
     <span class='ocr_line' id='line_1_88' title="bbox 1132 2648 2179 2701; baseline 0.002 -15"><span class='ocrx_word' id='word_1_611' title='bbox 1132 2649 1237 2686; x_wconf 77' lang='lat' dir='ltr'><strong>fausti</strong></span> <span class='ocrx_word' id='word_1_612' title='bbox 1258 2648 1511 2699; x_wconf 87' lang='lat' dir='ltr'><strong>damnofique.</strong></span> <span class='ocrx_word' id='word_1_613' title='bbox 1547 2649 1610 2686; x_wconf 84' lang='lat' dir='ltr'><strong>Ad</strong></span> <span class='ocrx_word' id='word_1_614' title='bbox 1634 2651 1814 2700; x_wconf 86' lang='lat' dir='ltr'><strong>principes</strong></span> <span class='ocrx_word' id='word_1_615' title='bbox 1843 2650 2001 2698; x_wconf 69' lang='lat' dir='ltr'><strong>speetare</strong></span> <span class='ocrx_word' id='word_1_616' title='bbox 2032 2651 2179 2701; x_wconf 88' lang='lat' dir='ltr'><strong>epimy-</strong></span> 
     </span>
     <span class='ocr_line' id='line_1_89' title="bbox 1132 2699 2184 2750; baseline 0.003 -13"><span class='ocrx_word' id='word_1_617' title='bbox 1132 2700 1239 2737; x_wconf 85' lang='lat' dir='ltr'><strong>thion</strong></span> <span class='ocrx_word' id='word_1_618' title='bbox 1277 2699 1409 2737; x_wconf 86' lang='lat' dir='ltr'><strong>volunt</strong></span> <span class='ocrx_word' id='word_1_619' title='bbox 1447 2701 1648 2746; x_wconf 88' lang='lat' dir='ltr'><strong>nonnulli,</strong></span> <span class='ocrx_word' id='word_1_620' title='bbox 1687 2701 1782 2749; x_wconf 86' lang='lat' dir='ltr'><strong>apud</strong></span> <span class='ocrx_word' id='word_1_621' title='bbox 1810 2712 1903 2750; x_wconf 86' lang='lat' dir='ltr'><strong>quos</strong></span> <span class='ocrx_word' id='word_1_622' title='bbox 1933 2701 2184 2750; x_wconf 83' lang='lat' dir='ltr'><strong>gratiosorum</strong></span> 
     </span>
     <span class='ocr_line' id='line_1_90' title="bbox 1132 2751 2174 2800; baseline 0.003 -13"><span class='ocrx_word' id='word_1_623' title='bbox 1132 2758 1415 2799; x_wconf 84' lang='lat' dir='ltr'><strong>purpuratorum</strong></span> <span class='ocrx_word' id='word_1_624' title='bbox 1438 2751 1550 2800; x_wconf 82' lang='lat' dir='ltr'><strong>gratia</strong></span> <span class='ocrx_word' id='word_1_625' title='bbox 1582 2752 1679 2789; x_wconf 85' lang='lat' dir='ltr'><strong>valet</strong></span> <span class='ocrx_word' id='word_1_626' title='bbox 1719 2751 1766 2789; x_wconf 85' lang='lat' dir='ltr'><strong>ad</strong></span> <span class='ocrx_word' id='word_1_627' title='bbox 1797 2752 1927 2789; x_wconf 85' lang='lat' dir='ltr'><strong>odium</strong></span> <span class='ocrx_word' id='word_1_628' title='bbox 1960 2753 1997 2789; x_wconf 87' lang='lat'>&amp;</span> <span class='ocrx_word' id='word_1_629' title='bbox 2028 2752 2174 2790; x_wconf 84' lang='lat' dir='ltr'><strong>ruinam</strong></span> 
     </span>
     <span class='ocr_line' id='line_1_91' title="bbox 1131 2801 2176 2850; baseline 0.002 -12"><span class='ocrx_word' id='word_1_630' title='bbox 1131 2802 1350 2850; x_wconf 84' lang='lat' dir='ltr'><strong>principum.</strong></span> <span class='ocrx_word' id='word_1_631' title='bbox 1389 2801 1561 2839; x_wconf 80' lang='lat' dir='ltr'><strong>Curiosos</strong></span> <span class='ocrx_word' id='word_1_632' title='bbox 1582 2802 1788 2840; x_wconf 80' lang='lat' dir='ltr'><strong>alienorum</strong></span> <span class='ocrx_word' id='word_1_633' title='bbox 1809 2801 2044 2840; x_wconf 84' lang='lat' dir='ltr'><strong>consiliorum</strong></span> <span class='ocrx_word' id='word_1_634' title='bbox 2064 2804 2176 2841; x_wconf 63' lang='lat' dir='ltr'><strong>rima-2</strong></span> 
     </span>
     <span class='ocr_line' id='line_1_92' title="bbox 1130 2851 2176 2901; baseline 0.003 -13"><span class='ocrx_word' id='word_1_635' title='bbox 1130 2859 1226 2889; x_wconf 89' lang='lat' dir='ltr'><strong>tores</strong></span> <span class='ocrx_word' id='word_1_636' title='bbox 1256 2851 1447 2901; x_wconf 73' lang='lat' dir='ltr'><strong>significari</strong></span> <span class='ocrx_word' id='word_1_637' title='bbox 1473 2852 1559 2890; x_wconf 81' lang='lat' dir='ltr'><strong>hinc</strong></span> <span class='ocrx_word' id='word_1_638' title='bbox 1596 2853 1744 2891; x_wconf 84' lang='lat' dir='ltr'><strong>videtur</strong></span> <span class='ocrx_word' id='word_1_639' title='bbox 1773 2853 1961 2891; x_wconf 85' lang='lat' dir='ltr'><strong>Arnobius</strong></span> <span class='ocrx_word' id='word_1_640' title='bbox 1994 2866 2028 2891; x_wconf 89' lang='lat'><strong>2.</strong></span> <span class='ocrx_word' id='word_1_641' title='bbox 2058 2854 2080 2892; x_wconf 92' lang='lat' dir='ltr'><strong>l.</strong></span> <span class='ocrx_word' id='word_1_642' title='bbox 2127 2855 2176 2891; x_wconf 85' lang='lat' dir='ltr'><strong>Et</strong></span> 
     </span>
     <span class='ocr_line' id='line_1_93' title="bbox 1128 2902 2175 2954; baseline 0.001 -15"><span class='ocrx_word' id='word_1_643' title='bbox 1128 2902 1298 2950; x_wconf 87' lang='lat' dir='ltr'><strong>spolietur</strong></span> <span class='ocrx_word' id='word_1_644' title='bbox 1323 2903 1504 2952; x_wconf 85' lang='lat' dir='ltr'><strong>Apollinis</strong></span> <span class='ocrx_word' id='word_1_645' title='bbox 1524 2915 1722 2952; x_wconf 83' lang='lat' dir='ltr'><strong>germana,</strong></span> <span class='ocrx_word' id='word_1_646' title='bbox 1746 2916 1857 2953; x_wconf 85' lang='lat' dir='ltr'><strong>quam</strong></span> <span class='ocrx_word' id='word_1_647' title='bbox 1872 2904 2062 2954; x_wconf 78' lang='lat' dir='ltr'><strong>quondam</strong></span> <span class='ocrx_word' id='word_1_648' title='bbox 2074 2904 2175 2952; x_wconf 76' lang='lat' dir='ltr'><strong>‚puris</strong></span> 
     </span>
     <span class='ocr_line' id='line_1_94' title="bbox 1128 2953 2185 2993; baseline 0 -2"><span class='ocrx_word' id='word_1_649' title='bbox 1128 2953 1167 2991; x_wconf 83' lang='lat' dir='ltr'><strong>in</strong></span> <span class='ocrx_word' id='word_1_650' title='bbox 1189 2953 1351 2991; x_wconf 86' lang='lat' dir='ltr'><strong>fontibus</strong></span> <span class='ocrx_word' id='word_1_651' title='bbox 1379 2954 1586 2991; x_wconf 85' lang='lat' dir='ltr'><strong>abluentem</strong></span> <span class='ocrx_word' id='word_1_652' title='bbox 1619 2954 1874 2993; x_wconf 85' lang='lat' dir='ltr'><strong>membrorum</strong></span> <span class='ocrx_word' id='word_1_653' title='bbox 1906 2955 2025 2992; x_wconf 85' lang='lat' dir='ltr'><strong>sordes</strong></span> <span class='ocrx_word' id='word_1_654' title='bbox 2055 2954 2185 2992; x_wconf 88' lang='lat' dir='ltr'><strong>corni-·</strong></span> 
     </span>
     <span class='ocr_line' id='line_1_95' title="bbox 1131 3003 2175 3054; baseline -0.001 -13"><span class='ocrx_word' id='word_1_655' title='bbox 1131 3016 1194 3052; x_wconf 82' lang='lat' dir='ltr'><strong>ger</strong></span> <span class='ocrx_word' id='word_1_656' title='bbox 1221 3004 1280 3041; x_wconf 83' lang='lat' dir='ltr'><strong>ille</strong></span> <span class='ocrx_word' id='word_1_657' title='bbox 1307 3013 1463 3042; x_wconf 78' lang='lat' dir='ltr'><strong>venator</strong></span> <span class='ocrx_word' id='word_1_658' title='bbox 1489 3005 1658 3053; x_wconf 78' lang='lat' dir='ltr'><strong>inspexit,</strong></span> <span class='ocrx_word' id='word_1_659' title='bbox 1689 3007 1728 3043; x_wconf 87' lang='lat'>&amp;</span> <span class='ocrx_word' id='word_1_660' title='bbox 1759 3017 1923 3054; x_wconf 80' lang='lat' dir='ltr'><strong>poenam</strong></span> <span class='ocrx_word' id='word_1_661' title='bbox 1964 3003 2175 3042; x_wconf 70' lang='lat' dir='ltr'><strong>curiositatis</strong></span> 
     </span>
     <span class='ocr_line' id='line_1_96' title="bbox 1124 3054 2183 3102; baseline -0.001 -11"><span class='ocrx_word' id='word_1_662' title='bbox 1124 3055 1284 3092; x_wconf 70' lang='lat' dir='ltr'><strong>invenit.</strong></span> <span class='ocrx_word' id='word_1_663' title='bbox 1322 3054 1431 3093; x_wconf 75' lang='lat' dir='ltr'><strong>Certe</strong></span> <span class='ocrx_word' id='word_1_664' title='bbox 1455 3055 1612 3093; x_wconf 83' lang='lat' dir='ltr'><strong>curiosus</strong></span> <span class='ocrx_word' id='word_1_665' title='bbox 1633 3056 1691 3094; x_wconf 86' lang='lat' dir='ltr'><strong>ille</strong></span> <span class='ocrx_word' id='word_1_666' title='bbox 1711 3057 1834 3094; x_wconf 81' lang='lat' dir='ltr'><strong>uxoris</strong></span> <span class='ocrx_word' id='word_1_667' title='bbox 1865 3056 1946 3093; x_wconf 81' lang='lat' dir='ltr'><strong>suae</strong></span> <span class='ocrx_word' id='word_1_668' title='bbox 1960 3084 1970 3099; x_wconf 78' lang='lat'><strong>,</strong></span> <span class='ocrx_word' id='word_1_669' title='bbox 1997 3066 2060 3102; x_wconf 85' lang='lat' dir='ltr'><strong>per</strong></span> <span class='ocrx_word' id='word_1_670' title='bbox 2081 3054 2183 3091; x_wconf 69' lang='lat' dir='ltr'><strong>ami-2·</strong></span> 
     </span>
     <span class='ocr_line' id='line_1_97' title="bbox 1133 3104 2184 3156; baseline -0.002 -14"><span class='ocrx_word' id='word_1_671' title='bbox 1133 3117 1218 3142; x_wconf 88' lang='lat' dir='ltr'><strong>cum</strong></span> <span class='ocrx_word' id='word_1_672' title='bbox 1233 3133 1244 3149; x_wconf 91' lang='lat'>‚</span> <span class='ocrx_word' id='word_1_673' title='bbox 1269 3105 1465 3154; x_wconf 79' lang='lat' dir='ltr'><strong>pudicitiae</strong></span> <span class='ocrx_word' id='word_1_674' title='bbox 1486 3106 1718 3156; x_wconf 82' lang='lat' dir='ltr'><strong>explorator,</strong></span> <span class='ocrx_word' id='word_1_675' title='bbox 1744 3107 1781 3144; x_wconf 87' lang='lat' dir='ltr'><strong>in</strong></span> <span class='ocrx_word' id='word_1_676' title='bbox 1810 3105 1891 3143; x_wconf 65' lang='lat' dir='ltr'><strong>ficta</strong></span> <span class='ocrx_word' id='word_1_677' title='bbox 1911 3105 2062 3151; x_wconf 81' lang='lat' dir='ltr'><strong>Hispani</strong></span> <span class='ocrx_word' id='word_1_678' title='bbox 2088 3104 2184 3141; x_wconf 83' lang='lat' dir='ltr'><strong>Do·-</strong></span> 
     </span>
     <span class='ocr_line' id='line_1_98' title="bbox 1131 3154 2178 3205; baseline 0 -12"><span class='ocrx_word' id='word_1_679' title='bbox 1131 3157 1304 3205; x_wconf 73' lang='lat' dir='ltr'><strong>xippotae</strong></span> <span class='ocrx_word' id='word_1_680' title='bbox 1335 3156 1479 3194; x_wconf 63' lang='lat' dir='ltr'><strong>historia</strong></span> <span class='ocrx_word' id='word_1_681' title='bbox 1501 3185 1510 3200; x_wconf 91' lang='lat'>‚</span> <span class='ocrx_word' id='word_1_682' title='bbox 1548 3159 1694 3195; x_wconf 87' lang='lat' dir='ltr'><strong>meritas</strong></span> <span class='ocrx_word' id='word_1_683' title='bbox 1724 3157 1825 3194; x_wconf 88' lang='lat' dir='ltr'><strong>dedit</strong></span> <span class='ocrx_word' id='word_1_684' title='bbox 1865 3155 1941 3191; x_wconf 86' lang='lat' dir='ltr'><strong>veri</strong></span> <span class='ocrx_word' id='word_1_685' title='bbox 1972 3154 2178 3193; x_wconf 61' lang='lat' dir='ltr'><strong>Actaeonis</strong></span> 
     </span>
     <span class='ocr_line' id='line_1_99' title="bbox 1133 3205 2188 3255; baseline -0.001 -11"><span class='ocrx_word' id='word_1_686' title='bbox 1133 3218 1283 3255; x_wconf 87' lang='lat' dir='ltr'><strong>poenas.</strong></span> <span class='ocrx_word' id='word_1_687' title='bbox 1321 3207 1492 3244; x_wconf 83' lang='lat' dir='ltr'><strong>Fabulam</strong></span> <span class='ocrx_word' id='word_1_688' title='bbox 1511 3208 1606 3245; x_wconf 88' lang='lat' dir='ltr'><strong>hanc</strong></span> <span class='ocrx_word' id='word_1_689' title='bbox 1628 3208 1786 3255; x_wconf 86' lang='lat' dir='ltr'><strong>denique</strong></span> <span class='ocrx_word' id='word_1_690' title='bbox 1808 3205 1852 3242; x_wconf 82' lang='lat' dir='ltr'><strong>ad</strong></span> <span class='ocrx_word' id='word_1_691' title='bbox 1874 3205 2007 3242; x_wconf 84' lang='lat' dir='ltr'><strong>secreta</strong></span> <span class='ocrx_word' id='word_1_692' title='bbox 2036 3205 2188 3243; x_wconf 57' lang='lat' dir='ltr'><strong>Princi-</strong></span> 
     </span>
     <span class='ocr_line' id='line_1_100' title="bbox 1134 3255 2191 3305; baseline 0 -11"><span class='ocrx_word' id='word_1_693' title='bbox 1134 3269 1224 3305; x_wconf 87' lang='lat' dir='ltr'><strong>pum</strong></span> <span class='ocrx_word' id='word_1_694' title='bbox 1255 3257 1521 3296; x_wconf 85' lang='lat' dir='ltr'><strong>accommodat</strong></span> <span class='ocrx_word' id='word_1_695' title='bbox 1551 3260 1580 3294; x_wconf 79' lang='lat' dir='ltr'><em>C</em></span> <span class='ocrx_word' id='word_1_696' title='bbox 1583 3258 1606 3294; x_wconf 89' lang='grc'><strong>1.</strong></span> <span class='ocrx_word' id='word_1_697' title='bbox 1629 3258 1684 3294; x_wconf 86' lang='lat' dir='ltr'><strong>Fr.</strong></span> <span class='ocrx_word' id='word_1_698' title='bbox 1705 3257 1872 3293; x_wconf 79' lang='lat' dir='ltr'><strong>Baconus</strong></span> <span class='ocrx_word' id='word_1_699' title='bbox 1899 3266 1929 3292; x_wconf 91' lang='lat' dir='ltr'><strong>c.</strong></span> <span class='ocrx_word' id='word_1_700' title='bbox 1964 3268 2018 3293; x_wconf 86' lang='lat'><strong>10.</strong></span> <span class='ocrx_word' id='word_1_701' title='bbox 2050 3255 2095 3292; x_wconf 88' lang='lat' dir='ltr'><strong>de</strong></span> <span class='ocrx_word' id='word_1_702' title='bbox 2125 3256 2191 3294; x_wconf 61' lang='lat' dir='ltr'><strong>sa·⁴</strong></span> 
     </span>
     <span class='ocr_line' id='line_1_101' title="bbox 1133 3305 2185 3396; baseline -0.001 -50"><span class='ocrx_word' id='word_1_703' title='bbox 1133 3307 1269 3355; x_wconf 83' lang='lat' dir='ltr'><strong>pientia</strong></span> <span class='ocrx_word' id='word_1_704' title='bbox 1299 3315 1480 3346; x_wconf 87' lang='lat' dir='ltr'><strong>veterum.</strong></span> <span class='ocrx_word' id='word_1_705' title='bbox 1528 3308 1604 3358; x_wconf 88' lang='lat' dir='ltr'><strong>Qui</strong></span> <span class='ocrx_word' id='word_1_706' title='bbox 1630 3335 1641 3353; x_wconf 87' lang='lat'>‚</span> <span class='ocrx_word' id='word_1_707' title='bbox 1676 3306 1795 3357; x_wconf 84' lang='lat' dir='ltr'><strong>inquit</strong></span> <span class='ocrx_word' id='word_1_708' title='bbox 1817 3334 1828 3353; x_wconf 86' lang='lat'><strong>,</strong></span> <span class='ocrx_word' id='word_1_709' title='bbox 1852 3305 2076 3356; x_wconf 81' lang='lat' dir='ltr'><strong>Principibus</strong></span> <span class='ocrx_word' id='word_1_710' title='bbox 2097 3319 2185 3396; x_wconf 62' lang='lat' dir='ltr'><strong>nocp</strong></span> 
     </span>
    </p>

    <p class='ocr_par' dir='ltr' id='par_1_21' title="bbox 2115 3370 2191 3395">
     <span class='ocr_line' id='line_1_102' title="bbox 2115 3370 2191 3395; baseline 0 -9"><span class='ocrx_word' id='word_1_711' title='bbox 2115 3370 2137 3395; x_wconf 68' lang='lat' dir='ltr'><strong>a</strong></span> <span class='ocrx_word' id='word_1_712' title='bbox 2163 3380 2191 3386; x_wconf 60' lang='lat' dir='ltr'><strong>a...</strong></span> 
     </span>
    </p>
   </div>
  </div>
 </body>
</html>
