2483 3616
776 173 840 231 P.
916 169 1320 230 OVIDII

284 185 394 238 *216

1391 169 1920 229 NASONIS

285 276 430 337 festine
452 274 594 332 itaque
606 268 790 332 famulis
813 265 827 294 f
847 271 1028 329 imperat
1051 301 1066 326 ,
1100 277 1149 315 ut
1173 270 1218 335 in
1241 263 1493 327 conspebtum
1504 265 1636 328 suum
1659 267 1864 315 Liberum
1899 269 2088 315 vinetum
2110 270 2129 302 ⁸
2150 268 2428 324 attraherent:

291 342 359 385 At
382 339 479 396 ille,
514 345 563 382 ut
587 332 605 360 *¹
628 334 910 399 vesanientem
944 333 1156 393 eluderet,
1192 339 1201 358 ¹
1225 329 1371 393 vetssts
1405 333 1450 377 in
1485 334 1669 378 Acoeten
1692 365 1709 391 ³
1744 331 1762 357 ¹‘
1785 333 1956 379 ducitur
1978 335 2146 380 vinetus
2167 367 2184 394 ,
2220 334 2275 388 ὃ
2300 339 2427 400 custo-⁴

290 403 364 448 did
397 403 625 450 clauditur.

722 562 924 633 Ognita
947 576 1031 614 res
1056 558 1303 613 meritam
1326 555 1434 610 vati
1460 571 1556 626 per
1579 555 1847 614 Achaidas
1871 556 2028 613 urbes

586 563 708 702 C
725 635 995 689 Attulerat
1021 631 1243 686 famam:
1285 643 1592 699 nomenque
1620 642 1731 683 erat
1753 632 1964 703 auguris
1987 632 2193 703 ingena:

583 709 797 780 Spernit
822 705 1152 760 Echionides
1176 715 1357 755 tamen
1381 699 1553 764 hune,
1591 719 1660 756 ex
1685 705 1930 759 omnibus
1951 722 2087 758 unus

580 780 909 834 Contemtor
931 774 1224 846 Superum,
1258 767 1556 827 Pentheus:
1596 776 1946 850 praesagaque
1973 777 2115 831 ridet

443 871 539 920 515
578 851 759 908 Verba
782 850 945 910 senis;
985 846 1338 918 tenebrasque
1366 845 1422 899 δε
1454 846 1665 901 cladem
1688 849 1818 904 lucis
1844 849 2089 905 ademtae

582 923 801 994 Objicit.
839 922 926 976 ille
952 937 1173 975 movens
1198 919 1426 973 albentia
1452 932 1696 992 tempora
1723 921 1894 985 caniS,

592 997 772 1069 Quam
797 994 927 1050 felix
952 993 1109 1058 effeS‚
1148 991 1186 1046 fi
1212 1004 1272 1046 tu
1295 1009 1404 1064 quo
1446 1010 1514 1046 ue
1538 993 1749 1048 luminis
1777 994 1930 1065 hujus

586 1069 796 1132 Orbus,
833 1069 934 1131 ait,
972 1068 1158 1129 fiereS‚
1192 1084 1261 1120 ne
1284 1064 1425 1120 Bacc
1469 1066 1515 1119 ia
1543 1065 1683 1120 sacra
1716 1067 1954 1122 videres!

579 1143 806 1216 Jamque
834 1141 947 1194 dies
975 1139 1176 1202 aderit,
1210 1138 1424 1211 jamque
1449 1138 1592 1192 haud
1615 1141 1804 1211 procul
1829 1158 2062 1212 auguror
2089 1144 2222 1210 effe3

439 1237 544 1288 520
582 1217 707 1290 Qua
731 1231 899 1271 novus
923 1213 1028 1268 huc
1053 1212 1259 1275 veniat,
1296 1211 1471 1284 proles
1498 1211 1789 1279 Semele-sa,
1828 1213 2010 1271 Liber.

291 1422 411 1461 Parin.
432 1421 552 1473 Lugd.
565 1423 644 1473 suos
665 1422 714 1460 ire
737 1421 916 1474 prohibet,
943 1419 1045 1473 quod.
1069 1418 1228 1459 Raener.

344 1482 361 1501 e
389 1480 505 1512 Deum
531 1475 749 1525 proditum]
784 1474 959 1511 Bacchum
980 1479 1096 1509 Deum
1124 1482 1178 1522 pr.
1208 1471 1331 1509 Parm-

291 1525 413 1574 Lugd.
436 1526 566 1575 Micyl.
591 1526 765 1563 Bacchum
785 1532 900 1562 nem
916 1509 1069 1574 prodizffi
1082 1524 1239 1560 Raener.
1261 1521 1332 1557 edi-

292 1587 371 1612 tum
394 1577 529 1614 Colon.
551 1588 646 1626 quae
677 1577 787 1614 verba
818 1574 971 1613 confusa
1001 1573 1160 1612 vidimus
1187 1573 1268 1622 jam
1303 1583 1332 1610 1.

295 1627 430 1664 Amor.
449 1640 476 1664 1.
499 1640 530 1664 2.
560 1629 598 1665 &
620 1627 714 1664 alibi.

342 1676 358 1703 f
383 1676 571 1727 Imperat.]
603 1679 793 1727 Imperavit
822 1688 863 1714 ut
891 1678 930 1714 in
967 1677 1135 1726 conspeetu
1158 1675 1223 1723 suo
1245 1673 1269 1712 l.
1294 1687 1334 1712 v.

293 1728 496 1765 attrahant.
525 1728 662 1766 Colon.
686 1729 760 1766 vid.
787 1729 831 1766 ad
845 1727 1080 1766 Phaedr.v.1.

335 1786 361 1813 >g
390 1779 654 1829 Attraherent]
679 1779 887 1816 Attrahant
908 1780 1029 1816 Parin.
1052 1774 1335 1826 Lugd.Micyll.

292 1829 449 1867 Raener.

343 1879 362 1906 h
393 1880 662 1930 Vesanientem.]
694 1881 925 1929 Insanientem
950 1881 1088 1919 Colon.

344 1929 354 1956 i
382 1933 497 1980 Versus
517 1933 555 1968 in
580 1932 780 1980 Acoetem.]
823 1932 864 1969 Id
887 1944 931 1969 ex
953 1933 1094 1970 Poetae
1116 1931 1235 1969 Verbis
1256 1940 1335 1969 no'n

292 1981 443 2019 constat.
470 1983 603 2031 ubique
626 1983 724 2019 enim
749 1982 930 2020 famulum
961 1983 1145 2020 sacrorum
1178 1982 1337 2027 Bacchi,

294 2033 335 2070 ὅ(
357 2032 596 2081 Tyrrhenum
631 2045 716 2069 eum
748 2034 930 2070 nominat.
982 2033 1100 2082 Quod
1132 2041 1257 2070 autem
1286 2033 1336 2071 illi

293 2084 495 2121 carceribus
518 2082 654 2121 incluso
678 2085 775 2120 fores
797 2084 924 2132 sponte
955 2084 1138 2132 patuerint
1159 2112 1170 2128 ,
1206 2083 1244 2120 id
1257 2095 1335 2121 nu-

291 2135 395 2171 mine
416 2134 566 2172 absentis
599 2134 731 2171 Bacchi
761 2133 914 2171 confieri
943 2136 1064 2182 potuit
1088 2163 1098 2179 ‚
1132 2145 1256 2182 neque
1286 2134 1335 2172 ob

290 2185 328 2222 id
350 2184 493 2222 neceffe
515 2186 584 2222 fuit
605 2184 792 2222 Bacchum
813 2185 851 2222 in
879 2186 1065 2223 Acoetem
1096 2185 1336 2222 transforma-

289 2236 331 2272 ri.
376 2236 560 2273 GISELIN.

342 2286 360 2313 k
387 2286 580 2336 Ducitur.]
610 2287 751 2324 Dicitur
772 2287 925 2332 vinetus,
948 2299 989 2325 ut
1011 2287 1048 2324 in
1070 2285 1218 2334 custodia
1241 2286 1336 2322 clau-

289 2337 438 2376 deretur.
467 2338 604 2376 Colon.
633 2350 727 2388 quae
759 2338 950 2376 continuat
980 2339 1052 2388 seq.
1083 2338 1174 2389 Arg.
1196 2342 1337 2374 Acoetes

288 2388 420 2439 itaque.

341 2451 428 2488 511.
454 2439 591 2489 Vatis.]
622 2441 701 2478 Vati
722 2452 767 2477 ex
788 2439 935 2489 scriptis.
961 2441 1103 2479 Hmus.

344 2502 428 2538 511.
466 2491 687 2541 Achaidas]
727 2491 926 2529 Achae'idas
964 2492 1164 2541 legendum
1198 2495 1209 2536 ‚⁷
1255 2502 1334 2529 non

286 2538 493 2578 munides.
531 2543 570 2579 ὃς
610 2542 910 2591 patronymicum
932 2554 1000 2591 pro
1032 2541 1226 2591 poffeffivo
1249 2570 1259 2586 ,
1295 2543 1335 2578 ὃς

290 2601 359 2637 pro
393 2592 538 2629 Graeco
572 2593 760 2630 manifeste
780 2592 940 2641 positum
965 2621 976 2637 ‚
1004 2601 1044 2630 ut
1073 2593 1178 2641 saepe
1210 2593 1248 2628 in
1279 2592 1334 2628 his

290 2639 368 2727 geri
388 2641 490 2682 solet.
513 2643 722 2681 GLAREAN.
750 2643 934 2681 Achaidas
956 2642 1245 2693 praestantissimi
1269 2653 1335 2679 co-

316 2701 401 2727 ices.

344 2753 427 2789 5¹2·
455 2744 697 2792 contulerat]
729 2744 829 2781 Libri
849 2744 1187 2792 scripti‚attulerat.
1216 2742 1330 2781 Cxor.

288 2792 476 2829 Detulerat
497 2804 588 2829 unus
611 2791 814 2832 Mediceus.
838 2795 1035 2831 Pertulerat
1057 2795 1171 2832 editio
1193 2791 1336 2842 Janffo-

288 2842 341 2879 nii
363 2852 492 2880 contra
511 2842 669 2890 scriptos.

343 2906 425 2942 515.
453 2893 619 2930 Tenebras
641 2907 684 2933 <7
704 2893 871 2943 cladem]
898 2894 954 2931 Ex
977 2894 1103 2932 iisdem
1120 2922 1130 2939 ,
1158 2892 1331 2940 tenebras-

289 2958 365 2994 que.
394 2945 538 2981 HExNS.

343 2994 426 3043 516.
455 3000 616 3043 Tempora
655 2993 793 3044 crinin]
830 2994 1049 3043 Zinzerling.
1078 2995 1203 3032 Prom.
1239 3005 1266 3028 1.
1301 3006 1333 3032 c.

291 3057 351 3094 51.
379 3057 424 3083 ex
447 3045 552 3083 MSS.
573 3045 684 3093 legit,
712 3045 826 3081 vittis.
854 3046 938 3081 Stat.
967 3057 1030 3082 111.
1053 3045 1175 3082 Theb.
1198 3044 1282 3092 467.

290 3115 292 3117 >
393 3096 517 3133 Niveis
537 3096 653 3133 ornati
674 3105 822 3146 tempora
845 3096 960 3133 vittis.

289 3146 377 3185 Infr.
400 3159 434 3183 v.
458 3147 507 3184 vs.
533 3159 614 3184 110.

392 3198 541 3235 Albenti
561 3197 699 3234 velatus
720 3205 869 3246 tempora
889 3196 999 3235 vitta.

287 3246 338 3284 Et
361 3260 450 3284 xm.
472 3249 556 3295 643.

341 3299 432 3335 Hinc
453 3301 570 3337 Anius
591 3299 703 3338 niveis
723 3299 939 3340 circumdata
962 3310 1110 3351 tempora
1133 3300 1236 3341 vittis

2251 1290 2438 1363 Quem

1430 1419 1660 1459 Concutiens}

1387 1481 1448 1507 xv.
1470 1470 1511 1516 67
1521 1472 1555 1508 6.

1439 1521 1612 1558 Evinetus
1633 1522 1730 1559 vitta
1754 1522 1859 1561 crines
1881 1522 2015 1561 albente
2029 1523 2199 1570 sacerdos.

1387 1571 1462 1609 vid.
1484 1572 1530 1610 ad
1552 1572 1640 1610 Fast.
1664 1585 1727 1610 111.
1751 1573 1834 1611 861.
1861 1575 2010 1611 Hmus.

1439 1635 1522 1671 517.
1550 1623 1715 1660 Bacchica
1738 1624 1882 1673 sacru]
1932 1623 2080 1662 Bacchia
2108 1624 2173 1672 pri.
2206 1624 2328 1662 Vatic.
2359 1625 2429 1673 pri:

1389 1672 1525 1711 Erfurt.
1557 1674 1622 1722 pri.
1657 1675 1696 1711 δε
1725 1675 1793 1712 sec.
1823 1674 1963 1712 Medic.
1992 1675 2060 1712 sec.
2083 1675 2193 1712 Pal-at.
2225 1674 2435 1724 Cantabrig.‘

1392 1724 1525 1773 aliique
1546 1725 1704 1773 plurimi.
1732 1725 1779 1762 fic
1803 1725 1909 1763 Trist.
1932 1726 1989 1763 lib.
2014 1739 2040 1762 1.
2065 1725 2166 1774 Eleg.
2188 1737 2241 1763 vr.

1441 1775 1590 1812 Bacchia
1606 1776 1717 1824 serta,
1769 1777 1806 1813 in
1825 1776 1972 1825 scriptis.
2002 1777 2142 1813 HE1NS.
2173 1776 2227 1813 Ita
2247 1776 2344 1826 apud
2355 1775 2437 1822 Sta-j

1390 1825 1485 1863 tium
1506 1825 1567 1864 lib.
1594 1838 1646 1864 1x.
1669 1827 1791 1865 Theb.
1815 1839 1900 1876 479.
1930 1826 2037 1863 MSS.
2064 1827 2222 1864 habent:

1868 1884 1959 1915 Cum
1980 1877 2128 1914 Bacchia
2148 1877 2262 1927 mugit

1442 1935 1575 1969 Buxus.

1390 1981 1437 2019 Et
1458 1994 1504 2020 11.
1526 1981 1648 2020 Achil.
1669 1994 1704 2029 4.
1866 2028 1869 2030 ,

1593 2038 1633 2069 A
1654 2044 1743 2082 tergo
1762 2031 1917 2082 decrefit’t
1937 2031 2086 2069 'Bacchia
2108 2045 2226 2069 naxos.
2253 2030 2386 2070 Buam:

1443 2096 1527 2133 519.
1556 2090 1720 2134 Namque
1741 2085 1809 2121 dies
1830 2084 1944 2120 aderit
1958 2111 1968 2128 ,
1995 2096 2104 2133 quam
2136 2097 2205 2120 non
2230 2083 2349 2131 procul
2369 2084 2436 2119 au2

1388 2148 1494 2183 guror
1525 2134 1620 2185 effen]
1661 2135 1787 2183 Scripti
1809 2134 2021 2172 vetustiores
2045 2162 2055 2178 ,
2093 2146 2199 2183 quam
2223 2134 2304 2181 jam
2337 2132 2436 2169 haud

1387 2195 1421 2235 ps
1432 2186 1526 2230 ocul,
1556 2186 1640 2229 vel,
1666 2200 1774 2237 quam
1788 2187 1869 2234 jam
1884 2185 2012 2234 procul.
2041 2185 2079 2221 δε
2101 2183 2266 2234 Jamque*
2288 2182 2369 2220 dies.
2396 2194 2437 2229 a<

1391 2236 1443 2281 lii,
1467 2250 1575 2287 quam
1607 2236 1718 2281 haud,
1742 2236 1815 2280 vel,
1836 2237 1916 2285 jam
1939 2235 2047 2271 haud.
2079 2233 2222 2271 Scribe:

1442 2288 1602 2339 Jamque
1622 2289 1691 2326 dies
1713 2287 1850 2331 aderit,
1865 2286 2012 2336 jamque
2032 2284 2130 2321 haud
2143 2285 2263 2335 procul
2282 2286 2433 2333 auguro&

1563 2338 1631 2386 effe.

1392 2388 1522 2427 Statius
1543 2388 1667 2427 Theb.
1687 2401 1778 2427 vnx.
1800 2389 1885 2426 206.

1440 2440 1600 2490 Jamque
1616 2441 1686 2477 erit
1706 2440 1763 2477 ille
1784 2440 1852 2477 dies
1866 2468 1876 2486 ‚
1890 2452 1954 2490 quo
1976 2449 2008 2476 te
2029 2452 2159 2489 quoque
2180 2437 2311 2488 conscia
2326 2437 2407 2485 fati

1445 2491 1582 2540 Templa
1605 2490 1730 2529 colant.

1392 2541 1555 2580 Sedulius
1576 2542 1634 2579 lib.
1662 2553 1699 2580 v.

1443 2593 1602 2643 Jamque
1620 2593 1690 2630 dies
1711 2593 1836 2630 aderat
1859 2594 2028 2630 not'lurna
2049 2590 2199 2638 moestior
2220 2590 2362 2628 umbra?

1391 2644 1526 2682 Horat.
1552 2656 1578 2680 1.
1602 2644 1672 2681 Sat.
1694 2655 1730 2681 v.

1443 2695 1603 2743 Jamque
1624 2695 1694 2730 dies
1714 2693 1851 2729 aderat.

1391 2744 1540 2781 Deinde
1562 2755 1716 2791 repone,
1745 2745 1869 2779 veniat
1899 2755 1966 2792 pro
1998 2743 2114 2781 veniet
2139 2755 2184 2780 ex
2209 2741 2438 2789 melioribus&

1391 2795 1537 2831 Heius.
1575 2793 1657 2830 Val.
1684 2794 1799 2830 Flacc.
1824 2806 1868 2831 11.
1894 2794 1974 2842 189.

1443 2844 1603 2894 Jamque
1624 2844 1693 2880 dies
1712 2844 1848 2880 aderat.

1385 2894 1475 2932 Vid.
1497 2894 1543 2931 ad
1565 2907 1592 2931 1.
1614 2894 1694 2931 Art.
1728 2906 1810 2944 2¹3·
1843 2895 1974 2933 Similis
2005 2896 2212 2945 augurantis
2233 2895 2430 2934 Hannonis

1387 2945 1507 2984 oratio
1532 2944 1629 2992 apud
1651 2945 1709 2981 Sil.
1733 2958 1784 2982 xi.
1811 2959 1892 2995 572.

1444 3009 1527 3043 520.
1556 2997 1639 3043 (glun
1660 3009 1770 3032 novus
1792 2996 1858 3032 huc
1890 2997 2013 3033 veniat
2029 2996 2136 3047 proles
2169 2997 2328 3033 Semeleia
2341 3025 2352 3042 ‚
2374 2995 2436 3032 Li-'

1392 3046 1489 3095 ben]
1531 3045 1654 3083 Innuit
1677 3047 1793 3083 Poeta
1822 3047 1933 3084 alium
1966 3058 2118 3097 quoque
2151 3047 2337 3085 Bacchum
2369 3057 2433 3084 ve-

1391 3106 1507 3135 terem
1525 3124 1535 3140 ,
1563 3098 1601 3133 3<
1623 3097 1816 3146 antiquum
1849 3096 1964 3135 fuisse.
1991 3109 2077 3135 nam
2095 3126 2105 3142 ‚
2130 3106 2170 3135 ut
2201 3098 2317 3135 scribit
2339 3098 2432 3134 Dio-

1393 3148 1503 3186 dorus
1518 3176 1527 3191 ‚
1554 3147 1704 3196 quidam
1727 3160 1845 3185 unum
1878 3149 2078 3193 duntaxat,
2105 3148 2164 3185 alii
2195 3156 2265 3186 tres
2286 3147 2432 3196 Diony-

1387 3199 1443 3236 sos
1466 3227 1475 3242 ,
1505 3199 1543 3235 &
1569 3198 1732 3236 ssacclros
1752 3197 1855 3236 fuiffe
1887 3206 2088 3247 putarunt,
2117 3199 2176 3236 sua
2196 3199 2340 3247 cuique
2371 3208 2433 3246 ge-

1387 3249 1437 3286 sta
1459 3248 1716 3293 attribuentes,
1744 3261 1784 3286 ac
1813 3250 1973 3297 primum
2006 3248 2142 3286 Indum
2174 3247 2277 3286 fuiffe
2310 3248 2433 3296 ajunt,

1390 3300 1453 3350 qui
1477 3311 1561 3338 cum
1585 3299 1748 3339 exercitu
1769 3300 1897 3340 orbem
1911 3311 2127 3351 peragrans,
2156 3299 2323 3340 &vitem
2334 3297 2434 3385 plan-

2352 3357 2434 3393 are,
