2483 3616
273 240 370 288 194

757 218 817 275 P.
892 219 1296 279 OVIDII
1365 213 1898 276 NASONIS

630 308 811 383 Surgit
839 312 902 367 ab
927 314 1007 368 his
1032 313 1196 377 solio;
1238 312 1489 385 fulvaque
1515 310 1796 367 recondita
1823 308 1964 392 nube

563 382 764 438 Limen
787 384 897 438 adit
923 386 1170 441 Semeles.
1208 403 1309 441 nec
1334 386 1501 440 nubes
1529 397 1651 438 ante
1675 395 1938 446 remov1t3

419 471 519 524 275
558 456 738 529 Quam
761 456 1018 514 simulavit
1044 478 1230 515 anum:
1270 459 1550 532 posuitque
1578 456 1644 509 ad
1670 469 1913 537 tempora
1938 469 2125 509 canos:

565 529 906 604 Sulcavitque
932 545 1116 586 eutem
1143 533 1312 604 rugis:
1356 531 1410 584 &
1437 547 1597 583 curva
1623 540 1876 609 trementi

564 601 817 657 Membra
841 605 961 658 tulit
983 604 1151 677 passu:
1188 622 1382 661 vocem
1443 618 1624 673 uoque
1650 600 1776 654 fecit
1800 600 2004 682 andem.

566 673 782 748 Ipsaque
807 676 867 731 fit
892 676 1099 742 Beroe,
1139 678 1372 733 Semeles
1418 673 1688 747 ⁴'pidau1ia
1711 685 1906 728 nutrix.

274 857 426 895 netrarit
444 868 511 907 pro
539 858 733 907 penetrabit
754 868 841 894 cum
862 858 1156 908 Berneggeriano
1180 889 1191 905 ,
1217 861 1317 899 Can-

277 908 365 945 tabr.
393 911 430 946 &
452 909 560 946 tribus
580 909 665 946 aliis.
702 909 740 945 in
766 909 879 946 undas
901 911 1013 947 etiam
1045 910 1319 959 praestantiores

278 958 439 1007 plerique
464 988 473 1003 ‚
510 971 586 996 non
619 960 667 996 ad
707 959 832 996 undas.
859 971 928 997 nec
971 962 1082 999 etiam
1113 963 1209 999 male
1240 977 1320 1000 um-

276 1008 357 1045 bras
379 1010 582 1047 Vossianus.
615 1018 655 1047 ut
675 1009 733 1047 lib.
746 1022 774 1048 1.
790 1022 871 1060 139.
899 1011 1001 1049 Silius
1023 1025 1058 1049 v.
1083 1024 1167 1061 597.
1189 1015 1228 1050 &
1249 1014 1320 1051 alii.

276 1058 337 1095 sed
358 1072 443 1109 quia
463 1062 573 1109 mersa
596 1060 804 1110 praecedit,
833 1061 936 1110 quod
957 1074 1044 1100 cum
1064 1064 1166 1100 undis
1189 1065 1319 1102 melius

277 1112 466 1155 convenit,
494 1112 640 1161 vulgata
662 1112 776 1161 magis
788 1112 917 1161 placet.
944 1114 1178 1162 praecedenti
1199 1115 1317 1160 versu,

277 1172 335 1195 nec
348 1161 431 1208 sum
454 1164 622 1200 saturnia
635 1191 646 1208 ,
668 1171 809 1200 veteres
830 1163 992 1212 plerique
1013 1165 1227 1213 agnoscunt,
1239 1178 1318 1204 non

276 1222 336 1246 nec
349 1210 430 1261 fim.
459 1213 561 1250 Silius
579 1214 671 1251 libro
694 1226 747 1251 1x.
769 1213 817 1250 vs.
846 1226 859 1251 1
873 1226 927 1252 11.

330 1269 412 1299 Non
416 1263 498 1312 fitm
510 1264 665 1315 equidem
677 1265 835 1301 Sulmone
837 1265 1034 1313 sammua,
1046 1266 1189 1309 Sarrae,
1197 1266 1318 1315 proles,

327 1319 401 1350 Nec
413 1316 531 1361 frater
544 1343 554 1359 ‚
584 1315 748 1352 Mancine
762 1344 772 1360 ,
798 1326 878 1352 tuus
892 1344 902 1361 ,
920 1318 1102 1365 fateorque
1122 1326 1272 1366 nepotem

328 1370 510 1412 Pergameo
533 1366 714 1414 indignum
737 1366 858 1403 Solimo
873 1395 884 1411 ‚
904 1366 939 1416 fi
957 1367 1100 1404 evadere
1111 1368 1213 1405 detur

330 1416 421 1451 Huic
442 1416 570 1463 nostras
591 1417 727 1466 impune
749 1431 888 1456 manus.

276 1463 334 1505 Ita
354 1465 481 1513 scripti.
509 1468 697 1504 Petronius
720 1479 795 1516 cap.
820 1480 946 1505 LXXXI.
967 1479 1032 1505 aut
1046 1482 1100 1518 ego
1131 1469 1191 1506 vir
1212 1469 1314 1506 liber-

276 1530 344 1567 que
364 1530 432 1552 non
443 1517 525 1564 sum
539 1546 548 1562 ,
575 1530 639 1554 aut
661 1519 762 1554 noxio
776 1520 946 1568 sanguine
961 1519 1150 1568 parentabo
1166 1520 1315 1569 injuriae

277 1581 384 1606 meae.
411 1567 587 1617 Apulejus
610 1570 768 1607 Metam.
791 1569 850 1607 lib.
870 1583 905 1607 v.
934 1576 1003 1606 Nec
1011 1571 1097 1619 sum
1117 1571 1315 1615 mulier,nec

277 1619 417 1655 omnino
432 1618 545 1668 spiro,
571 1618 637 1668 nisi
654 1633 729 1657 eam
746 1621 872 1669 peſjum
895 1621 934 1657 de
965 1622 1076 1658 tantis
1095 1621 1208 1670 opibus
1227 1622 1315 1671 deje-

279 1681 362 1705 cero.
389 1668 448 1705 sed
481 1681 567 1706 cum
598 1670 636 1707 in
670 1671 818 1719 optimis
848 1671 1070 1709 membranis
1102 1672 1318 1710 Florentinis

278 1718 419 1768 legatur
438 1719 508 1756 illic
520 1720 648 1769 spirent
670 1750 680 1766 ‚
718 1721 849 1759 retstius
877 1722 1039 1770 legetur,
1066 1736 1124 1759 nec
1143 1722 1213 1771 sim
1241 1737 1320 1760 mu-

279 1768 370 1814 lier,
399 1783 454 1806 nec
483 1771 619 1807 omnino
639 1772 780 1821 spirem.
814 1774 852 1810 &
883 1773 932 1809 ita
963 1785 1114 1822 quoque
1133 1773 1194 1810 hic
1216 1802 1227 1818 ,
1262 1787 1320 1811 nec

270 1817 343 1868 fim
365 1821 531 1857 Saturnia
545 1849 555 1866 ,
569 1822 607 1859 ὃς
629 1822 724 1870 apud
748 1823 874 1860 Silium
890 1851 899 1866 ,
913 1837 980 1860 non
1002 1822 1063 1870 sim
1087 1823 1244 1861 Salmone
1257 1825 1320 1874 sa-

278 1880 360 1914 tus,
389 1872 427 1908 &
441 1872 563 1917 fatear
588 1884 687 1910 nunc
706 1875 939 1921 praeferrem.
962 1886 1048 1911 nam
1071 1875 1213 1913 Plautus
1233 1875 1319 1913 Me-

277 1921 489 1966 naechmis,
520 1928 600 1959 Non
619 1923 751 1960 hercule
771 1924 799 1960 is
810 1923 901 1973 fim,
929 1926 989 1975 qui
1003 1925 1084 1973 sum
1107 1954 1117 1970 ‚
1145 1924 1211 1974 nist
1228 1926 1319 1963 hanc

277 1970 466 2019 injuriam,
479 1986 595 2024 meque
605 1973 700 2010 ultus
714 1974 855 2024 pulchre
865 1978 976 2022 fuero.
993 1977 1152 2014 Homer.
1165 1976 1316 2016 Iliadss.

275 2021 369 2062 Mnss'
395 2022 454 2058 ἐτῖ
472 2025 708 2070 Τηλεμάχοιο
721 2029 837 2070 παις-ἦρ
851 2027 1066 2071 κεκλήμενος
1080 2027 1161 2068 'siam
1177 2028 1317 2066 HEINS.

333 2085 418 2123 273.
446 2074 630 2126 fulvaque
650 2077 822 2113 recondita
841 2076 966 2126 nube.]
996 2078 1251 2116 Emendabam
1275 2092 1318 2117 o-

273 2120 343 2161 lim
367 2125 602 2174 conjectura,
625 2134 665 2164 ut
688 2127 779 2164 mihi
799 2127 970 2173 videbar,
997 2140 1076 2166 non
1097 2128 1203 2166 dubia
1218 2132 1316 2177 ,fur-

277 2173 334 2210 vd
353 2174 462 2212 nube:
489 2178 746 2215 nunchaereO.
772 2190 860 2216 nam
876 2179 1021 2228 &apud
1039 2180 1234 2229 Virgilium
1255 2181 1315 2219 lib.

276 2235 351 2261 ΧΠ.
376 2238 459 2272 792.
486 2227 603 2264 Fulva
617 2237 751 2278 pugnas
773 2230 813 2266 de
830 2229 917 2266 nube
937 2231 1114 2267 videntem
1135 2231 1256 2269 habes.
1277 2233 1316 2270 &

275 2275 374 2324 apud
397 2277 613 2315 Lucretium
643 2279 701 2316 lib.
728 2291 781 2315 vx.
798 2280 881 2324 460.
902 2280 1031 2327 fulvae
1060 2281 1159 2318 nubis
1175 2282 1318 2330 caligine

273 2326 383 2375 crassa
404 2327 442 2365 in
464 2329 615 2377 vulgatis
637 2330 676 2367 δί
696 2329 829 2378 scriptis
851 2331 1114 2380 exemplaribus
1150 2333 1317 2370 constan-

276 2382 341 2412 ter.
376 2378 414 2415 ἃ
437 2378 518 2416 sane
538 2380 680 2423 fulvam
708 2381 886 2430 caliginem
912 2381 1002 2419 dixit
1033 2394 1184 2432 quoque
1208 2384 1318 2420 Vale-

277 2427 348 2464 rius
372 2431 466 2466 Cato
488 2430 526 2467 in
549 2431 655 2468 Diris.
683 2430 731 2467 Et
753 2432 882 2469 Statius
902 2432 1024 2469 Theb.
1052 2446 1103 2471 1x.
1127 2445 1210 2481 727.

459 2481 558 2517 Venit
577 2481 615 2517 in
634 2482 760 2519 medios
777 2483 918 2532 caligine
926 2482 1043 2530 fulva

328 2534 425 2577 Septa
439 2530 560 2578 globos.

278 2577 379 2614 Cum
392 2582 547 2624 furvam
569 2582 698 2620 dixerit
719 2583 897 2632 caliginem
928 2585 1112 2624 Ausonius
1135 2586 1317 2636 Cupidine

279 2629 466 2667 crucifixo.
492 2632 529 2668 in
554 2633 654 2670 Statii
672 2642 795 2671 tamen
827 2636 914 2672 loco
946 2637 1115 2674 nonnulli
1137 2638 1282 2676 codices
1307 2668 1318 2683 ,

269 2679 399 2724 furva.
427 2681 555 2726 ξανθᾶν
586 2683 734 2732 quidem
770 2685 929 2729 νεφέλκυ
964 2688 1117 2735 appellat
1146 2689 1319 2727 Pindarus

280 2728 435 2778 Olymp.
459 2732 531 2768 Od.
554 2743 625 2769 vix.
653 2734 711 2770 sed
732 2734 780 2770 ibi
802 2735 846 2771 de
869 2747 980 2772 aureo
994 2738 1228 2775 Rhodiorum
1249 2741 1320 2776 im-

278 2777 341 2815 bre
363 2780 488 2828 agitur.
510 2781 591 2819 sane
612 2783 695 2819 Val.
717 2783 864 2822 Flaccus
891 2786 915 2822 1.
943 2799 990 2823 11.
1013 2787 1061 2825 vs.
1087 2802 1166 2836 ιτς.
1184 2789 1319 2838 piceum

279 2828 439 2866 nimbum
461 2830 569 2869 dixit:

330 2886 423 2917 Cum
445 2882 506 2918 dea
517 2883 555 2931 se
571 2884 658 2932 piceo
672 2892 733 2933 per
746 2884 878 2932 sudum
901 2886 1043 2924 turbida
1066 2888 1181 2924 nimbo

328 2933 548 2981 Praecipitat.

276 2980 422 3019 Verum
445 2983 535 3020 haec
556 2995 622 3031 pro
645 2984 758 3021 dubiis
780 2986 1031 3024 venditamus:
1060 3000 1147 3025 nam
1168 2989 1314 3037 Agroe-

274 3031 345 3068 tius
367 3032 413 3070 de
425 3034 695 3082 Orthographia
709 3035 859 3081 fulvum
880 3038 1043 3074 colorem
1067 3050 1086 3075 a
1108 3039 1212 3087 nigro
1234 3052 1312 3078 non

275 3082 435 3120 multum
457 3084 598 3121 differre
620 3086 832 3130 contendit,
861 3088 899 3123 ὃς
928 3088 1014 3124 hinc
1025 3088 1174 3133 fitlvam
1195 3092 1313 3140 Aqui-

275 3132 347 3168 lam
373 3134 492 3171 Poetis
513 3134 595 3172 dici.
627 3144 663 3172 at
681 3135 767 3172 illud
788 3146 951 3180 certum,
977 3138 1036 3174 lib.
1057 3151 1091 3175 V.
1112 3140 1205 3177 Met.
1229 3154 1311 3189 541.

326 3188 382 3220 Ex
404 3184 597 3222 Acheronte
606 3186 670 3234 suo
689 3187 806 3233 furvis
819 3187 968 3237 peperisse
981 3188 1047 3236 sub
1070 3191 1193 3226 antris.

270 3231 412 3320 {beram
436 3234 506 3272 effe
526 3236 738 3275 lectionem.
765 3246 805 3275 ut
824 3244 860 3275 ὅ(
885 3238 980 3288 apud
1001 3239 1126 3277 Silium
1139 3240 1306 3280 Italicum

322 3295 363 3319 ro
387 3296 439 3321 V1.
459 3286 513 3327 ybs.
542 3300 619 3335 129.

318 3339 421 3381 fimus
441 3337 519 3374 dira
541 3339 659 3377 domus
671 3367 682 3385 ,
699 3341 879 3391 fiervoque
900 3340 1068 3380 immanis
1088 3341 1126 3380 in
1145 3352 1247 3394 antro

2260 741 2413 815 Ergo

1423 858 1490 896 Sub
1511 869 1605 896 terra
1618 858 1734 909 specus
1747 885 1758 902 ‚
1781 868 1824 897 θ’
1844 857 1951 905 tristes
1960 856 2034 907 fine
2053 855 2124 892 luce
2140 854 2307 893 tenebrae.

1370 908 1448 945 Ubi
1481 924 1586 947 curvo
1616 921 1718 947 antro
1752 908 1870 957 &sub
1901 920 2010 945 terras
2032 918 2130 945 nunc
2152 907 2291 955 legitur.
2318 917 2411 946 mox

1376 961 1512 1008 nigrum
1533 971 1679 997 antrum
1713 959 1870 996 eandem
1901 959 2048 1007 specum
2079 957 2270 1006 appellabit
2299 957 2413 996 Silius.

1374 1011 1475 1049 idem
1496 1012 1587 1049 libro
1610 1023 1683 1048 vn.
1706 1010 1792 1047 680.

1427 1063 1586 1114 Jamque
1602 1063 1640 1098 in
1657 1061 1819 1111 palantes
1836 1073 1876 1096 ac
1897 1058 2008 1108 versos
2029 1069 2122 1108 terga
2132 1061 2258 1107 feroces

1424 1114 1636 1163 Pugnabant
1657 1112 1762 1156 Itali,
1780 1110 1918 1160 subitus
1934 1124 2011 1147 cum
2030 1110 2113 1146 mole
2123 1112 2289 1159 pavenda

1426 1165 1592 1213 Terrificis
1609 1170 1760 1201 Maurus
1775 1161 1968 1211 prorumpit
1989 1166 2121 1209 Tunger
2141 1161 2179 1196 in
2196 1161 2317 1198 armis.

1426 1216 1540 1264 Nigra
1558 1216 1635 1252 viro
1653 1213 1808 1252 membra
1823 1241 1832 1257 ,
1844 1225 1887 1252 ω’
1898 1212 2007 1259 furvi
2019 1212 2105 1260 juga
2125 1211 2207 1259 celsa
2223 1211 2411 1258 trahebant]

1428 1267 1629 1316 Cornipedes
1642 1294 1652 1309 ‚
1681 1264 1834 1315 totusque
1855 1277 1965 1300 novae
1977 1261 2183 1309 formidinis
2201 1272 2277 1297 arte

1427 1317 1589 1353 Concolor
1609 1315 1781 1366 aequabat
1802 1314 1950 1351 liventia
1973 1326 2093 1349 currus
2109 1325 2274 1361 equorum

1423 1373 1529 1416 Terga
1544 1396 1554 1412 ‚
1581 1381 1637 1404 nec
1654 1367 1768 1404 ereblis
1780 1363 1910 1414 similes
1929 1365 2094 1413 imponere
2115 1363 2220 1409 cristis

1423 1419 1579 1467 Ceffarat
1593 1428 1723 1467 pennas
1736 1445 1747 1462 ‚
1774 1426 1914 1466 aterque
1936 1414 2067 1463 tegebat
2086 1415 2245 1450 amiotus.
2357 1464 2360 1465 γ

1423 1476 1495 1506 Ceu
1515 1469 1690 1520 quondam
1713 1478 1869 1504 aeternae
1892 1475 2048 1514 regnator
2068 1465 2194 1509 noetis,
2222 1464 2272 1500 ad
2291 1465 2378 1512 imos?

1421 1527 1513 1557 Cum
1526 1522 1662 1568 fugeret
1680 1519 1852 1556 thalamos
1872 1515 2017 1554 ennaea
2037 1516 2171 1563 virgine
2191 1515 2295 1564 raptd
2308 1544 2321 1561 ,

1419 1572 1500 1620 Egit
1522 1571 1718 1620 nigrantem
1744 1568 1864 1618 Stygia
1886 1567 2026 1616 caligine
2047 1579 2200 1603 currum.

1373 1622 1427 1660 Ita
1458 1622 1561 1659 locus
1590 1634 1634 1658 ex
1667 1620 1812 1668 optimo
1846 1618 1975 1655 codice
2007 1615 2277 1653 constituendus
2300 1644 2311 1661 ,
2347 1617 2415 1656 nili

1373 1672 1476 1722 quod
1491 1672 1598 1720 furvi
1620 1671 1804 1720 cornipedes
1824 1680 1891 1717 pro
1904 1668 2022 1716 fulvis
2042 1678 2086 1703 ex
2110 1666 2320 1715 conJeetura
2341 1679 2412 1705 no·-

1374 1724 1439 1761 stra
1466 1723 1545 1760 sunt
1566 1721 1735 1771 repositi,
1763 1719 1960 1770 quomodo
1979 1717 2238 1755 restituendum
2272 1715 2342 1754 effe
2362 1726 2415 1773 ‘ut

1376 1774 1505 1811 certius
1525 1774 1700 1822 liqueret,
1728 1773 1848 1809 versus
1870 1770 1987 1819 plures
2009 1767 2181 1815 adscripsi.
2215 1768 2414 1806 Terentius

1377 1825 1530 1862 Scaurus
1551 1825 1596 1862 de
1620 1823 1864 1872 Ortographia
1880 1849 1890 1866 ‚
1906 1828 2035 1857 Furvos
2055 1819 2201 1855 dicimus
2215 1846 2223 1859 ,
2247 1833 2328 1869 quos
2347 1832 2414 1855 an·

1376 1876 1466 1926 tiqui
1478 1875 1602 1922 fuscos.
1640 1874 1687 1911 fic
1712 1876 1829 1921 furva
1851 1871 2049 1921 Proserpina
2078 1870 2240 1906 Horatio
2270 1869 2331 1906 lib.
2363 1881 2414 1909 Π.

1376 1926 1452 1964 Od.
1474 1938 1563 1964 xm.
1587 1927 1625 1963 &
1649 1925 1763 1962 Statio
1786 1923 1909 1962 Theb.
1929 1933 2018 1958 vm.
2042 1933 2097 1958 10.

1424 1992 1591 2029 Nondum
1612 1991 1714 2028 illum
1726 1992 1839 2038 furvo
1861 1987 2058 2037 Proserpina
2073 1985 2158 2036 poste
2175 1995 2329 2023 notarat.

1372 2054 1421 2092 Et
1431 2055 1566 2100 furvae
1595 2052 1679 2089 lethi
1704 2051 1825 2102 plagae
1845 2050 1941 2099 apud
1963 2048 2125 2087 eundem
2156 2048 2293 2087 Pietate
2312 2046 2424 2091 Aba-J*

1372 2118 1507 2156 scantii.
1540 2118 1676 2156 Seneca
1699 2115 1860 2154 Hercule
1884 2115 2065 2152 OEtaeo:

1424 2183 1492 2219 Cui
1504 2184 1622 2229 furva
1643 2182 1733 2231 nigri
1745 2181 1878 2230 sceptra
1895 2179 2071 2229 gestantur
2079 2178 2162 2228 poli.

1372 2232 1478 2270 Ideni
1497 2233 1633 2271 ibidem
1656 2233 1717 2270 sub
1735 2232 1847 2270 finem
1865 2245 1872 2268 :

1425 2290 1505 2320 Non
1521 2286 1636 2335 puppis
1657 2283 1798 2320 umbras
1811 2285 1928 2330 fttrva
1951 2279 2150 2329 transvexit
2169 2280 2274 2316 measj
2387 2328 2396 2336 .

1373 2334 1427 2371 Ita
1447 2334 1688 2372 scribendum.
1715 2345 1801 2370 nam
1823 2340 1927 2369 vetus
1950 2331 2068 2369 codex
2083 2359 2093 2375 ,
2113 2328 2414 2386 fulva3vulgat13

1371 2398 1493 2421 curva.
1524 2384 1636 2422 Unde
1657 2386 1694 2422 &
1717 2385 1821 2421 furva
1843 2382 1913 2420 Dis
1932 2382 2055 2419 inferis
2085 2393 2220 2430 pecora
2239 2379 2414 2423 immola-⁴

1373 2442 1420 2472 ta.
1447 2435 1492 2472 de
1513 2435 1641 2485 quibus
1665 2435 1765 2472 Silius
1784 2434 1876 2470 libro
1897 2445 1989 2470 vm.
2016 2445 2029 2470 1
2044 2445 2095 2480 '¹9-

1488 2499 1492 2504 ’
1615 2499 1696 2506 —-
1744 2484 1944 2534 furvasque
1964 2482 2146 2520 trahebam

1427 2538 1501 2587 Ipsa
1523 2551 1633 2574 manu
1650 2546 1830 2586 properans
1848 2536 1896 2571 ad
1913 2535 1990 2582 visa
2006 2534 2139 2583 pianda
2160 2531 2323 2588 bidentes.
2403 2581 2413 2591 u

1374 2586 1594 2625 Censorinus
1617 2588 1662 2625 de
1684 2587 1742 2624 die
1763 2585 1871 2624 natali
1894 2597 1937 2622 ex
1959 2585 2197 2627 Varrone‚utt
2215 2589 2412 2620 DittPatrt

1375 2650 1418 2678 ω’
1440 2639 1656 2688 Proserpinae
1677 2637 1751 2674 ludi
1775 2642 1806 2672 T
1803 2636 1948 2672 erentini
1969 2635 2007 2671 in
2028 2640 2158 2683 Campo
2188 2634 2322 2669 Martio
2343 2632 2414 2691 ’ᾖε-

1374 2700 1451 2725 rent
1465 2718 1475 2733 ‚
1504 2702 1547 2728 cy
1565 2688 1688 2735 hostiae
1702 2689 1837 2734 furvae
1858 2684 2134 2721 immolarentnr.
2152 2685 2309 2730 furvam
2322 2686 2420 2734 ησὲῗιμ

1375 2739 1435 2776 dat
1441 2738 1576 2788 pallam
1588 2740 1770 2784 Juvencus
1783 2735 1916 2772 Histor.
1930 2735 2105 2784 Euangel.
2116 2735 2174 2772 lib.
2188 2747 2234 2771 11.
2247 2734 2411 2772 Pruden-

1373 2790 1444 2826 tius
1465 2788 1713 2825 Cathemerin.
1740 2788 1884 2834 hymno
1908 2799 1959 2824 xx.

1424 2839 1487 2875 Sed
1504 2839 1584 2875 deus
1605 2840 1689 2874 dum
1711 2838 1781 2873 lace
1790 2839 1926 2884 furvae
1946 2837 2066 2873 mortis
2085 2846 2192 2873 antra
2213 2835 2410 2874 illuminat:

1370 2895 1493 2926 Furva
1520 2889 1640 2925 mortis
1660 2900 1789 2928 antra.
1817 2888 1890 2924 lioc
1913 2888 1961 2924 est
1984 2916 1994 2932 ,
2029 2888 2177 2924 inferos.
2203 2886 2252 2923 ita
2273 2886 2407 2923 scribo.-

1370 2946 1456 2976 Luee
1470 2939 1581 2987 fitlva
1604 2951 1701 2976 nunc
1723 2939 1851 2987 legitur
1874 2938 1984 2975 etiam
2017 2938 2054 2974 in
2077 2937 2219 2985 scriptis.
2246 2938 2402 2984 furvam

1367 2994 1496 3027 nocssem
1516 2991 1626 3027 etiam
1650 2990 1740 3027 dixit
1773 2989 1981 3026 Marcianus
2011 2988 2158 3036 Capella
2188 2987 2248 3024 lib.
2275 2999 2334 3042 yx.
2362 2987 2402 3023 &

1367 3041 1472 3078 initio
1493 3041 1570 3077 libri
1593 3053 1638 3076 11.
1660 3040 1721 3078 ubi
1736 3049 1864 3089 parurn
1883 3050 2071 3088 perperam
2095 3049 2193 3074 nunc
2213 3037 2364 3092 legitur:

1420 3092 1486 3128 Sed
1496 3093 1654 3138 furvum
1674 3090 1836 3138 astriferis
1858 3090 1987 3127 caelum
2002 3088 2192 3138 scandebat
2210 3087 2351 3124 habenis

1419 3148 1500 3178 Nox
1521 3155 1684 3178 revocans
1704 3145 1807 3190 merso
1820 3139 1995 3190 fulgentia
2007 3138 2120 3188 fidera
2143 3138 2240 3174 caelo.
2325 3188 2331 3194 ι

1364 3192 1423 3229 Est
1443 3193 1481 3229 &
1504 3204 1578 3229 vox
1600 3203 1642 3229 ea
1664 3203 1741 3229 non
1763 3192 1874 3229 semel
1896 3189 2069 3229 mendosa
2090 3188 2187 3238 apud
2209 3188 2403 3226 Valerium.

1363 3243 1548 3281 Flaccum.
1574 3250 1614 3279 ut
1633 3242 1656 3279 l.
1678 3255 1732 3279 xv.
1755 3255 1839 3290 409.

1417 3299 1551 3329 Contra
1572 3293 1675 3329 Nilus
1697 3293 1810 3338 adest,
1838 3305 1882 3332 (γ’
1903 3302 1971 3328 tote
1988 3292 2121 3340 gurgite
2141 3302 2270 3328 torrens

1418 3342 1618 3395 Tissphonen
1638 3344 1711 3394 agit
1732 3371 1744 3390 ,
1770 3354 1875 3394 atque
1895 3343 1974 3381 imis
1995 3342 2104 3380 illidit
2123 3342 2236 3380 arenis
2249 3368 2261 3387 ,
2304 3389 2355 3426 D·
2378 3388 2402 3424 '³

2342 3400 2383 3426 itt
