2483 3616
259 185 363 257 776

731 185 794 242 P.
866 175 1281 240 OVIDII
1350 181 1893 240 NASONIS

565 298 791 355 Dixerat
817 295 1043 369 agrestis.
1081 311 1183 349 nec
1212 291 1372 347 Pelea
1395 293 1588 350 damna
1611 297 1898 353 movebant
1914 316 1931 351 .-

430 369 532 436 380
581 372 715 434 Sed,
754 386 963 424 memor
991 363 1230 428 admissi,
1265 365 1505 420 Nereida
1530 369 1733 439 colligit
1759 372 1946 425 orbam

564 443 774 498 Damna
801 440 1131 495 suoinferias
1159 434 1419 493 exstinPto
1444 439 1659 493 mittere
1687 441 1889 497 Phoco,

567 514 794 568 Induere
821 531 963 568 arma
993 513 1164 574 virm,
1202 509 1544 582 violentaque
1571 511 1778 565 sumere
1808 516 1910 568 tela

571 585 698 640 Rex
717 586 867 658 jubet
894 587 1161 645 Oetaeus;
1204 597 1330 636 cum
1355 584 1474 654 quis
1500 582 1650 636 simul
1674 582 1781 654 ipse
1805 586 2020 655 parabat

571 657 668 713 Ire.
705 660 796 714 sed
822 658 1108 730 Halcyone
1135 653 1334 725 conjux
1358 655 1532 710 exeita
1556 656 1793 709 tumultu

425 731 524 799 385
564 730 800 795 Prosilit,
843 731 927 794 &‚
963 729 1207 785 nondum
1235 739 1384 782 totos
1409 742 1593 783 ornata
1618 727 1860 800 capillOS,

567 803 778 874 Disjieit
804 803 901 857 hos
926 803 1088 874 ipsos:
1127 801 1379 874 colloque
1406 801 1573 856 infusa
1598 801 1801 864 mariti,
2017 869 2020 874 ¹

573 876 764 930 Mittat
790 888 848 930 ut
876 875 1130 930 auxilium
1157 874 1263 929 fine
1289 873 1342 928 se
1359 910 1374 935 ‚
1397 875 1680 947 verbisque
1705 884 1975 945 precatur,

573 947 647 1002 Et
675 949 932 1013 lacrimis;
972 948 1278 1022 animasque
1306 946 1437 1004 duas
1465 961 1525 1004 ut
1546 947 1719 1004 servet
1748 946 1804 1001 in
1828 949 1951 1003 una.

337 1170 437 1182 --
466 1171 570 1197 arma
583 1188 594 1205 ,
616 1170 779 1198 cruentus

329 1211 440 1258 Hostis
464 1211 578 1259 adest,
607 1212 713 1261 capite
730 1225 833 1250 arma
857 1212 944 1252 viri.

280 1270 417 1310 Noster
434 1273 506 1321 ipse
524 1273 585 1312 lib.
606 1286 649 1312 xx
663 1286 691 1312 r.
712 1286 795 1321 241.
815 1287 860 1313 ex
882 1276 1042 1325 antiquis
1063 1274 1308 1316 membranis.
1340 1280 1341 1284 ’

331 1324 575 1375 Certatimque
603 1338 717 1362 omnes
752 1339 820 1363 uno
850 1340 926 1372 ore,
955 1331 1101 1372 Arma,
1131 1340 1260 1372 arma,
1287 1325 1336 1363 lo-

471 1386 642 1425 quantur.

279 1423 386 1462 Plura
421 1423 675 1476 Zinzerlingus
711 1426 947 1467 Promulfidis
986 1428 1147 1467 Criticae
1185 1439 1265 1477 cap.
1302 1439 1335 1466 1.

282 1474 493 1514 Hfixxstus.

334 1537 418 1575 379.
445 1528 597 1565 Dixerat
617 1527 753 1578 agrestis
773 1543 832 1569 nec
849 1529 987 1580 Pelea]
1018 1529 1054 1567 Si
1074 1529 1194 1569 versus
1214 1529 1273 1569 ille
1284 1530 1334 1569 ita

279 1576 495 1617 scriberetur
506 1607 516 1623 ,

331 1627 485 1666 Dixerat
503 1629 637 1679 agrestis
650 1659 660 1675 ,
688 1641 732 1671 ω’
752 1631 850 1668 Pelea
869 1632 1004 1669 damna
1025 1630 1226 1669 movebant.

283 1688 425 1729 Sciolus
446 1690 575 1741 aliquis
588 1693 752 1731 crederet
773 1702 986 1743 corruptum
1008 1694 1110 1732 illum
1126 1693 1333 1745 effezquod

280 1748 408 1778 tamen
431 1745 553 1781 minus
573 1756 702 1782 verum
727 1745 793 1782 est:
827 1747 864 1782 ὃ(
884 1747 931 1782 ita
950 1745 1148 1782 obsensum
1170 1745 1241 1794 legi
1269 1746 1333 1784 de-

283 1789 358 1828 bet.
385 1792 486 1831 Tau.
511 1794 641 1831 Fiam
671 1795 732 1832 libv
763 1808 808 1833 11.
837 1796 906 1844 Ep.
927 1797 986 1843 69.
1016 1795 1076 1833 sed
1101 1797 1223 1833 minus
1245 1805 1335 1834 tunc

285 1841 549 1881 adversativam
583 1845 794 1893 particulam
810 1845 873 1893 sed
901 1858 1103 1894 congruere
1126 1856 1229 1895 puto.
1255 1847 1333 1885 sen·

282 1891 338 1928 sus
362 1904 474 1942 ergo3
496 1906 573 1932 non
594 1905 669 1932 tam
689 1895 824 1933 damna
848 1896 951 1933 Pelea
972 1897 1195 1941 movebant,
1221 1909 1333 1947 quam

284 1943 390 1990 quod
420 1945 506 1981 inde
539 1946 726 1994 colligeret
747 1947 866 1984 Deam
890 1956 1077 1995 parentare
1106 1949 1172 1986 illis
1194 1947 1337 1987 damnis

283 1994 436 2031 umbrae
464 1995 579 2033 Phoci
611 1997 674 2034 sui.
703 2009 780 2034 non
803 2000 913 2035 etiarn
938 1998 1000 2046 suo
1023 2011 1230 2037 moverem.
1257 2011 1335 2037 cre-

284 2043 450 2081 dendum
470 2048 571 2083 enim
595 2047 747 2085 Nereidi
763 2046 866 2085 fuiffe
887 2048 1035 2086 charum
1048 2050 1238 2087 Phocum:
1260 2060 1336 2088 erat

287 2095 388 2131 enim
410 2095 554 2134 Phocus
576 2109 622 2134 ex
650 2098 780 2136 Aeaco
808 2101 845 2136 &
868 2099 1056 2137 Psamatbe
1083 2100 1244 2137 Nereide
1272 2113 1337 2139 na-

284 2151 483 2194 tus,quem
507 2156 545 2184 ut
566 2148 725 2186 nothum
747 2150 1008 2187 interfecerunt
1026 2150 1151 2188 Peleus
1173 2151 1337 2189 &Tela-

284 2206 392 2232 mon.
419 2196 493 2234 vid.
516 2197 640 2236 Schol.
658 2200 802 2237 Pindar.
821 2199 864 2237 ad
884 2200 959 2239 Od.
973 2201 1130 2250 Olymp.
1149 2213 1260 2240 vixx.
1277 2214 1336 2252 39.

287 2245 328 2283 c&
349 2246 440 2284 alios
463 2248 774 2298 Mythographos.
801 2250 934 2289 Euam.

339 2298 424 2347 380.
453 2299 633 2348 Colligit.]
662 2302 802 2349 Cogitat
822 2301 993 2341 Menard.

339 2348 424 2397 381.
453 2355 600 2387 Damna
617 2350 717 2401 sum]
747 2358 816 2388 Sua
836 2353 1050 2392 vetustiores
1065 2381 1075 2398 ,
1097 2353 1240 2403 velfiti.
1266 2366 1335 2404 po-

278 2398 411 2449 sterius
432 2401 649 2449 amplector.
684 2408 832 2440 Damna
842 2404 902 2452 sui
922 2416 989 2453 pro
1020 2404 1080 2442 sua
1103 2404 1237 2443 damna
1252 2419 1261 2443 ε
1275 2406 1335 2444 lib.

288 2461 339 2537 ᾖ).
369 2460 485 2500 captus
511 2465 626 2490 amore
653 2454 721 2491 mei
745 2466 813 2504 pro
843 2466 943 2492 meo.
978 2456 1126 2494 Hfims.
1181 2456 1266 2495 Vid.
1290 2457 1336 2496 ad

288 2512 313 2537 ,ι
342 2530 347 2536 .
374 2513 403 2538 1.
452 2515 489 2540 0.

340 2512 524 2601 383.3Rex
553 2554 737 2606 Oetaeus.]
766 2556 874 2606 Ceyx
895 2568 959 2594 rex
980 2555 1193 2596 Trachinae
1207 2586 1219 2603 ‚
1239 2570 1335 2608 quae

291 2604 521 2641 contermina
541 2606 589 2643 est
613 2606 733 2644 Oetae
755 2608 890 2645 monti.
916 2608 953 2645 A
973 2609 1188 2657 quibusdam
1210 2617 1336 2648 tamen

291 2651 462 2690 aetherius
484 2655 635 2703 legitur,
664 2657 738 2695 hoc
760 2659 831 2702 est,
859 2658 1029 2707 sydereus
1060 2660 1098 2697 &
1121 2658 1338 2708 splendidus.

291 2703 457 2740 Rhonss.
505 2705 558 2742 Ita
585 2718 737 2754 quoque
759 2708 906 2756 plurimi
933 2710 1080 2748 codices
1103 2710 1260 2749 Heinsio
1279 2712 1337 2750 in-

288 2752 401 2800 specii
416 2781 425 2796 ‚
453 2753 513 2792 sed
532 2757 724 2794 aetheriam
743 2759 816 2796 hoc
837 2759 937 2797 sensu
959 2760 1031 2798 dici
1050 2759 1150 2809 poffe
1171 2762 1234 2800 vix
1263 2774 1333 2811 pu-

294 2812 347 2841 to.
378 2802 524 2851 Otrifius
540 2806 649 2843 Palat.

345 2853 429 2903 385.
457 2859 503 2890 Et
526 2856 679 2893 nondum
701 2867 786 2894 totos
805 2869 929 2895 ornata
951 2860 1100 2909 capillos.
1126 2862 1294 2911 Alcyone.
1313 2864 1329 2914 ]

291 2904 366 2942 Sub
389 2905 462 2943 hoc
482 2905 672 2955 Alcyones
699 2908 848 2945 fabellae
868 2911 1064 2948 involucro
1086 2939 1096 2955 ,
1124 2913 1331 2960 ingeniosus

290 2955 410 2994 Po'e'ta
443 2956 568 2994 alludit
601 2957 645 2995 ad
678 2957 951 3007 Semyramim,
989 2961 1034 2997 de
1062 2973 1135 3009 qua
1164 2963 1330 3002 Valerius

292 3006 484 3045 Maximus
500 3017 605 3045 nono
616 3009 917 3047 Memorabilium
941 3010 988 3047 fic
1006 3011 1189 3060 loquitur:
1214 3019 1331 3049 Nam-

293 3071 358 3105 que
381 3059 611 3106 Semyramis‚
635 3059 854 3108 Assyriorum
887 3061 1013 3108 Regina
1038 3089 1048 3105 ‚
1089 3074 1167 3096 cum
1186 3062 1215 3097 ei
1240 3064 1331 3099 circa

294 3108 428 3144 cultum
449 3108 567 3157 capitis
587 3120 764 3159 occupatae
777 3139 787 3154 ‚
823 3112 1030 3147 nuntiatum
1061 3112 1133 3159 eſjot
1153 3112 1330 3161 Babylona

294 3159 452 3207 defecisse,
464 3160 542 3208 jam
557 3169 656 3208 parte
669 3161 817 3197 crinium
829 3161 944 3198 adhuc
954 3162 1095 3210 soluta,
1116 3164 1332 3210 protinurad

294 3221 370 3244 eam
393 3211 662 3258 expugnandum
690 3212 864 3258 cucurrit,
893 3226 951 3248 nec
972 3213 1069 3261 prius
1107 3214 1256 3250 decorem
1276 3228 1334 3251 ca-

290 3258 450 3303 pillorum
471 3261 508 3295 in
530 3262 704 3307 ordinem,
732 3276 840 3310 quam
869 3274 1011 3300 tantam
1040 3262 1158 3300 urbem
1184 3264 1223 3300 in
1237 3274 1328 3314 pote-

283 3307 696 3363 ssatemsaam2redegit.
725 3316 805 3364 Qo
827 3314 916 3353 circa
929 3313 1050 3364 statua
1062 3315 1152 3365 ejas,
1179 3315 1327 3371 Babylo-⁴

2164 1022 2429 1084 Aeacides

1392 1173 1435 1199 ne
1443 1159 1550 1211 posita
1570 1161 1615 1209 est
1631 1160 1691 1198 illo
1711 1159 1837 1198 habitu
1851 1188 1861 1206 ‚
1890 1173 1955 1210 quo
1973 1160 2024 1198 ad
2044 1160 2211 1199 ultionem
2230 1163 2433 1213 exigendam

1392 1213 1563 1250 celeritate
1579 1212 1756 1263 praecipiti
1777 1212 1936 1249 tetendit.
1976 1212 2023 1250 de
2042 1214 2143 1262 cujus
2158 1214 2336 1260 mulieris,
2350 1219 2434 1258 imo·

1391 1264 1562 1312 viraginis
1575 1293 1584 1309 ‚
1599 1263 1815 1301 excellentia
1832 1263 1932 1301 hunc
1951 1264 1986 1300 in
2010 1265 2166 1302 modum
2186 1264 2348 1314 loquitur
2361 1268 2429 1307 Be-

1390 1314 1519 1352 rosus:
1557 1321 1652 1351 Haec
1680 1311 1848 1360 anteccffit
1878 1314 2009 1351 militia
2035 1315 2240 1365 triumphis,
2270 1317 2432 1367 divitiis,

1390 1365 1568 1410 vidonis,
1596 1378 1711 1401 omnes
1737 1363 1910 1401 mortales.
1945 1365 2015 1414 ipsa
2048 1365 2140 1402 hanc
2173 1366 2291 1403 urbem
2314 1370 2430 1408 maxi·

1390 1430 1488 1453 mam
1508 1430 1550 1453 ex
1569 1416 1800 1465 oppidoflzcit,
1829 1426 1870 1451 ut
1890 1416 1999 1464 magis
2019 1415 2087 1453 dici
2104 1415 2196 1465 poffit
2217 1417 2318 1454 illam
2337 1421 2432 1458 aedi·

1383 1467 1520 1516 ficaffe,
1547 1481 1654 1518 quam
1693 1467 1876 1517 ampliaffe.
1931 1473 2041 1503 Nemo
2070 1480 2229 1517 unquam
2263 1468 2342 1506 haic
2356 1473 2428 1518 foe-

1391 1532 1511 1555 minae
1529 1518 1783 1567 comparandas
1803 1521 1854 1563 est3
1866 1517 2026 1555 virorum
2040 1546 2050 1562 ‚
2078 1528 2181 1554 tama
2201 1519 2292 1555 enim
2311 1520 2349 1557 in
2365 1525 2434 1571 ejus
2482 1558 2483 1562 ,

1389 1569 1469 1605 vita
1491 1569 1659 1606 dicuntur
1690 1580 1733 1608 (φ’
1752 1568 1958 1617 scribantur
1978 1596 1988 1612 ,
2027 1579 2104 1605 tum
2133 1569 2181 1605 acl
2209 1570 2430 1620 vituperatio·
2482 1578 2483 1602 ἓ

1390 1633 1491 1663 nem,
1545 1631 1623 1657 tum
1655 1620 1810 1656 maxime
1846 1619 1894 1656 ad
1924 1619 2213 1658 collaudationem
2240 1622 2434 1672 magnificat

1387 1670 1563 1718 Jaconus
1592 1684 1613 1709 Α
1644 1671 1799 1708 CRUCE.
2410 1691 2414 1695 ·

1443 1733 1526 1781 385.
1555 1732 1693 1781 Totos.]
1723 1737 1839 1769 Tortos
1855 1731 1963 1769 multi
1983 1738 2137 1769 veteres.
2165 1730 2225 1769 sed
2247 1732 2433 1772 nihilmu·

1389 1791 1437 1820 ta.
1463 1783 1633 1822 nondum
1657 1784 1765 1832 plene
1783 1791 1921 1821 ornata.
1935 1793 2163 1839 ‘quanquam
2193 1782 2238 1819 de
2259 1784 2357 1820 tortis
2374 1795 2437 1820 ca-

2480 1717 2483 1747 l

2479 1807 2481 1838 l

1382 1834 1481 1882 pillis
1509 1834 1623 1882 probe
1653 1835 1843 1878 memini,
1880 1845 1944 1882 qui
1976 1832 2101 1882 paflim
2132 1832 2227 1882 apud
2246 1833 2438 1883 scriptores·
2478 1842 2481 1882 Ι

1390 1893 1594 1923 occurrant.
1623 1885 1770 1923 Hms.
1823 1885 1964 1922 Eadem
1986 1885 2140 1922 varietas
2158 1884 2219 1922 lib.
2239 1898 2275 1922 κ.
2295 1898 2378 1933 424.

1443 1947 1527 1996 386.
1554 1947 1699 1995 Disjicit
1719 1947 1777 1984 hos
1796 1946 1908 1996 ipsos]
1938 1947 2014 1984 Hic
2030 1945 2134 1984 locus
2155 1945 2367 1994 depravatus
2379 1947 2435 1987 est.-v

1391 2009 1465 2034 una
1484 1998 1654 2036 videlicet
1669 1998 1850 2042 litterula,
1878 2007 1917 2036 ut
1940 1997 2094 2035 videbis.
2147 1997 2188 2034 ln
2211 2010 2287 2035 uno
2310 1999 2426 2038 Vatic.

1392 2048 1570 2087 ambobus
1594 2049 1723 2087 Mal-'fei
1749 2079 1759 2094 ‚
1788 2061 1878 2086 meo
1893 2077 1902 2092 ‚
1931 2047 2070 2086 Fames.
2094 2049 2132 2085 &
2155 2049 2311 2087 Domin.
2330 2061 2428 2098 aper-

1392 2097 1429 2136 te
1446 2099 1576 2148 legitur
1590 2129 1600 2145 ,
1630 2099 1763 2148 Difficit
1782 2100 1841 2137 hos
1861 2100 1940 2149 ipsos
1954 2127 1963 2143 ‚
1991 2110 2054 2148 per
2077 2098 2152 2136 duo
2173 2113 2186 2135 s
2200 2114 2224 2136 s.
2279 2100 2320 2138 In
2343 2100 2427 2139 alte-

1392 2162 1434 2187 ro
1455 2162 1543 2188 meo
1579 2153 1788 2201 antiquiore
1809 2179 1819 2195 ‚
1849 2149 1972 2200 Dificit
1997 2177 2007 2193 ‚
2042 2161 2106 2198 per
2133 2149 2287 2199 simplex
2308 2165 2333 2188 s.
2385 2151 2428 2190 In

1393 2200 1536 2239 duobus
1558 2202 1679 2240 Vatic.
1711 2203 1749 2239 &
1782 2202 1988 2239 Caelestino
2014 2201 2184 2249 scriptum
2207 2201 2256 2238 est
2278 2229 2289 2246 ,
2327 2199 2425 2249 Diffi-

1386 2260 1451 2301 pat
1490 2253 1616 2302 (quod
1645 2251 1821 2302 glossema
1852 2253 1921 2290 estt
1960 2251 2147 2290 dicitur&
2168 2251 2343 2299 dividit).
2373 2253 2434 2291 lta-⁷

1390 2315 1544 2352 quoque
1565 2305 1697 2342 accidit
1718 2305 1754 2342 in
1776 2305 1838 2342 illo
1852 2303 1997 2352 Virgilii
2017 2302 2120 2340 versu
2138 2302 2199 2340 lib.
2222 2314 2250 2339 1.
2264 2303 2431 2359 Aen570.

1390 2354 1520 2403 Disjice
1541 2364 1677 2404 corpora
1691 2364 1804 2405 ponto.
1831 2356 1880 2392 ita
1902 2355 2002 2391 enim
2030 2365 2130 2391 nunc
2155 2352 2430 2408 villgoiegitur.

1392 2404 1435 2442 In
1467 2407 1615 2454 optimo
1642 2407 1706 2444 illo
1736 2406 1896 2455 Virgilio
1925 2405 2109 2442 Vaticano
2130 2430 2140 2446 ‚
2168 2403 2294 2440 litteris
2322 2414 2428 2452 gran-

1391 2455 1558 2495 diusculis
1573 2457 1773 2506 descripto,
1803 2457 1931 2505 (cujus
1961 2453 2167 2492 auctoritati
2187 2454 2429 2511 tantum-ipse

1389 2507 1512 2545 tribuo
1534 2535 1544 2552 ,
1580 2517 1760 2557 quantum
1789 2509 1936 2555 optimo
1974 2505 2107 2553 cuique
2137 2504 2423 2559 Grammatico)

1390 2557 1578 2607 perspicue
1611 2559 1686 2596 fine
1714 2558 1785 2596 ulla
1810 2558 1917 2595 litura
1945 2555 2078 2603 legitur
2101 2582 2111 2597 ‚
2150 2553 2271 2610 Diffice
2295 2564 2426 2605 corpora

1386 2617 1502 2658 ponto.
1529 2609 1717 2647 Praeterea
1730 2606 1847 2657 Diffice
1863 2607 1996 2656 legitur
2016 2616 2166 2655 quoque
2183 2617 2219 2642 in
2232 2606 2340 2644 tribus
2351 2606 2423 2645 aliis

1392 2661 1515 2698 Varie.
1548 2660 1601 2698 At
1621 2660 1712 2698 vero
1733 2661 1768 2697 in
1805 2657 2094 2706 Longobardico
2125 2657 2161 2692 8<
2185 2657 2222 2692 in
2253 2668 2327 2694 uno
2347 2656 2432 2696 satis-

1392 2712 1538 2755 veteri,
1566 2723 1681 2759 quem
1713 2710 1823 2748 habet
1854 2708 2025 2758 Phyficus
2052 2707 2240 2754 optimus,
2269 2707 2422 2745 Graeca-

1391 2773 1548 2811 rumque
1564 2762 1765 2799 litterarum
1776 2759 2014 2807 intelligentia
2035 2764 2197 2813 ornatuS,
2211 2759 2296 2796 civis
2307 2769 2438 2804 meus,

1386 2813 1562 2861 Josephus
1583 2813 1777 2854 Siivestris,
1804 2811 1974 2857 scriptum
2004 2808 2051 2844 est
2066 2835 2076 2852 ‚
2091 2806 2295 2857 Dgfice‚per
2305 2820 2417 2847 unum

1389 2878 1412 2901 5.
1441 2865 1533 2913 Quo
1564 2864 1682 2902 modo
1721 2862 1863 2900 testatus
1890 2858 1968 2895 sum
2000 2859 2075 2895 hoc
2103 2859 2190 2896 loco
2221 2859 2364 2907 reperiri
2383 2860 2421 2897 in

1387 2926 1476 2951 meo
1496 2915 1716 2962 antiquiore.
1770 2910 1840 2948 Sed
1864 2909 2142 2946 mirorPierium
2163 2909 2291 2956 hujus,
2312 2920 2422 2958 quam

1386 2965 1514 3008 retuli,
1548 2963 1717 3000 lectionis
1747 2961 1981 2999 mentionem
2010 2960 2144 2998 nullam
2170 2957 2308 2995 fecisse:
2337 2958 2423 2998 licet

1384 3015 1532 3051 testetur
1555 3013 1587 3050 se
1609 3011 1774 3060 reperisse
1794 3013 1830 3050 in
1851 3011 2114 3059 exemplaribus
2136 3009 2288 3057 antiquis
2311 3007 2359 3046 fic
2379 3010 2422 3047 il-

1384 3064 1447 3100 lud
1467 3063 1627 3112 ejusdem
1650 3064 1794 3111 Virgilii
1813 3063 1872 3100 lib.
1888 3074 1950 3100 111.
1966 3073 2048 3110 337.
2072 3057 2422 3114 Difficefompofitam

1381 3122 1514 3162 pacem.
1544 3114 1670 3163 Itaque
1692 3126 1767 3151 non
1781 3114 1936 3161 amplius
1958 3113 2108 3153 dubito,
2135 3120 2222 3156 qum
2244 3110 2335 3166 haec
2353 3122 2428 3151 ve·

1387 3176 1424 3202 ra
1445 3166 1482 3201 ἃ
1502 3176 1674 3212 germana
1698 3165 1739 3202 fit
1761 3164 1884 3202 lectio.
1914 3164 2024 3201 Hanc
2043 3159 2195 3214 eandem
2215 3159 2417 3199 lechonem

1386 3215 1425 3252 in
1448 3216 1628 3252 veteribus
1652 3221 1804 3264 quoque
1833 3216 1927 3252 libris
1949 3212 2117 3250 Gifanius
2146 3209 2243 3256 (md.
2265 3211 2416 3269 Lucrett

1383 3265 1420 3303 in
1445 3266 1636 3314 Proicere.)
1664 3266 1699 3303 se
1718 3265 1882 3315 reperisse
1904 3263 2067 3302 affirmat.
2095 3260 2264 3298 CloFAN.
2317 3261 2433 3300 Libn‘

1381 3325 1522 3356 veteres
1551 3328 1684 3367 magna
1710 3311 2082 3367 ex.parte,.D1fficit.
2108 3311 2211 3361 quod
2231 3311 2432 3401 ειΡΡΙειυξεέ-ἑ·
