2483 3616
229 189 321 257 148

734 181 795 239 P.
870 175 1281 240 OVIDII
1354 174 1890 235 NASONIS

517 278 723 341 Texit3
765 277 1004 349 onusque
1031 274 1132 328 suit
1159 269 1405 326 baculum
1432 268 1658 328 silvestre
1684 274 1934 338 sinistrae3

519 353 786 415 Alterius,
826 350 998 421 dispar
1027 344 1254 418 septenis
1280 340 1446 396 fistula
1470 345 1672 400 cannis.

517 425 778 496 Dumque
809 440 960 475 amor
986 419 1060 474 est
1084 434 1273 479 curae,
1312 413 1443 468 dum
1468 427 1521 468 te
1546 429 1636 470 tua
1661 418 1825 475 fistula
1850 421 2080 485 mulcet,

520 496 877 552 Incustoditae
905 493 1083 566 Pylios
1109 500 1477 545 memorantur
1501 487 1558 542 in
1588 506 1745 561 agros

2098 566 2161 620 68
2170 586 2198 635 ς
2238 568 2371 624 Pro-

224 700 367 750 semper
388 702 426 740 in
448 702 611 741 nummis
642 700 689 740 ita
713 699 871 738 sci-ibitur
904 697 1178 734 ΜΕΣΣΑΝΩΝ
1211 691 1271 730 vel
1317 699 1400 740 pem
1432 690 1527 728 inter
1558 688 1766 734 Thessaliae
1792 698 1831 735 &
1862 695 2109 746 Peloponnesi
2141 696 2273 736 fluvios
2304 710 2373 736 nu-

223 755 527 791 ΜΕΣΣΑΝΙΩΝ.
556 762 596 791 ut
615 765 659 790 ex
685 752 836 788 Goltzio
868 750 907 786 &
939 747 1013 784 aliis
1036 743 1268 797 manifestum

209 802 286 845 est.
317 815 354 840 v.
382 804 519 841 Cluver
542 805 635 841 Sicil.
658 803 787 849 Antiq.
811 814 837 836 1.
862 810 942 845 cap.
964 796 997 833 6.
1025 795 1085 831 sed
1115 793 1271 849 superest

225 853 347 891 nodus
369 855 406 891 in
428 855 502 891 hoc
526 855 611 892 loco
637 881 646 897 ‚
673 863 744 900 qua
768 850 910 886 ratione
928 847 988 884 1116
1011 844 1150 893 Apollo
1175 843 1273 881 dica-

223 911 284 941 tur
303 905 340 941 in
363 904 466 942 Elide
500 906 536 941 ἃ
554 915 641 953 agi-o
663 899 847 938 Meffanio
868 895 1004 947 pavisse
1022 896 1137 951 boves
1151 922 1161 940 ‚
1185 906 1272 950 cum

225 954 286 991 alii
308 956 572 1004 lN‘Iythographi
604 955 680 991 fere
701 964 779 989 uno
812 962 877 988 ore
899 948 1022 1003 dicant
1046 975 1056 992 ,
1091 958 1130 983 in
1153 946 1273 983 Thes-

223 1005 307 1042 salia
339 1005 383 1043 ad
417 1006 546 1043 urbem
569 1005 698 1042 Pheras
714 1013 809 1040 eum
831 1000 988 1037 Admeti
1008 998 1122 1034 boves
1144 997 1203 1033 vel
1231 1007 1271 1033 e-

225 1067 321 1106 quos
341 1054 485 1104 pavisse.
523 1055 718 1093 Farnabius
739 1053 802 1091 liic
823 1052 975 1089 haerens
990 1079 998 1093 ,
1023 1048 1134 1102 legit,
1148 1098 1153 1103 ⁸
1166 1053 1271 1102 ng-

225 1105 381 1156 nefiaqne
402 1121 507 1144 arva.
547 1106 650 1156 quod
673 1107 711 1142 E<
734 1101 1031 1152 conjunfflsiimo
1065 1098 1157 1135 mihi
1178 1097 1269 1153 olim

223 1157 387 1206 collegae
403 1186 412 1202 ,
441 1159 522 1195 viro
546 1157 771 1195 Dofflsfimo
785 1183 796 1200 ‚
817 1151 985 1190 Relaiido
1008 1149 1172 1198 {lacebat
1186 1160 1270 1203 ‚qui

223 1208 312 1245 ideo
334 1221 400 1257 pro
424 1209 507 1246 Elin
526 1209 670 1258 legebat
692 1216 843 1257 quoque
868 1232 879 1248 ,
908 1201 1047 1258 Othryn
1070 1198 1270 1248 Jsffagnesm-

224 1272 290 1309 que
321 1274 415 1296 arva
440 1289 449 1304 ‚
488 1260 574 1310 quini
606 1259 686 1296 Otri
716 1259 753 1294 in
786 1255 916 1293 codice
954 1254 1018 1289 suo
1050 1257 1271 1306 reppererat,

224 1321 339 1358 quem
374 1310 535 1348 eundem
568 1311 679 1347 credo
703 1306 773 1346 effe
797 1335 807 1352 ‚
834 1316 953 1358 quem⁴
982 1302 1152 1356 Heinsius
1184 1300 1271 1337 Me-

224 1360 329 1397 nardi
362 1361 466 1399 dono
489 1362 579 1399 olim
600 1360 726 1398 habuit
740 1388 749 1404 ,
778 1370 822 1394 ex
844 1368 920 1405 quo
945 1352 1045 1390 illam
1066 1351 1267 1407 lechonem

225 1418 432 1449 notaverat.
462 1412 525 1451 sed
546 1412 629 1448 Elin
652 1410 855 1448 constanter
878 1415 1011 1444 omnes
1034 1411 1193 1440 retinent
1214 1413 1269 1438 re-

223 1460 315 1510 liqui
338 1462 485 1500 codices
499 1492 508 1506 ,
538 1464 577 1500 &
598 1462 687 1499 solet
707 1461 765 1499 illa
787 1470 873 1497 cum
908 1455 1066 1505 Messana
1088 1454 1165 1491 sere
1179 1464 1270 1491 con-

220 1511 339 1561 jungi.
364 1513 414 1551 ita
437 1515 542 1551 Nost.
563 1513 623 1551 lib.
643 1526 713 1550 xii.
740 1523 820 1561 5119·

278 1563 340 1600 Ille
361 1575 441 1601 tems
462 1565 604 1602 Genitor
625 1563 795 1612 Meffifnia
816 1558 950 1597 moenia
971 1556 1147 1607 qnondam

281 1616 421 1651 Stravit
436 1644 446 1660 ,
473 1628 516 1656 (φ
538 1615 731 1652 immeritas
753 1612 850 1650 urbes
864 1639 874 1656 ‚
888 1610 1035 1664 Elinque
1057 1606 1244 1657 Pylonque.

229 1664 360 1702 Livius
381 1666 440 1703 lib.
464 1678 592 1704 xxxvi.
621 1678 679 1716 3¹-
715 1664 843 1702 etenim
873 1661 972 1716 duae·
994 1659 1154 1695 czvitates
1177 1657 1270 1706 Mes-

222 1716 313 1765 sane
337 1729 380 1756 e?
404 1717 475 1754 Elis
508 1728 608 1754 extra
642 1715 822 1753 concilium
853 1711 1053 1748 Achazcum
1085 1719 1198 1764 eram.
1231 1709 1271 1745 ὅς

229 1777 316 1802 cum
342 1767 432 1816 Pylo
447 1768 570 1817 ‚cujus
593 1769 631 1805 ὃς
650 1767 711 1805 1116
733 1778 823 1805 mox
843 1762 987 1801 mentio
1010 1759 1065 1807 fit,
1089 1760 1218 1799 Statius
1240 1771 1268 1797 1.

226 1816 350 1854 Achil.
372 1830 453 1864 422.
475 1819 620 1868 jungit,

286 1873 473 1906 Murorum
495 1879 668 1906 tormenta
692 1869 812 1918 Pylos,
841 1865 1062 1917 Messanaque
1083 1862 1246 1900 tradunt.

228 1916 420 1956 Praeterea
443 1919 467 1956 fi
501 1919 640 1968 Othryn
663 1921 701 1958 &
724 1917 902 1969 Magnefia
922 1931 1016 1954 arva
1045 1915 1171 1964 legas,
1192 1925 1271 1952 non

230 1968 347 2006 video
369 1969 435 2019 qui
465 1970 613 2007 abfuisse
635 1971 773 2020 Apollo
805 1979 894 2008 tunc
917 1968 989 2005 dici
1021 1974 1155 2016 queat,
1184 1976 1272 2003 cum

233 2019 377 2057 Chiron
397 2021 436 2058 in
464 2020 646 2059 Thessalia
661 2051 671 2067 ,
699 2022 760 2058 ubi
780 2021 871 2058 haec
899 2020 983 2057 loca
1004 2018 1106 2061 sunt,
1133 2016 1274 2053 liabita-

227 2071 327 2107 verit
350 2099 360 2116 ,
396 2083 520 2120 neque
553 2084 645 2109 mox
676 2084 760 2109 cum
796 2072 903 2121 Pyliis
940 2069 1030 2118 agris
1067 2067 1271 2117 quidquam

233 2122 375 2170 Othrys
397 2124 435 2160 ὃς
460 2123 650 2172 Magnesia
683 2122 835 2160 consinii
852 2121 1022 2159 habeant.
1047 2130 1160 2169 quare
1181 2126 1273 2167 puto

230 2171 292 2208 1116
327 2173 510 2211 Ovidium
542 2173 722 2211 discedere
746 2203 756 2219 ,
784 2182 823 2211 ut
853 2172 957 2220 saepe
978 2170 1092 2213 solet,
1125 2169 1169 2206 ab
1201 2168 1275 2206 aliis

231 2222 491 2272 Mytliologis,
518 2225 580 2274 qui
601 2225 675 2262 hoc
696 2224 734 2262 in
767 2223 952 2262 Thessalia
983 2218 1150 2258 accidisse
1180 2220 1275 2258 refe—

232 2281 328 2311 runt.
357 2286 452 2324 quae
475 2274 644 2313 confusio
665 2277 760 2313 forte
781 2274 867 2312 inde
889 2281 974 2311 nata
987 2301 998 2318 ‚
1012 2272 1097 2321 quia
1117 2270 1274 2319 plurima

232 2324 379 2362 urbium
403 2326 442 2362 ἃ
461 2325 655 2363 fluminum
680 2326 835 2363 nomina
858 2324 988 2361 eadem
1011 2324 1113 2360 fuere
1145 2322 1183 2358 in
1206 2322 1273 2358 Pe-

234 2374 442 2422 loponneso
464 2377 503 2414 ὃς
535 2375 720 2414 Thessalia
744 2405 754 2421 ‚
791 2376 876 2425 quia
906 2374 1043 2422 Pelasgi
1075 2385 1120 2410 ex
1154 2371 1274 2409 Thes-

235 2425 316 2461 salia
339 2426 634 2475 Peloponnesum
657 2427 904 2464 concedentes
919 2454 930 2470 ,
960 2425 1008 2462 ibi
1032 2422 1189 2461 nomina
1212 2434 1275 2471 pa-

236 2476 325 2512 triae
335 2476 416 2513 suae
429 2489 581 2526 quoque
604 2478 830 2517 celebrarunt
846 2485 905 2522 ,ut
927 2475 1047 2513 multis
1059 2476 1131 2512 hoc
1144 2475 1276 2529 proba-

235 2525 291 2561 vit
314 2525 502 2565 Salmasius
524 2528 569 2565 de
593 2526 1065 2577 Hellenist.pag.3o7.316.
1080 2526 1117 2562 &
1138 2527 1208 2573 seq.
1228 2523 1276 2560 fic

237 2587 353 2623 prope
384 2578 511 2614 urbem
545 2577 750 2616 Messanam
785 2587 860 2616 erat
883 2578 1013 2615 fluvius
1033 2575 1213 2619 Pamisus,
1237 2583 1277 2611 ut

238 2636 372 2663 notum
399 2655 408 2671 ‚
446 2629 545 2676 cujus
587 2642 727 2667 nomen
761 2638 974 2678 corruptum
1014 2626 1110 2675 apud
1157 2625 1278 2663 Scliol.

239 2676 343 2713 Statii
363 2677 420 2714 lib.
450 2691 501 2715 iv.
532 2680 653 2717 Theb.
692 2680 816 2717 Theb.
847 2692 914 2728 179
930 2708 940 2725 ‚
962 2678 1008 2716 ad
1029 2679 1120 2716 haec
1142 2676 1276 2714 verba:

290 2727 471 2778 Planaque
494 2729 642 2778 Meffime
665 2758 675 2774 ,
702 2742 939 2779 montanaque
959 2730 1075 2766 nutrit
1097 2727 1227 2764 Ithone.

238 2777 289 2814 ita
312 2778 410 2815 enim
434 2778 538 2814 MSS.
562 2780 707 2816 ssehotii
722 2808 730 2823 ‚
758 2792 835 2816 non
859 2780 1018 2828 Messena.
1058 2778 1206 2827 Meffina
1231 2776 1278 2812 ci-

240 2829 338 2865 vitas
352 2838 451 2878 prope
472 2829 597 2877 Pylum
614 2857 623 2873 ,
653 2844 760 2880 quam
783 2831 946 2878 admistus
959 2830 1073 2865 amnis
1094 2826 1277 2876 interfluit.

240 2879 302 2915 ubi
323 2879 421 2916 16616
453 2879 616 2916 Bartliius
635 2908 646 2924 ‚
667 2880 836 2928 Pamisus.
886 2878 1056 2926 Heinsius
1087 2884 1279 2915 notaverat

226 2929 303 2967 >fibi
326 2929 544 2978 Amphrysus
563 2930 762 2978 legendum
794 2929 908 2967 videri
934 2959 944 2974 ,
977 2929 1075 2966 unde
1097 2928 1214 2973 Pastor
1234 2927 1278 2963 ab

243 2980 441 3030 Amphryso
463 2981 620 3029 Virgilio
642 2981 792 3029 Apollo.
821 2982 858 3017 δε
878 2981 927 3016 ita
957 2980 1092 3027 Regius
1114 2978 1160 3014 ad
1180 2978 1280 3014 hunc

240 3031 368 3068 locum
393 3029 512 3079 legisse
546 3030 688 3068 videtur
710 3059 721 3076 ,
760 3031 798 3067 &
821 3042 866 3068 ex
898 3030 960 3067 illo
994 3028 1188 3066 Scholiaste
1220 3028 1279 3065 sua

240 3080 403 3119 hausisse.
438 3080 498 3118 sed
520 3093 565 3118 aii
596 3081 823 3130 Amphrysus
844 3091 995 3130 quoque
1026 3080 1063 3116 in
1096 3077 1280 3116 Messanio

244 3144 330 3179 agro
355 3131 463 3168 fuerit
483 3131 621 3169 dubito.
654 3132 699 3169 de
721 3131 863 3169 Pamiso
876 3139 1016 3168 certum
1030 3129 1089 3167 est.
1112 3129 1192 3177 jam
1216 3141 1280 3166 ve-

245 3192 286 3216 ro
310 3183 466 3220 Pamisus
487 3183 576 3219 alter
596 3191 670 3220 erat
692 3183 728 3219 in
751 3179 934 3219 Thessalia
959 3194 967 3218 ι
994 3192 1080 3217 iiam
1103 3179 1281 3217 Herodo-

246 3239 300 3266 tus
321 3232 558 3282 lib.v11.12.9.
581 3233 675 3271 inter
697 3230 904 3270 Thessaliae
927 3231 1057 3268 fluvios
1075 3241 1160 3267 eum
1184 3242 1279 3279 quo-

242 3291 317 3330 que
339 3283 508 3327 recenset.
534 3291 573 3324 iit
595 3285 634 3324 ὃ(
655 3282 787 3326 Plinius
805 3283 864 3324 lib.
885 3294 979 3333 vm.
1003 3281 1037 3323 8.
1064 3281 1111 3326 sic
1132 3281 1171 3320 δί
1191 3282 1280 3335 {ign}

1325 741 1568 787 meratur‚de
1587 755 1663 798 quo
1686 746 1732 784 ad
1761 747 1821 786 lib.
1845 761 1871 785 1.
1893 750 1989 785 Met.
2015 761 2098 797 579.
2128 749 2258 799 Meffiis
2278 761 2373 799 quo-

1325 803 1398 841 que
1419 792 1504 848 fons
1527 804 1547 830 a
1570 794 1689 832 Plinio
1712 798 1752 834 ὃς
1775 799 1952 836 Strabone
1972 798 2030 836 lib.
2054 811 2146 836 viii.
2169 812 2204 848 p.
2226 812 2312 849 432.
2333 800 2372 837 in

1328 840 1514 899 ssheffaha
1533 845 1684 892 ponitur
1697 873 1708 890 2
1735 848 1811 897 ejus
1832 861 1923 887 vero
1944 850 2109 887 nominis
2130 850 2243 887 alium
2267 850 2371 888 fuisse

1327 905 1366 930 in
1386 893 1643 950 Peloponneso
1671 897 1815 936 videtur
1837 901 1961 938 Valer.
1991 900 2087 938 Flac.
2116 901 2177 939 lib.
2199 913 2255 940 1v.
2289 911 2371 951 374.

1326 944 1503 1001 statuere,
1530 957 1594 994 qui
1621 957 1708 983 cum
1730 948 1954 998 Amymone
1973 952 2187 1000 conjungit:

1379 995 1496 1051 Ἐἰ-ενα
1517 1002 1717 1046 Amymone
1731 1027 1741 1044 ,
1768 998 1897 1048 flerunt
1915 1002 2086 1049 Meffezdes
2105 1002 2232 1041 undae.

1325 1052 1366 1084 ut
1377 1046 1426 1083 ibi
1446 1047 1572 1095 legunt
1592 1048 1726 1096 optimi
1748 1050 1988 1096 codices,ubi
2008 1053 2066 1090 alii
2077 1054 2284 1103 Meffissnides.
2312 1053 2376 1094 sed

1324 1097 1524 1153 legendum
1547 1097 1618 1137 effe
1650 1099 1823 1149 Messeides
1846 1102 2002 1140 ostendit
2033 1103 2120 1141 alter
2154 1105 2238 1143 fons
2261 1112 2375 1155 Hype-

1324 1161 1379 1203 ria
1403 1176 1414 1192 ‚
1450 1160 1545 1204 quae
1579 1161 1599 1186 a
1623 1150 1800 1189 Strabone
1832 1152 2004 1191 Meffeidi
2032 1153 2209 1202 jungitur.
2243 1156 2303 1194 sed
2325 1156 2373 1194 de

1324 1198 1379 1253 his
1401 1200 1573 1236 omnibus
1603 1201 1758 1249 amplius
1790 1204 2030 1253 cogitandum
2051 1204 2214 1243 arbitror.
2246 1207 2284 1244 in
2307 1218 2373 1244 co-

1326 1248 1407 1286 dice
1438 1262 1590 1300 quoque
1611 1252 1771 1307 Juiiiano
1803 1254 1863 1292 hic
1893 1264 1968 1292 erat
1993 1283 2003 1299 ,
2040 1255 2124 1292 Elin
2147 1256 2373 1308 Melaniaque

1324 1313 1430 1337 arva.
1457 1301 1563 1350 quod
1587 1303 1755 1342 Heinsius
1778 1314 1973 1343 notaverat
1994 1307 2032 1343 &
2055 1305 2139 1342 ferri
2171 1306 2273 1356 posse
2296 1336 2307 1352 ,
2344 1308 2374 1346 fi’

1326 1350 1372 1387 de
1388 1352 1488 1388 Mela
1507 1352 1752 1401 Peloponnesi
1774 1355 1907 1402 fluvio,
1920 1369 1940 1394 a
1962 1356 2193 1395 Callimacho
2214 1359 2254 1396 &
2275 1358 2375 1397 Dio-

1324 1404 1430 1450 nysio
1462 1402 1650 1451 Periegete
1675 1417 1889 1446 memorato
1913 1437 1924 1454 ,
1960 1415 2160 1455 caperetur.
2196 1407 2258 1446 sed
2279 1417 2376 1458 puto.

1327 1452 1489 1508 Melania
1511 1464 1727 1510 corruptum
1750 1456 1821 1496 esse
1840 1470 1907 1508 pro
1929 1458 2112 1509 Meffam'a.
2138 1459 2257 1498 Melas
2269 1461 2372 1498 enim

1325 1504 1384 1541 ille
1419 1515 1440 1541 a
1473 1503 1702 1545 Callimacho
1735 1509 1856 1558 Hyni.
1890 1510 1973 1557 Jov.
2001 1521 2060 1559 23.
2083 1519 2311 1548 memoratus
2332 1511 2372 1549 in

1326 1554 1486 1611 Arcadia
1507 1556 1586 1595 fuit.
1613 1556 1698 1596 vide
1719 1560 1877 1610 Dionys.
1899 1560 1954 1605 ybs.
1980 1561 2064 1608 416.
2095 1559 2143 1598 fic
2166 1562 2205 1599 &
2237 1562 2372 1600 Ithome

1325 1617 1364 1644 m
1388 1605 1572 1663 Thessalia
1594 1609 1633 1647 ὃς
1653 1610 1789 1649 ibidem
1813 1613 1851 1650 in
1874 1610 2098 1650 Meffeniaca
2112 1612 2375 1660 1651011εὸ03-

1327 1657 1375 1695 bo
1398 1658 1455 1714 lib.
1479 1672 1531 1696 ix.
1561 1671 1643 1708 pag.
1673 1674 1759 1712 437.
1791 1663 1923 1713 Larissa
1954 1664 1990 1701 in
2022 1662 2279 1712 Peloponneso
2308 1675 2373 1701 arx

1323 1709 1578 1765 Argivorum,
1614 1710 1716 1751 idem
1739 1726 1820 1764 pag.
1842 1727 1926 1761 440.
1957 1713 2120 1752 Oechalia
2152 1713 2190 1750 in
2217 1712 2376 1752 Thessa-

1323 1760 1370 1797 lia
1394 1761 1432 1797 &
1454 1760 1627 1807 Arcadia,
1651 1764 1773 1803 eidem
1794 1777 1874 1814 pag.
1896 1765 1981 1814 438.
2006 1766 2045 1803 ὃ(
2075 1765 2125 1802 iia
2156 1765 2252 1802 forte
2282 1765 2375 1803 solvi

1329 1809 1447 1861 posset
1465 1813 1524 1850 ille
1546 1813 1666 1852 nodus
1687 1815 1732 1853 de
1754 1817 1917 1853 Phocaico
1938 1815 2159 1865 Erymantho
2172 1815 2274 1865 supra
2284 1815 2373 1853 vers.

1328 1877 1411 1910 244.
1434 1872 1473 1900 ut
1495 1864 1603 1902 fuerit
1625 1866 1663 1903 &
1683 1867 1721 1904 iii
1744 1866 1999 1916 Peloponneso
2022 1895 2032 1911 ,
2069 1866 2108 1903 ὃ(
2139 1866 2177 1904 111
2211 1866 2377 1904 Phocide

1325 1913 1533 1955 Thessaliae
1555 1915 1677 1954 vicina
1696 1917 1826 1956 fluvius
1846 1918 2028 1967 geminus.
2055 1917 2244 1954 Praeterea
2267 1917 2378 1962 Batti,

1325 1967 1389 2018 qui
1411 1967 1449 2004 in
1471 1967 1529 2004 illo
1554 1982 1633 2004 rure
1664 1976 1774 2006 notus
1797 1980 1888 2006 mox
1922 1968 2054 2007 dicitur
2077 1997 2086 2013 ‚
2125 1967 2224 2006 sedes
2258 1968 2380 2005 osten-

1327 2020 1380 2057 dit
1399 2018 1460 2055 hic
1481 2030 1559 2056 non
1578 2019 1636 2069 agi
1657 2019 1702 2057 de
1726 2018 1920 2057 Thessalia.
1948 2019 2007 2057 ille
2028 2020 2129 2056 enim
2142 2026 2257 2067 prope
2269 2019 2379 2056 Mae-

1327 2070 1478 2115 nalum,
1506 2082 1583 2120 quo
1605 2070 1725 2119 abegit
1756 2071 1871 2108 boves
1901 2070 2109 2107 Mercurius
2133 2096 2144 2114 ,
2180 2068 2375 2107 habitabat.

1328 2130 1369 2160 ut
1389 2122 1533 2160 Anton.
1546 2121 1721 2159 Liberalis
1733 2133 1811 2171 cap.
1834 2133 1897 2169 23.
1917 2128 2049 2159 narrat.
2076 2120 2162 2158 licet
2182 2120 2239 2157 ille
2261 2120 2378 2158 boves

1329 2185 1374 2211 ex
1406 2170 1591 2211 Thessalia
1618 2172 1789 2210 abdustas
1811 2199 1822 2216 ‚
1851 2173 1891 2209 ὅτ
1921 2183 1986 2220 Ρ61
2014 2170 2195 2208 immensa
2214 2170 2323 2218 spatia
2355 2182 2378 2207 a

1329 2224 1520 2263 Mercurio
1543 2223 1638 2261 atstas
1660 2223 1757 2261 dicat
1781 2252 1792 2269 ‚
1819 2223 1940 2260 minus
1961 2220 2227 2259 verosimiliter.
2268 2220 2378 2259 Nelm‘

1329 2277 1441 2313 etiam
1464 2275 1608 2313 mentio
1628 2273 1751 2323 postea
1774 2273 1869 2312 faeta
1891 2271 2049 2310 ostendit
2069 2272 2128 2309 hic
2149 2283 2230 2309 rem
2253 2271 2290 2310 in
2309 2272 2379 2310 Pe-

1327 2325 1534 2375 loponneso
1556 2325 1625 2374 agi.
1661 2324 1877 2362 Rumam.

1384 2376 1469 2413 680.
1502 2375 1597 2412 Illud
1615 2386 1693 2412 erat
1714 2374 1815 2425 eya]
1844 2375 1945 2412 Nam
1968 2373 2109 2423 Apollo
2133 2384 2220 2411 cum
2241 2372 2381 2421 Cyclo*-

1329 2439 1392 2476 pes
1407 2455 1417 2471 ‚
1445 2425 1519 2463 five
1538 2427 1685 2463 illorum
1708 2425 1802 2462 filios
1817 2453 1827 2468 ‚
1853 2435 1893 2461 ut
1916 2425 2067 2474 quidam
2090 2424 2221 2461 volunt
2234 2451 2245 2468 ,
2266 2425 2380 2460 inter-

1332 2476 1470 2515 fecisset
1493 2505 1503 2522 ‚
1541 2489 1588 2514 eo
1611 2475 1715 2526 quod
1744 2475 1832 2524 Jovi
1865 2475 2007 2513 fulmen
2040 2483 2166 2512 contra
2207 2473 2382 2510 Aescula-

1331 2529 1434 2577 pium
1458 2525 1761 2576 suppeditassent,
1784 2525 1803 2563 a
1825 2526 1923 2574 Jove
1944 2525 2134 2563 damnatus
2149 2551 2159 2568 ‚
2188 2523 2225 2560 &
2246 2524 2282 2561 iii
2306 2532 2381 2560 ter*-

1331 2590 1412 2616 ram
1436 2579 1613 2627 relegatus
1635 2578 1727 2621 fuit;
1766 2577 1829 2614 ubi
1849 2589 1913 2625 per
1935 2587 2072 2614 annum
2096 2573 2250 2612 Admeti
2287 2574 2379 2623 regis

1334 2628 1543 2666 Thessaliae
1565 2636 1731 2666 armenta
1751 2627 1864 2675 pavit.
1915 2627 2030 2675 Cujus
2051 2626 2103 2663 rei
2132 2625 2171 2662 δί
2205 2624 2380 2662 Callima>-

1335 2680 1422 2717 clius
1446 2679 1618 2715 meminit
1638 2678 1692 2714 his
1715 2676 1873 2714 versibus
1894 2677 1931 2714 in
1957 2676 2078 2724 Apoll.
2099 2688 2158 2722 47.

1388 2729 1506 2774 Φσῑβον
1527 2731 1591 2763 καὶ
1615 2728 1742 2769 Νόμιον
1767 2727 2028 2771 κικλήῑκομεν,
2058 2725 2102 2772 ἐξ
2124 2727 2180 2762 ἔτι
2203 2725 2314 2761 κείνου

1385 2775 1497 2824 Εξ6τ’
1520 2777 1568 2813 ἐπ’
1589 2773 1778 2824 Α’μφρύσῳ
1803 2775 2023 2823 &mmmm
2046 2775 2346 2824 ’έτρεφενῖππευς

1387 2828 1505 2866 Ηίθέιυ
1527 2824 1586 2865 ὑπ’
1608 2828 1704 2872 ἔρωτι
1739 2832 1955 2872 κεκκυμένσς
1983 2828 2160 2871 Αέμῆτωο.

1335 2880 1397 2918 De
1419 2891 1491 2928 qua
1520 2891 1557 2916 re
1580 2880 1681 2928 plura
1702 2880 1740 2917 in
1764 2878 2023 2919 Commentar.
2046 2878 2227 2927 Euripidis
2255 2878 2292 2918 in
2315 2877 2382 2916 Ai-

1336 2930 1472 2968 cessim.
1510 2930 1680 2968 Ciorm.

1386 2982 1470 3018 681.
1500 2981 1750 3032 Onusquefuit
1777 2979 1917 3018 baculus
1942 2979 2108 3030 silvestris
2131 2978 2283 3030 olivam]
2322 2979 2380 3017 Si'c

1335 3032 1373 3068 in
1393 3031 1550 3080 pluribus
1583 3033 1739 3081 antiquis
1771 3032 2061 3080 exemplaribus,
2088 3042 2130 3068 ac
2152 3030 2177 3068 fi
2199 3032 2273 3067 1106
2297 3042 2381 3067 mo-

1335 3082 1385 3118 do
1406 3083 1569 3131 legatui·;
1600 3084 1646 3120 ob
1673 3082 1708 3119 id
1724 3082 1849 3131 ‚quod
1870 3083 2013 3120 alterius
2035 3081 2124 3119 dixit
2139 3109 2149 3125 ,
2175 3082 2380 3129 intelligen-

1336 3132 1423 3169 duiii
1441 3161 1450 3176 ,
1477 3134 1582 3170 unius
1606 3145 1735 3170 manus
1769 3145 1862 3170 onus
1883 3130 1986 3170 fuisse
2017 3132 2187 3169 baculum
2203 3160 2213 3176 ,
2235 3131 2378 3168 alterius

1333 3182 1505 3221 fistulam.
1532 3183 1592 3220 sed
1615 3185 1653 3220 &
1674 3183 1712 3220 in
1735 3184 1915 3221 veteribus
1937 3182 2150 3232 quibusdam
2167 3196 2272 3227 ,onus
2295 3182 2378 3218 dexs-

1334 3243 1410 3269 trae
1443 3233 1583 3270 baculus
1605 3231 1773 3282 filvestris
1792 3233 1916 3271 olivae.
1951 3245 2046 3282 quae
2077 3232 2104 3270 fi
2136 3234 2310 3282 probetur
2327 3231 2380 3268 Ie-

1336 3283 1434 3332 cuo,
1448 3284 1600 3337 verbum
1616 3285 1693 3337 fui?
1715 3283 2059 3340 subintelligendum
2081 3283 2152 3323 est:
2183 3282 2286 3334 quod
2305 3281 2379 3336 sae-

2303 3339 2386 3381 pius-
