2483 3616
286 119 1524 210 METAMoRPHosEoN
1598 153 1739 208 Lm.
1815 159 1927 216 vn.

361 260 641 334 Sperabam
672 268 876 310 tamen:
919 267 1078 328 atque
1109 259 1286 313 animo
1311 275 1428 313 mea
1453 270 1578 313 vota
1599 260 1863 316 fovebam.

359 336 487 390 Nox
512 330 674 385 subit:
717 329 773 382 δε
797 328 935 384 curis
960 331 1195 385 exercita
1220 349 1447 403 corpora
1474 331 1688 387 somnus

216 413 250 460 6
252 427 275 473 3
285 428 315 476 5
352 406 612 475 Occupat.
652 414 775 456 ante
800 401 984 455 oculos
1012 402 1201 457 eadem
1226 404 1352 458 mihi
1383 422 1609 476 quercus
1633 405 1834 470 adesse,

352 476 425 532 Et
451 492 625 530 ramos
655 475 915 538 totidem,
954 475 1293 548 totidemque
1320 477 1559 530 animalia
1585 479 1740 532 ramis

355 549 517 603 Ferre
542 548 641 601 suis
667 547 770 602 visa
796 546 898 609 est;
940 548 1194 621 parilique
1219 548 1523 603 tremiscere
1546 564 1725 604 motu:

355 620 810 693 Graniferumque
835 636 1025 690 agmen
1048 620 1286 692 subjeffis
1310 622 1552 693 spargere
1577 622 1631 676 in
1657 622 1807 677 arvis,

347 693 606 748 Crescere
637 693 785 766 quod
812 693 1014 755 subit0‚
1054 693 1105 746 δε
1136 694 1299 765 majus
1326 692 1594 767 majusque
1617 695 1817 760 videri,

205 771 308 836 640
348 767 430 821 Ac
456 765 505 819 se
530 766 715 820 tollere
743 766 934 819 humo:
975 763 1230 838 recioque
1253 765 1494 823 adfistere
1523 781 1746 831 trunco;

344 838 416 893 Et
442 839 668 892 maciem
692 854 1084 910 numerumque
1110 839 1338 908 pedum,
1373 840 1693 914 nigrumque
1718 841 1959 899 colorem

343 912 585 973 Ponere;
629 911 684 964 &
711 911 992 964 humanam
1021 909 1273 965 membris
1301 912 1558 968 inducere
1585 914 1829 968 formam.

348 985 577 1038 Somnus
603 983 724 1037 abit.
765 984 961 1037 damno
983 981 1202 1050 vigilans
1228 1000 1344 1036 mea
1370 985 1500 1044 visa;
1547 1003 1852 1059 querorque

341 1056 400 1111 In
431 1056 643 1128 Superis
670 1056 785 1129 opis
810 1052 913 1110 effe
937 1053 1078 1109 nihil.
1116 1068 1170 1108 at
1196 1054 1253 1109 in
1284 1056 1499 1111 aedibus
1526 1057 1711 1130 ingens

2113 181 2209 230 523

2039 1133 2196 1190 Mur-

1209 1261 1359 1290 '—-·—
1383 1260 1555 1312 parilique
1572 1261 1668 1299 irata
1689 1260 1815 1300 colonos

1206 1311 1447 1363 Ruricolaswe
1465 1311 1564 1348 boves
1585 1312 1649 1349 leto
1667 1312 1774 1351 dedit.

1154 1377 1272 1417 Libro
1293 1391 1364 1416 v11.
1385 1390 1469 1428 305.
1922 1418 1924 1421 ,

1201 1434 1295 1467 Arte
1311 1434 1418 1478 sicum
1435 1427 1543 1478 parili
1563 1427 1759 1477 revirefiere
1772 1428 1857 1478 posse
1870 1436 2060 1479 parentem.

1151 1491 1236 1531 Lib.
1258 1504 1368 1531 V111.
1391 1491 1473 1541 569.

1201 1556 1360 1607 Qcosque
1380 1556 1464 1593 alios
1478 1554 1584 1605 parili
1593 1556 1717 1602 fuerat
1737 1553 1902 1604 dignatus
1921 1554 2055 1595 honore.

1148 1618 1180 1656 E
1407 1648 1416 1656 .

1183 1619 1475 1718 tsldiloliifgducis
1494 1683 1583 1708 anus
1595 1699 1606 1716 ,
1627 1669 1800 1720 parilique
1820 1680 1933 1709 aetate
1953 1671 2147 1711 Philemon.

1149 1719 1264 1758 Libro
1287 1732 1364 1757 xxv.
1378 1732 1437 1768 29.

1201 1777 1452 1820 optantemque
1471 1772 1588 1809 eadem
1602 1771 1778 1822 parilique
1799 1772 1955 1823 cupidine
1981 1781 2130 1822 captam.

1151 1834 1266 1873 Libro
1285 1847 1319 1873 x.
1342 1848 1356 1873 1
1369 1847 1422 1884 15.

1399 1895 1570 1946 parilique
1586 1909 1628 1933 ex
1646 1908 1722 1932 aere
1741 1896 1899 1935 nitebant

1201 1946 1361 1985 Auribus
1381 1948 1398 1983 e
1412 1947 1558 1996 geminis
1582 1948 1711 1984 circum
1731 1961 1820 1984 cava
1841 1957 1990 1997 tempora
2007 1947 2137 1987 baccae.

1144 2012 1221 2059 Qui
1243 2011 1346 2048 locus
1369 2010 1480 2059 vulgo
1513 2011 1805 2049 mendofiffimus
1835 2012 2100 2050 circumfertur.
2127 2027 2188 2049 no-

1142 2065 1208 2098 Hes
1216 2062 1338 2110 pariles
1359 2061 1473 2097 diebus
1484 2062 1580 2111 apud
1593 2062 1811 2098 Lucretium
1826 2062 1922 2099 1.lib.
1944 2063 2047 2099 1046.
2076 2064 2113 2099 δι’
2122 2073 2186 2109 pa-

1142 2113 1201 2149 rili
1220 2112 1351 2149 ratione
1375 2125 1419 2148 11.
1440 2123 1521 2160 374.
1550 2110 1727 2161 Consimili
1750 2111 1855 2160 specie
1875 2110 1992 2158 stellas
2013 2112 2186 2160 parilique

1142 2163 1251 2200 nitore
1269 2163 1359 2201 dixit
1380 2163 1512 2200 Cicero
1533 2163 1569 2199 in
1580 2162 1731 2199 Arateis.
1760 2161 1807 2199 fic
1844 2162 1881 2198 &
1916 2161 2073 2209 disparile
2089 2162 2185 2209 apud

1142 2214 1302 2252 eundem
1315 2213 1484 2251 Tullium
1497 2213 1656 2262 aliosque
1667 2212 1852 2261 scriptores
1863 2212 2031 2249 occurrit.
2054 2212 2185 2249 Hein-

1145 2278 1242 2303 stus.

1195 2317 1282 2365 637.
1308 2314 1506 2363 Tremiscere
1526 2312 1662 2363 motus]
1692 2313 1734 2351 In
1756 2324 1832 2350 uno
1850 2323 1938 2350 meo
1961 2339 1972 2356 ,
2000 2314 2184 2362 Tremesce-

1143 2380 1202 2410 re,
1228 2378 1291 2414 per
1307 2380 1323 2402 e
1344 2368 1380 2403 in
1400 2365 1553 2403 secunda
1576 2365 1716 2412 syllaba.
1747 2364 1913 2400 ConAN.

1194 2417 1279 2464 639.
1308 2417 1458 2463 Crescere
1478 2413 1731 2463 qubdsubito.]
1765 2414 1804 2450 In
1827 2413 1961 2450 eodem
1984 2420 2185 2456 meo‚Cre-

1138 2465 1228 2514 fiere
1245 2465 1324 2501 dein
1332 2464 1457 2513 subito.
1484 2467 1525 2501 ln
1547 2464 1698 2501 Caelest.
1726 2463 1862 2500 Dehinc
1878 2462 1999 2510 subito.
2028 2464 2142 2502 IDEM.

1189 2515 1273 2563 639.
1302 2514 1423 2559 Maius
1445 2513 1625 2562 majusque
1645 2513 1824 2564 videtum]
1880 2514 1993 2551 Videri
2011 2515 2183 2554 meliores

107 1264 160 1298 En
186 1271 224 1297 ea
252 1257 337 1297 colla
366 1265 481 1303 rotat,
509 1257 673 1307 novifique
690 1258 759 1296 late

113 1310 305 1349 Bacchatur
317 1307 464 1358 spatiis,
492 1309 660 1360 viamque
678 1309 791 1359 replet.

8 1417 9 1437 ἦ
64 1380 284 1426 Et'Martial.
301 1384 364 1423 lib.
382 1395 453 1421 vu.
477 1395 532 1433 19.

8 1440 9 1446 ἵ
103 1451 203 1500 Misto
220 1451 376 1499 lagenam
404 1446 506 1496 replet
531 1445 580 1483 ad
601 1445 698 1494 pedes
722 1443 819 1482 vino.
871 1444 1016 1486 Hfims.

51 1509 108 1549 Sic
128 1512 166 1550 ὃς
186 1511 290 1549 Silius
318 1521 370 1546 xi.
395 1519 479 1556 337.

7 1565 8 1575 ³
101 1571 240 1608 Polluta
257 1569 399 1619 hospitia
416 1582 455 1606 ac
475 1568 553 1607 tabo
575 1568 700 1619 repleta
721 1578 869 1607 cruento.

6 1626 8 1696 J
57 1632 198 1670 Lucan.
218 1644 282 1670 111.
298 1631 384 1679 630.

102 1704 167 1741 Ad
180 1705 334 1753 summos
352 1701 476 1752 repleta
488 1705 593 1749 foros,

4 1780 7 1788 ⁴
51 1769 99 1809 Et
116 1770 178 1808 lib.
200 1779 348 1816 rv.747.
373 1780 417 1806 ex
437 1767 546 1805 MSS.

101 1831 257 1881 Undique
277 1831 409 1882 repletis
427 1831 623 1881 claustrum
640 1832 814 1872 montibus
835 1846 969 1883 agmen.

51 1897 127 1936 Ubi
146 1897 314 1947 completis
332 1897 536 1937 ediderunt.
562 1898 777 1938 Buammv.

101 1960 185 2009 630.
213 1959 348 1996 Pavido
367 1958 455 1996 mihi
466 1960 620 1997 membra
637 1961 757 1998 timore
769 1961 1014 2012 Horruerant.]
1030 1962 1088 2000 Sic

49 2022 180 2049 omnes
198 2010 278 2047 libri
294 2010 423 2057 scripti.
450 2011 487 2048 ὅ(
508 2010 617 2049 reete.
668 2014 746 2061 Qui
765 2025 831 2061 pro
850 2013 1002 2058 Timore,
1016 2020 1087 2049 Pu-

51 2061 129 2097 dore
151 2061 299 2109 legunt,
328 2068 457 2097 errant.
483 2060 542 2098 lib.
564 2074 600 2099 x.
618 2074 703 2111 423.

354 2122 488 2160 Gelidos
508 2124 652 2162 nutricis
671 2126 709 2162 in
731 2136 829 2163 artus
844 2155 855 2172 ‚

101 2171 244 2221 Oſjaque
265 2198 275 2215 ,
296 2170 397 2220 sensit
419 2174 509 2211 enim
523 2203 533 2220 ,
562 2184 721 2225 penetrat
746 2186 873 2214 tremor
896 2205 907 2224 ,
940 2176 1088 2228 albaque

229 2230 298 2256 tOtO
641 2244 643 2249 '

100 2270 229 2309 Vertice
247 2271 389 2308 canicies
404 2272 521 2321 rigidis
529 2274 624 2322 stetit
636 2275 732 2315 hirta
750 2276 890 2327 capillis.

51 2334 227 2384 Virgilius
249 2348 294 2374 11.
312 2336 408 2374 Aen.
430 2348 513 2384 774.

44 2393 46 2395 '
99 2403 339 2449 steteruntque
364 2413 499 2446 comae,
526 2410 569 2441 (3·
587 2415 657 2440 vox
669 2403 831 2451 faucibus
844 2404 960 2454 haesit.
974 2407 1091 2448 CioF.

48 2459 146 2500 Vide
164 2462 210 2501 ad
225 2463 286 2501 lib.
310 2476 367 2502 11.
392 2465 452 2502 66.
476 2474 619 2503 tremore
630 2466 781 2504 Cantab.
801 2469 930 2506 Oxon.
952 2470 989 2507 &
1002 2471 1084 2519 qui-

49 2509 132 2550 dam
151 2513 222 2551 alii.
243 2523 372 2562 pavore
407 2527 499 2553 unus
520 2516 658 2554 Medic.
685 2530 797 2553 cruore
816 2518 923 2556 Leid.

98 2562 183 2611 631⁴.
211 2570 440 2604 Horruerant.
463 2565 479 2615 ]
518 2573 735 2603 Horruerunt
758 2568 928 2606 Gronov.
951 2577 1082 2625 torpue-

47 2614 262 2700 ani'palat'
289 2614 474 2653 obruerant
492 2624 573 2654 tres.
592 2616 724 2654 deinde
738 2645 748 2662 ,
767 2618 942 2668 rigentque
969 2632 1081 2657 comae

47 2685 53 2690 -
89 2674 112 2700 o
145 2692 152 2700 .

95 2714 177 2762 634.
202 2715 389 2767 Corpora]
443 2717 582 2754 Pec‘lora
613 2716 817 2757 Mediceus.
843 2718 917 2757 vid.
941 2719 1003 2758 lib.
1030 2733 1083 2759 vx.

46 2762 130 2811 489.
157 2766 196 2801 &
216 2777 252 2802 x.
271 2766 354 2814 368.

96 2814 181 2861 636.
208 2818 255 2850 Et
270 2816 362 2853 rami
378 2817 559 2868 totidem]
615 2818 765 2857 Rebilus
783 2820 820 2857 in
841 2819 1052 2869 quibusdam
1071 2835 1079 2860 :

45 2865 93 2898 Et
111 2875 220 2900 ramos
238 2865 390 2903 totidem.
419 2870 604 2907 NauoER.
632 2876 756 2906 Ramos
778 2872 937 2908 omnino
955 2872 1080 2920 legen-

47 2911 134 2949 dum
158 2926 241 2951 cum
264 2926 339 2952 uno
359 2927 468 2963 meo,
487 2931 565 2957 uno
577 2919 774 2965 Mediceo,
800 2922 838 2958 &
867 2921 1078 2971 Gryphiana

45 2961 218 3001 editione.
257 2972 365 3013 atque
402 2968 450 3005 ita
483 2970 703 3019 Naugeriani
741 2971 896 3010 codices.
932 2973 1078 3012 HmNs.

44 3010 267 3055 *Oxonienfis
289 3015 463 3054 addebat:

96 3095 141 3127 Et
160 3092 300 3129 totidem
314 3103 374 3144 pro
387 3096 545 3141 formicis
561 3101 734 3138 animalia
751 3101 871 3144 ramis.

94 3156 177 3203 637.
204 3158 404 3209 pariterque
434 3162 619 3211 tremiscere
644 3167 780 3215 motus]
817 3167 954 3211 Scribe,
980 3168 1076 3217 pari-

1139 2577 1276 2613 magno
1296 2576 1454 2602 numero
1469 2591 1479 2607 ,
1506 2575 1600 2613 quos
1618 2564 1711 2601 inter
1732 2565 1962 2602 Florentinus
1987 2564 2022 2602 S.
2040 2565 2182 2611 Marci,

1136 2616 1200 2664 qui
1210 2615 1336 2660 etiam,
1353 2613 1514 2663 desubito.
1540 2614 1785 2663 quomodo&
1800 2615 1929 2653 Urbin.
1941 2622 2095 2664 uterque
2115 2617 2184 2654 Er-

1137 2667 1221 2703 furt.
1234 2667 1342 2713 prim.
1356 2665 1425 2702 Pal.
1447 2666 1551 2713 prim.
1569 2665 1736 2703 Vatican.
1748 2666 1852 2714 prim.
1867 2666 2036 2704 Gronov.
2051 2666 2182 2704 Oxon.

1138 2717 1177 2753 &
1191 2716 1278 2753 ocio
1292 2715 1362 2754 alii.
1397 2715 1495 2752 Vide
1509 2715 1678 2753 Nonium
1697 2716 1734 2754 in
1755 2715 1938 2764 Desubit0‚
1965 2716 2031 2765 qui
2050 2726 2182 2755 monet

1139 2767 1361 2804 Ciceronem
1373 2777 1523 2815 quoque
1534 2764 1575 2803 ea
1588 2777 1682 2804 voce
1692 2765 1809 2804 usum.
1822 2766 2019 2804 Arusianus
2032 2767 2180 2805 Meffius

1137 2818 1307 2866 antiquus
1337 2817 1608 2854 Grammaticus
1630 2817 1725 2866 apud
1749 2829 1809 2855 me
1829 2817 1986 2856 ineditus
2000 2845 2010 2861 ,
2029 2817 2178 2863 desubito

1137 2881 1216 2904 cum
1235 2866 1480 2917 praepofitione.
1503 2866 1656 2905 Terent.
1677 2869 1813 2906 Heaut.
1834 2868 1956 2904 Bolum
1974 2868 2064 2903 mihi
2085 2878 2180 2902 tam-

1136 2931 1243 2968 quam
1273 2927 1422 2967 ereptum
1465 2927 1544 2955 tam
1571 2917 1720 2966 desubito
1737 2933 1777 2956 ex
1792 2918 1966 2965 faucibus.
1995 2926 2031 2954 at
2052 2919 2176 2954 tertius

1134 2969 1274 3006 Medic.
1291 2969 1396 3017 prim.
1419 2968 1558 3007 Moreti
1581 2996 1590 3012 ‚
1618 2970 1724 3015 prim.
1752 2968 1825 3006 Bas.
1850 2969 1952 3017 prim.
1975 2966 2176 3019 Hamburg.

1134 3020 1173 3057 &
1194 3019 1323 3056 decem
1335 3019 1393 3056 alii
1408 3046 1418 3062 ,
1445 3018 1703 3067 dehincsubito.
1731 3019 1832 3068 quod
1853 3020 1980 3066 placet.
2005 3015 2124 3052 Scribe
2138 3042 2149 3059 ,

1183 3069 1335 3118 Crescere
1354 3068 1474 3106 dehinc
1488 3069 1604 3118 subito
1617 3081 1680 3115 ,cy
1697 3071 1812 3118 majus
1830 3068 2006 3116 majusque
2025 3064 2149 3100 videri.

1131 3120 1188 3157 Ut
1207 3119 1303 3167 apud
1321 3120 1495 3157 Statium:

1183 3169 1317 3205 Dehinc
1331 3169 1459 3216 fhciare
1477 3169 1589 3206 choros
1603 3197 1612 3214 ‚
1641 3169 1801 3217 castisque
1817 3166 1967 3203 accedere
1976 3163 2099 3213 fitoris.

44 3203 136 3251 lique
151 3215 258 3242 motu.
285 3219 378 3257 quae
398 3224 474 3251 vox
494 3213 635 3252 Nasoni
654 3216 775 3253 nostro
796 3217 834 3254 in
857 3217 1005 3258 deliciis.
1031 3219 1074 3256 li·
1129 3219 1209 3256 Nisi
1230 3220 1345 3255 mavis
1359 3246 1369 3262 ,
1397 3218 1546 3266 Crescere
1574 3219 1653 3256 dein
1676 3219 1799 3264 subito.
1826 3228 1897 3265 qua
1920 3226 2014 3253 voce
2046 3214 2176 3254 Catuli

44 3254 109 3291 bro
126 3265 161 3292 v.
179 3255 263 3303 478.

1127 3268 1184 3306 lus
1203 3279 1280 3305 non
1300 3267 1412 3306 semel
1428 3268 1508 3307 usus
1531 3269 1590 3306 est.
1645 3268 1747 3304 Silius
1764 3268 1856 3303 libro
1872 3277 1932 3304 xv.
1954 3277 2035 3314 741.

1644 3318 1678 3353 V
1694 3328 1716 3354 v
1733 3329 1753 3355 v
1783 3327 1802 3366 3
2060 3314 2175 3366 Ceifhs
