2483 3616
290 183 452 240 ΜΕ
488 180 739 240 TAM
775 181 922 238 OR
957 181 1191 241 P'lH‘O
1227 178 1349 240 SE
1386 183 1440 239 O
1474 182 1528 238 N
1600 181 1740 237 L'iss.

1812 181 1885 239 V.

2038 196 2134 246 335

302 277 566 331 Cernere:
605 275 716 329 vidi
735 275 909 346 ripsum
931 289 1178 331 materno
1203 277 1450 348 sanguine
1475 276 1629 330 nasci.

147 352 263 400 :260
298 348 514 417 Excipit
538 346 761 401 Uranie:
801 347 1189 421 Quaecumque
1213 349 1286 403 est
1309 348 1474 403 caussa
1496 346 1715 401 videndi

304 417 420 471 Has
444 418 567 481 tibi,
606 418 775 481 Diva,
813 419 1036 483 domOS,
1073 422 1249 474 animo
1275 419 1558 491 gratiffirna
1586 418 1767 473 nostro
1793 431 1863 471 εςο

305 489 450 544 Vera
474 502 651 544 tamen
677 490 814 543 fama
835 490 936 544 est:
979 492 1035 544 &
1068 492 1289 564 Pegasus
1314 491 1462 561 hujus
1490 492 1644 563 origo

304 558 504 614 Fontis.
540 561 688 628 &ad
711 563 889 616 latices
913 562 1135 618 deducit
1161 564 1367 617 Pallada
1390 563 1577 617 sacros,

307 631 464 703 Quae
489 633 674 687 mirata
700 634 793 687 diu
814 634 971 687 fastas
993 636 1144 706 pedis
1167 635 1354 690 iffibus
1378 634 1572 698 unda3‚

149 707 261 770 265
301 703 562 759 Silvarum
585 706 732 759 lucos
752 706 1115 777 circumspicit
1140 708 1510 780 antiqu-arum3
1880 742 1884 747 -

309 777 618 848 Antraque,
653 779 708 830 &
736 778 1025 831 innumeris
1053 778 1314 832 distinctas
1342 778 1567 833 floribus
1594 776 1815 832 herbas:

309 846 622 921 Felicesque
647 861 803 908 vocat
825 848 1022 919 pariter
1057 848 1319 922 studiique
1344 851 1558 923 locique

301 917 698 975 Mnemonidas
738 937 898 992 quam
923 918 990 971 fic
1015 920 1188 974 adfata
1212 922 1286 975 est
1310 939 1411 976 una
1435 922 1707 976 sororum:

314 991 395 1054 Ο,
426 991 528 1047 *nisi
554 1005 607 1046 te
635 993 800 1047 virtus
824 1007 985 1062 opera
1013 991 1079 1043 ad
1106 992 1301 1062 majora
1324 993 1543 1057 tulisset,

160 1082 270 1130 270
307 1062 366 1119 In
391 1078 598 1135 partem
624 1077 843 1119 ventura
870 1061 1022 1121 chori
1044 1063 1296 1119 Tritonia
1318 1064 1507 1128 nosti-i,

894 1251 1059 1289 Mirabile

26 1301 217 1347 monstrum
242 1301 444 1348 Cantabrig.
466 1302 563 1349 prior
583 1302 716 1338 ErFurt.
739 1302 914 1341 sccundus
935 1302 1058 1339 Medi-

26 1362 112 1388 ceus
127 1378 137 1394 ,
164 1352 202 1387 ὅ(
223 1359 379 1399 quatuor
400 1350 469 1387 alii.
483 1350 528 1388 1ie
543 1351 674 1388 Noster
685 1350 787 1401 saepe
800 1353 892 1389 alibi.
910 1353 1058 1389 Herus.

28 1400 168 1438 Eadem
191 1401 341 1437 varietas
362 1400 441 1437 infr.
454 1400 613 1437 lib.vi.11.
633 1402 692 1449 96.
723 1402 957 1452 Turbatusque
978 1402 1061 1438 novi

32 1450 195 1500 respondit
222 1451 370 1498 imagine
391 1451 496 1496 fabii.
532 1451 593 1488 ubi
616 1453 808 1496 nonnulli,
845 1452 996 1499 monstri.
1023 1453 1061 1489 &

35 1500 95 1538 lib.
118 1512 152 1537 x·
175 1511 255 1548 553.
283 1501 321 1537 ἃ
351 1500 475 1536 veteris
517 1501 705 1548 monstrum
738 1502 904 1539 mirabere
937 1502 1061 1552 culpae.

35 1550 96 1588 ubi
116 1550 154 1587 in
168 1550 382 1599 quibusdam
398 1578 408 1595 ,
426 1552 578 1596 fac‘lum.
615 1551 744 1588 Bunm.

86 1600 169 1637 260.
196 1601 329 1650 Excipit
350 1601 512 1650 Uranie]
542 1602 679 1650 Excipit
700 1618 710 1638 :
739 1602 869 1647 idest,
896 1602 1062 1651 Respon-

37 1651 109 1690 det.
144 1650 197 1687 Ita
225 1651 336 1688 infra:
373 1651 533 1700 Juppiter
564 1652 700 1700 excepit.
738 1654 775 1690 δε
796 1653 856 1690 lib.
878 1653 1062 1701 superiore

35 1700 97 1738 sub
116 1698 225 1786 finfm
240 1714 261 1738 r
275 1702 410 1751 Excipit
428 1715 516 1738 unus
537 1715 578 1738 ex
601 1715 739 1738 numero
771 1709 963 1740 Procerum.
1014 1703 1062 1740 Et

42 1762 77 1788 v.
100 1752 159 1787 Fal
179 1778 187 1786 .

84 1801 219 1846 Excicit
240 1802 387 1838 Uranie:
406 1803 516 1849 fecdre
527 1801 668 1851 filontia
689 1805 827 1839 cunetae
841 1831 851 1846 ,

131 1855 179 1887 Et
199 1865 269 1889 vox
290 1852 406 1888 audiri
428 1852 550 1898 nulla,
579 1851 643 1901 mfi
660 1853 725 1890 illa
743 1853 854 1902 potest.

44 1900 223 1950 Virg.·lib.
245 1914 302 1941 1v.

164 1956 253 1987 Tum
266 1950 315 2000 fic
335 1953 459 2002 excepit
479 1953 580 2001 Regia
603 1953 716 1999 June.

31 2001 169 2040 Statius
189 2002 248 2038 lib.
260 2014 293 2039 x.
313 2003 454 2052 Excipit
475 2003 547 2051 orfiz
567 2009 714 2051 Dymas.
742 2000 843 2041 Silius
860 2003 1018 2042 lib.x111.

545 2055 680 2103 Excipit
699 2054 752 2090 his
772 2064 895 2090 mater.

44 2102 129 2139 Val.
146 2102 291 2138 Flaccus
310 2101 370 2138 lib.
392 2114 443 2138 1v.
482 2103 616 2151 Excipit
639 2104 833 2152 Aefimides.
860 2103 992 2140 Graeci
1015 2103 1069 2141 di-

47 2160 136 2189 cunt
157 2151 333 2195 ὑπέλαβε.
384 2151 441 2187 Sic
471 2153 581 2188 etiam
615 2152 768 2190 dicimus
789 2155 948 2202 Excipere
968 2167 1071 2202 argu·

49 2211 168 2239 menta
186 2201 348 2245 alicujus,
375 2212 460 2238 cum
483 2202 517 2238 ei
535 2201 800 2250 respondemus.
828 2203 940 2240 Cios.

97 2253 172 2289 260
196 2253 435 2300 {Lenaea-‘imque
453 2251 536 2302 est.]
564 2253 696 2290 Malim
711 2281 722 2298 ,
736 2267 793 2290 ea.
805 2252 892 2290 Vid.
904 2253 977 2302 sup.
990 2266 1073 2301 217.

47 2303 193 2339 Heius.

99 2351 185 2389 261.
210 2351 342 2387 Animo
366 2349 414 2397 ‘est
443 2350 627 2398 gratiffima
659 2353 804 2403 nostra]

79 1249 165 1296 258.
191 1251 289 1288 Volui
310 1247 466 1287 mirabile
486 1253 628 1298 fabium
650 1248 838 1302 Cernere]

862 2368 864 2370 ’
881 2369 904 2393 n
936 2353 1077 2392 duobus

51 2402 142 2440 meis
156 2429 166 2445 ‚
194 2400 335 2437 duobus
356 2401 475 2437 Vatic.
499 2402 536 2438 ὅ(
557 2402 630 2438 aliis
644 2405 797 2446 ,Animo
815 2357 1005 2454 griztiffima
1020 2419 1079 2440 no-

47 2452 114 2499 stro
136 2451 189 2498 est.
217 2450 427 2487 CxorANus.
455 2451 552 2495 Alii,
574 2451 678 2497 nostro
690 2454 743 2499 est.
769 2454 1028 2500 Scribe‚n0stro
1040 2468 1082 2491 es.

54 2501 125 2547 ἐμῷ
147 2503 382 2547 κεχαρισμένη
402 2502 502 2546 θυμῷ.
526 2501 792 2539 hemistichium
816 2504 1082 2546 Homericum,

55 2550 158 2600 quod
179 2553 216 2588 Sc
241 2550 413 2597 Virgilius
439 2551 605 2598 expressit
619 2551 762 2590 Aneid.
776 2565 846 2589 xii.
864 2565 944 2599 142.

109 2600 273 2650 Nympha
295 2601 390 2636 decus
409 2599 740 2648 fluviorum‚animo
759 2601 948 2650 gratissima
962 2601 1081 2648 nostro.

55 2652 103 2689 Et
125 2651 298 2688 Sallustius
318 2650 397 2698 Jug.
421 2662 496 2687 xxv.
535 2650 627 2694 Jam
647 2651 720 2695 jam
735 2653 852 2695 frater
871 2653 987 2688 animo
1008 2665 1079 2688 meo

58 2700 246 2748 carissime:
275 2699 383 2737 verba
414 2699 492 2736 sunt
523 2700 736 2737 Atlierbalis.
765 2701 802 2737 δε
835 2696 1084 2738 Aristomenes

59 2752 153 2799 apud
165 2750 353 2798 Apulej.1.
381 2749 521 2786 Miles:
552 2750 647 2794 Jam
664 2752 742 2797 jam
760 2751 942 2797 grabatule
967 2751 1084 2787 animo

62 2814 131 2837 meo
151 2798 307 2847 cariffime
321 2828 331 2845 ‚
350 2799 412 2836 ubi
431 2799 514 2837 vide
533 2800 720 2837 Pricaeutn
741 2812 820 2850 pag.
833 2814 891 2848 41.
919 2803 1080 2849 Propert.

50 2850 116 2887 lib.
132 2863 163 2888 1.
181 2850 224 2887 el.
239 2862 289 2888 11.

111 2901 175 2936 His
193 2911 231 2937 tu
243 2901 372 2949 semper
388 2901 451 2937 eris
472 2900 599 2948 nostrae
613 2900 804 2949 gratiffima
832 2902 941 2939 menti
955 2929 965 2946 ‚

162 2950 288 2986 Taedia
308 2951 393 2986 dum
414 2950 551 2998 miserae
563 2949 638 2999 sint
659 2952 721 2987 tibi
742 2951 912 2990 luxuriae.

63 2999 117 3039 Ita
139 3000 271 3047 opinor
289 2999 358 3048 legi
379 2999 532 3044 debere,
570 3012 647 3037 non
676 3001 803 3046 nostrae
823 3003 931 3038 vitae.
960 3001 1083 3050 postea

66 3049 200 3087 deducit
221 3049 410 3094 nonnulli,
436 3051 551 3087 bene:
579 3058 619 3086 ut
638 3050 696 3088 lib.
714 3053 858 3089 11.106.
887 3053 1029 3090 Heras.

115 3099 199 3142 264.
219 3099 382 3147 fabrae]
419 3102 560 3136 Fraeias
597 3100 727 3138 Oxon.
767 3109 808 3138 ut
844 3101 961 3138 modo
993 3102 1084 3151 rupit

1988 1124 2143 1189 ⁷‘Vera

1115 1253 1279 1290 manicus
1291 1255 1329 1291 in
1347 1264 1446 1303 equo
1461 1280 1471 1298 ,
1500 1252 1654 1298 Asuftzeos
1659 1254 1775 1299 fontes
1785 1248 1901 1288 dextri
1915 1248 2010 1296 pedis
2024 1245 2145 1285 ielibus

1113 1302 1238 1351 haustt.
1265 1304 1395 1341 BuRM.

1163 1353 1246 1399 267.
1274 1354 1393 1391 Felices
1417 1353 1588 1404 studiique
1609 1351 1771 1401 locique]
1830 1351 1886 1389 Sic
1908 1349 2083 1387 Horatius
2109 1346 2148 1384 r?

1112 1402 1181 1440 Sat.
1200 1416 1254 1440 ix.
1272 1416 1324 1441 11.
1352 1404 1490 1441 Felicem
1513 1403 1634 1441 cerebri
1653 1403 1743 1439 dixit
1756 1402 1962 1444 Romanum,
1976 1401 2012 1435 δε
2024 1398 2146 1436 nescio

1112 1453 1207 1501 apud
1220 1466 1331 1503 quem
1345 1455 1607 1502 poetam‚fi›lix
1619 1453 1742 1489 animi.
1757 1453 1814 1489 alii
1825 1462 1948 1488 tamen
1962 1448 2150 1503 hocloco,

1105 1504 1284 1554 studioque
1302 1505 1432 1555 locoque
1455 1505 1604 1542 malunt.
1638 1503 1794 1539 Douzix.
1837 1500 1906 1538 Sed
1919 1500 2013 1537 male
2027 1527 2043 1554 ,ι
2063 1498 2150 1535 licet

1116 1555 1166 1590 ita
1184 1556 1221 1591 &
1242 1554 1390 1603 quidam
1424 1554 1578 1592 Heinsio
1611 1552 1760 1600 inspecti
1787 1552 1963 1605 habeant-.-
1996 1548 2082 1586 Vid.
2105 1547 2152 1584 ad

1116 1604 1177 1641 lib.
1203 1616 1282 1641 111.
1304 1616 1382 1652 132.
1405 1607 1443 1642 ὃς
1463 1604 1634 1642 Lambin.
1654 1603 1698 1640 ad
1721 1602 1755 1639 d.
1776 1603 1799 1639 l.
1819 1603 1977 1638 Horatii.

1170 1655 1254 1691 268.
1285 1655 1529 1704 Maeoniden]
1560 1654 1693 1690 Musas.
1720 1652 1917 1689 Maeonides
1938 1657 2060 1687 autem
2074 1655 2154 1705 non

1120 1717 1141 1741 a
1165 1706 1319 1741 Maeonis
1357 1704 1493 1742 filiabus
1521 1703 1670 1741 deviffis
1694 1730 1705 1746 ,
1740 1711 1780 1739 ut
1812 1701 1961 1751 quidam
1994 1700 2155 1738 somnia-

1120 1763 1204 1792 runt
1219 1784 1229 1799 ,
1255 1755 1312 1792 sed
1333 1754 1353 1792 a
1378 1755 1540 1792 Maeonia
1560 1754 1728 1791 dicuntur
1743 1781 1753 1796 ,
1779 1763 1819 1788 ut
1841 1752 1993 1787 Aonides
2015 1750 2059 1787 ab
2072 1750 2155 1785 Ao·

1122 1806 1180 1843 nia
1196 1833 1206 1848 ,
1228 1806 1375 1842 Pierides
1396 1805 1416 1842 a
1440 1805 1554 1842 Pieria
1570 1831 1579 1846 ,
1619 1803 1816 1852 Thespiades
1837 1801 1858 1838 a
1881 1800 2047 1847 Thespiis
2075 1799 2156 1853 sue-

1123 1863 1206 1892 runt
1236 1855 1510 1893 denominatae.
1562 1856 1789 1902 Quanquam
1822 1851 2002 1899 Myonides
2040 1860 2158 1904 prima

1124 1917 1187 1954 per
1208 1919 1227 1953 y
1249 1906 1429 1942 Graecam
1462 1905 1630 1942 vocalem
1663 1902 1812 1940 forsitan
1842 1901 1971 1939 rectius
1991 1900 2159 1937 scribere-

1124 1964 1193 1992 tur.
1247 1956 1344 1993 Nam
1371 1956 1515 2004 Myania
1537 1955 1618 1991 urbs
1639 1953 1687 1990 est
1700 1951 1867 1990 Phocidis
1882 1979 1892 1995 ,
1920 1951 1965 1988 de
1983 1961 2053 1999 qua
2066 1950 2157 2005 Pau-

1124 2005 1234 2042 sanias
1255 2006 1290 2042 in
1313 2007 1434 2054 primo
1456 2005 1688 2042 mentionem
1711 2003 1806 2040 facit.
1834 2003 2003 2038 Rectus.
2043 1999 2160 2035 Vide-

1125 2063 1183 2092 tur
1203 2057 1276 2092 hoc
1296 2055 1383 2094 loco
1406 2060 1537 2104 poeta,
1573 2053 1672 2103 quasi
1707 2052 1892 2101 quandam
1914 2061 2069 2087 crucem
2092 2060 2162 2096 po·-

1123 2104 1224 2142 suiffe
1236 2106 1505 2144 Grammaticis.
1526 2106 1658 2153 Neque
1677 2105 1776 2140 enini
1797 2113 1869 2150 qua
1891 2101 2032 2155 ratione
2045 2105 2163 2134 Maeo-

1127 2156 1228 2192 nidizs
1254 2158 1357 2206 (quo
1380 2156 1534 2193 nomine
1557 2153 1655 2203 Lydi
1677 2153 1760 2189 alias
1782 2155 2014 2192 vocantur‚a
2029 2150 2163 2185 Maeo-

1127 2217 1174 2242 ne
1197 2206 1311 2244 fluvio
1340 2206 1472 2243 scilicet
1495 2235 1504 2250 ‚
1532 2214 1572 2242 ut
1604 2203 1722 2252 inquit
1751 2201 1986 2255 Stephanus.)
2040 2197 2163 2234 Musas

1127 2256 1186 2293 ille
1207 2257 1359 2297 dixerit,
1388 2257 1577 2305 quisquam
1599 2254 1771 2291 haetenus
1793 2250 2082 2304 explicare-certo
2095 2259 2164 2295 po-

1131 2306 1211 2343 tuit.
1263 2307 1312 2344 Et
1335 2308 1521 2355 Myonidas
1535 2334 1544 2349 ,
1574 2303 1701 2353 (quod
1713 2302 1865 2338 verbum
1888 2300 2006 2347 Regio
2024 2297 2166 2357 perplaz-

1134 2364 1214 2400 cet,
1235 2357 1249 2403 )
1289 2356 1309 2393 a
1338 2357 1484 2405 Myonia
1513 2355 1599 2392 urbe
1619 2382 1630 2398 ,
1660 2363 1752 2402 quae
1777 2352 1987 2386 Locrorum
2007 2359 2164 2404 'proprie

1136 2406 1184 2442 est
1199 2435 1209 2449 ‚
1237 2415 1277 2443 ut
1299 2418 1344 2444 ex
1367 2406 1537 2443 Pausania
1555 2411 1654 2453 patet
1668 2431 1676 2446 ‚
1705 2401 1826 2438 Musas
1847 2399 2036 2447 appellari,
2057 2408 2168 2435 nimis

1135 2456 1245 2504 longe
1260 2457 1414 2503 petitum
1429 2483 1439 2499 ,
1467 2457 1504 2492 ὃς
1527 2453 1698 2500 exemplo
1720 2458 1826 2488 caret.
1870 2449 2020 2496 Propius
2041 2455 2168 2484 autem

1136 2505 1253 2542 fuerat
1267 2533 1277 2549 ,
1308 2506 1503 2541 Maeonides
1516 2503 1601 2548 dici,
1627 2502 1687 2538 vel
1708 2500 1729 2538 a
1749 2499 1926 2538 Maeonia
1942 2527 1952 2542 ,
1976 2507 2017 2548 ut
2038 2498 2169 2535 demus

1136 2554 1353 2591 Maeoniam
1377 2554 1572 2603 aliquando
1603 2552 1798 2589 Boeotiam
1823 2556 1994 2586 vocatam
2010 2577 2032 2604 ³.
2049 2547 2121 2584 sive
2145 2546 2170 2583 a.

1136 2604 1302 2641 Maeone
1317 2633 1328 2648 ‚
1354 2604 1562 2641 Haemonis
1582 2602 1656 2640 filio
1671 2629 1681 2645 ‚
1709 2603 1924 2655 qui,autore
1948 2600 2060 2636 Statio
2075 2626 2085 2642 ,
2111 2597 2171 2634 so*-

1136 2654 1189 2690 lus
1211 2654 1378 2701 superstes
1408 2666 1452 2691 ex
1474 2654 1513 2690 iis
1529 2681 1539 2696 ,
1560 2654 1623 2702 qui
1644 2647 1783 2699 Tydeo
1817 2648 1958 2687 infidias
1985 2650 2171 2707 fecerant,

1139 2703 1303 2741 manfiffe
1325 2704 1486 2741 traditur.
1513 2703 1586 2740 five
1608 2702 1718 2739 etiam
1739 2700 1896 2738 aliunde.
1932 2699 2005 2736 Vel
2027 2711 2046 2735 a
2070 2710 2173 2752 uecte-

1139 2755 1214 2790 σθκι
1228 2781 1238 2798 ,
1265 2754 1367 2803 quod
1387 2753 1540 2790 verbum
1559 2751 1729 2800 indagare
1749 2759 1858 2800 atque
1874 2749 2054 2797 inquirere
2067 2747 2170 2796 signi-

1141 2804 1225 2841 ficat
1241 2832 1251 2848 ,
1267 2804 1427 2852 'perinde
1449 2812 1488 2840 ut
1511 2802 1531 2840 a
1554 2802 1667 2839 verbo
1691 2803 1819 2845 μῶσθαι
1841 2800 1970 2837 Musae
1993 2798 2174 2835 dicuntur.

1143 2854 1214 2891 Sed
1233 2866 1353 2903 neque
1374 2855 1469 2891 hanc
1490 2851 1758 2901 etymologiam
1780 2851 1898 2888 ferent
1912 2849 2035 2886 Critici
2050 2877 2060 2891 ‚
2073 2859 2174 2885 eani-

1142 2915 1215 2953 que
1244 2915 1360 2953 aeque
1393 2903 1560 2940 coactam
1593 2902 1715 2939 dicent
1757 2902 1794 2938 δε
1825 2901 1932 2937 anxie
1964 2898 2174 2949 quaesitam.

1141 2954 1300 2991 Proinde
1321 2953 1534 3003 illud‚quod
1554 2952 1672 2989 solum
1694 2952 1731 2989 in
1753 2950 1878 2988 talibus
1901 2948 2084 2997 possumus
2097 2973 2106 2988 ,
2119 2945 2173 2980 dio

1140 3011 1267 3041 camus
1296 3004 1405 3048 licet,
1455 3003 1636 3040 Ovidium
1667 3013 1711 3039 ex
1744 3000 1884 3038 vetusto
1907 3000 2027 3046 aliquo
2061 2997 2174 3049 Grae-

1140 3065 1185 3090 co
1207 3057 1318 3102 po'e'ta
1346 3065 1487 3090 nomen
1507 3054 1582 3090 hoc
1607 3050 1827 3089 transtulisse.
1864 3059 1989 3100 verum.
2022 3054 2187 3098 quinat-nl

1142 3103 1201 3140 ille
1226 3103 1290 3148 fit,
1317 3111 1378 3141 aut
1409 3104 1471 3140 ubi
1502 3103 1585 3139 alias
1616 3113 1758 3138 nomen
1789 3101 1888 3136 idem
1916 3097 2107 3142 scriptum,
2134 3092 2173 3130 id

67 3148 168 3184 dixit.
190 3148 302 3188 facias
316 3149 395 3195 pede
412 3149 576 3198 praepetis
597 3160 689 3186 unus
703 3150 844 3187 Heinsii
859 3179 869 3195 ,
893 3152 956 3199 qui
978 3153 1090 3188 etiam
1146 3165 1214 3190 nos
1234 3153 1365 3190 scilicet
1387 3154 1566 3201 ignorare.
1620 3152 1717 3187 Nam
1748 3149 1847 3197 quod
1869 3144 2014 3193 quidam
2031 3142 2175 3201 dubita-

68 3195 157 3236 vers.
168 3206 250 3241 257.
276 3195 419 3233 volebat
432 3199 538 3246 fregit
552 3226 562 3242 ,
589 3199 673 3246 quia
694 3199 730 3234 in
745 3199 883 3247 septem
907 3200 1092 3238 codicibus
1147 3214 1232 3239 vere
1248 3230 1258 3245 ,
1278 3211 1401 3239 utrum
1425 3201 1660 3237 Mnemonides
1679 3198 1874 3246 legendum
1898 3193 2049 3248 foret3a
2064 3193 2186 3229 Mne-=

67 3250 246 3293 repererat
260 3270 270 3286 ,
282 3244 378 3289 fecit.
429 3249 526 3284 Pedis
542 3246 709 3295 unguibus
727 3248 897 3286 Gronov.
917 3249 978 3287 sed
1000 3250 1094 3299 Gerg
1148 3251 1302 3298 niosy-ne
1325 3250 1483 3289 deducto
1505 3249 1764 3298 patronymico
1777 3244 1950 3284 anomalo
1963 3269 1973 3289 ›
2000 3242 2039 3280 ld
2059 3254 2175 3289 assqsse

120 3299 212 3331 Tem.
238 3298 285 3344 ’ξ’-1,,

1645 3298 1682 3333 V
1695 3307 1716 3333 v
2065 3292 2181 3338 frix-0¹3
