2483 3616
294 139 1523 211 METAMORPHO‘SEON
1595 140 1738 197 Lra.

1813 142 1928 202 VII.
2073 158 2099 217 ς

2108 161 2139 196 Ο

2144 163 2177 217 7

332 255 541 312 Mutata
566 246 648 306 est*
665 248 718 305 in
743 268 896 306 avem
912 290 926 313 ‚
962 268 1097 324 quae
1124 267 1266 304 nunc
1290 267 1509 322 quoque
1537 246 1709 320 diligit
1733 266 1949 315 aurum3

327 330 490 399 Nigra
515 325 740 398 pedem3
783 325 946 396 nigris
971 321 1448 380 velat'amonedula
1471 321 1671 395 pennis,

38 544 119 587 fiilis
139 547 211 586 mel
232 546 416 595 optimum
431 547 647 595 proveniat,
675 547 813 586 causam
834 548 970 596 opinor
989 546 1073 590 esse,

36 599 137 649 quod
159 600 307 646 thymus
327 598 461 635 adflatu
485 599 627 635 marino
647 600 805 636 multum
825 599 1000 648 gaudeat,
1025 600 1075 636 uti

36 651 144 688 etiam
164 648 184 685 a
205 648 322 685 Plinio
343 648 571 686 observatum
596 649 687 686 Hist.
709 651 871 688 Natural.
886 651 977 688 libro
998 662 1075 688 xxx.

40 711 194 748 eap.10.
225 699 322 736 Nam
351 699 543 736 Corsicum
574 700 649 737 mel
683 701 908 749 ingratissimi
944 701 1076 748 saporis

39 749 171 788 merito
200 749 268 786 fuit
298 750 461 787 habiturn
487 778 496 793 ,
524 750 626 799 quod
654 750 882 800 absynthium
914 752 1075 789 &taxus

35 799 107 839 illic
124 801 278 837 ubertim
300 802 507 847 proveniat.
539 803 589 838 At
612 812 701 838 vero
723 807 831 851 Cypro
852 813 929 838 non
951 802 998 838 est
1019 801 1075 838 lo-

39 861 99 888 cus
117 858 318 898 oportunus
348 851 444 898 apud
468 851 653 888 Nasonem
668 878 678 894 ‚
706 853 769 901 qui
797 853 832 889 in
855 851 921 889 situ
942 851 1076 900 Cycla-

38 901 123 938 dum
146 900 380 938 describendo
406 911 505 939 totus
534 914 633 939 nunc
658 910 869 950 occupatur.
922 902 964 938 In
993 908 1075 950 Syro

36 952 191 1000 priorem
206 950 358 998 produci
382 964 426 989 ex
439 953 620 990 Strabonis
641 953 732 990 libro
752 953 900 989 decimo
913 960 1071 1000 apparet.

36 1010 180 1050 apparet
212 1002 249 1038 δί
271 1014 324 1038 ex1
344 1002 518 1040 Eustathii
547 1002 821 1040 commentariis
850 1011 926 1039 tam
953 1003 989 1039 in
1014 1002 1071 1039 O-

35 1050 193 1102 dysseam
218 1052 402 1095 Homeri,
430 1052 544 1102 quam
570 1055 620 1091 in>
637 1053 807 1102 Dionysii
830 1052 1072 1091 Alexandrini

35 1102 247 1152 Periegesin.
303 1103 478 1141 Ceterum
490 1104 591 1152 quod
614 1116 690 1141 non
703 1112 944 1152 concoquunt
962 1104 1074 1141 inter·

33 1162 148 1202 pretes
164 1153 309 1202 planam
327 1154 486 1203 Seriphon
508 1154 527 1191 a
544 1155 689 1191 Nasone
708 1154 853 1191 describi
868 1182 878 1198 ‚
890 1166 972 1192 cum
984 1166 1076 1203 geo-

36 1204 173 1253 graphis
203 1205 375 1241 omnibus
400 1205 540 1253 petrosa
577 1205 775 1253 appelletur
798 1233 809 1249 ‚
847 1207 883 1242 in
917 1217 963 1242 eo
998 1205 1074 1243 falsi

33 1255 124 1292 sunt.
178 1255 273 1291 Nam
293 1255 428 1292 &loca
449 1255 553 1304 plana
575 1265 682 1304 atque
707 1255 914 1304 campestria
930 1253 1076 1304 possunt

38 1303 107 1342 esse
126 1304 306 1352 lapidosa,
345 1306 458 1355 qualis
500 1307 537 1343 ὃς
568 1307 736 1355 Seriphos
762 1306 950 1354 putanda.v
986 1307 1075 1344 Non

36 1354 137 1393 fuisse
161 1356 366 1394 montosam
387 1357 565 1405 Seriphon
589 1365 651 1394 aut
677 1357 806 1394 elatam
831 1358 889 1394 vel
908 1357 994 1395 hinc
1013 1367 1076 1406 pa*

31 1408 447 1455 tet‚quodmagna-illic
466 1419 634 1445 ranarum
664 1408 868 1456 frequentia
889 1407 1074 1454 exstiterit;

34 1456 132 1494 unde
157 1466 298 1495 natum·
316 1458 485 1506 adagium
509 1486 520 1503 ‚
550 1457 653 1506 quod
679 1458 774 1506 apud
803 1459 1076 1508 paroemiog-ra-

32 1508 125 1556 phos
154 1509 312 1546 occurrit
348 1510 502 1546 crebro:
544 1509 735 1556 βάτραχος
763 1508 804 1544 ἐκ
837 1510 1010 1555 Σερὶφῡυ,
1037 1511 1076 1548 &

33 1557 224 1603 βάτραχος
250 1558 434 1605 Σερίφτος.
463 1559 536 1597 Ubi
560 1572 660 1597 ranas
700 1560 869 1608 progigni
889 1569 1005 1598 mutas
1027 1561 1076 1598 ob

35 1608 190 1644 nimiam
229 1620 346 1657 aquae
375 1609 608 1658 frigiditatem
643 1610 818 1647 Aelianus
845 1612 882 1647 in
918 1611 1075 1649 Historia

34 1657 264 1695 Animalium
288 1659 379 1697 libro
411 1673 475 1697 111.
512 1672 588 1708 cap.
610 1672 757 1698 xxxvii.
793 1660 954 1699 Tzetzes
985 1662 1074 1699 Chi-

36 1707 121 1746 liad.
146 1720 233 1746 virt.
254 1709 347 1747 Hist.
375 1713 455 1756 167.
490 1710 706 1759 Apostoliusr
721 1712 758 1748 in
778 1711 957 1758 βάτραχοι
976 1712 1076 1756 Σερί-

34 1759 117 1804 Φιοι.
144 1759 238 1806 apud
259 1760 410 1798 Suidam
437 1763 472 1799 in
501 1761 576 1799 hoc
595 1761 723 1809 adagio
743 1762 838 1800 forte
859 1763 1073 1811 legendum,

36 1808 68 1847 οἱ
106 1809 142 1845 ἐν
168 1811 302 1857 Σερίφῳ
342 1811 524 1857 βάτραχοι
556 1811 853 1857 κομισθέντες-»εἷς
881 1816 983 1856 Σύρον
1013 1814 1078 1850 οὐκἰ

36 1859 275 1906 ἐφθέγγοντο,
298 1874 374 1900 non
395 1862 447 1904 εἷς
483 1864 635 1907 Σκύρσν,
673 1863 775 1912 quod
796 1876 895 1902 nunc
915 1866 1075 1903 circum-

34 1911 158 1948 fertur.
186 1913 296 1950 Certe
317 1913 446 1951 Statius
464 1914 633 1961 Papinius
653 1924 737 1952 cum
762 1914 901 1963 Scyron
928 1927 1074 1954 accura-

35 1967 74 1998 te
95 1960 266 2000 describat
293 1964 331 2000 in
358 1964 418 2002 sua
449 1964 655 2002 Achilleide
679 1993 689 2009 ‚
717 1976 785 2002 nec
806 1977 974 2013 ranarum
1000 1968 1074 2005 huc

37 2021 85 2048 ex
103 2012 254 2060 Seripho
277 2013 406 2051 deferri
423 2014 606 2052 solitarum
622 2044 632 2059 ‚
660 2016 945 2065 necScyriarum
965 2028 1078 2066 apum*

38 2062 271 2100 mention-em
302 2065 361 2101 vel
387 2066 579 2103 minimam
608 2067 704 2104 facit.
758 2068 826 2104 Pro
854 2073 935 2116 Syro
961 2070 1074 2106 etiam

41 2111 217 2148 mendose
239 2113 332 2161 scyri
350 2126 489 2152 nomen
519 2117 615 2164 apud
637 2118 726 2154 alios
744 2117 931 2166 scriptores
957 2120 1074 2157 incul-

39 2168 160 2198 catum
173 2161 381 2216 offenditur.
402 2165 471 2202 Sed
484 2167 668 2215 operosius
680 2178 798 2215 aequo
813 2169 963 2207 fortassis
975 2170 1074 2208 hunc

41 2210 202 2267 Nasonis·
218 2212 342 2250 locum
361 2214 621 2255 illustravimus:
646 2219 853 2257 Praesertim
878 2232 962 2258 cum
987 2222 1074 2259 &in

0 2279 1 2306 i
38 2259 271 2310 sequentibus
289 2275 365 2300 non
384 2264 484 2309 defit,
500 2279 575 2315 quo
596 2280 833 2316 occupemur.
862 2272 1075 2310 Hfiinsms.

91 2313 174 2358 464.
202 2312 420 2364 planamque
441 2317 642 2367 Scapham]
679 2319 847 2366 Seriphos
868 2333 938 2359 una
962 2322 1009 2360 est
1029 2334 1079 2361 en

42 2361 259 2410 Cycladibus
279 2363 373 2401 adeo
394 2365 573 2413 lapidosa,
599 2377 641 2405 ut
660 2370 723 2416 qui
747 2370 914 2417 S'eriphiis
944 2374 1076 2410 convi-

41 2413 202 2457 ciantur,
231 2414 266 2451 id
284 2415 442 2463 inspeffla
463 2415 648 2454 obvenisse
670 2419 849 2466 Gorgone
878 2422 1077 2460 causentur.

41 2463 140 2500 Nam
173 2468 237 2510 (ut
255 2466 364 2502 refert
393 2466 518 2503 Strabo
548 2467 626 2504 libr.
648 2470 704 2509 x.)
741 2470 778 2505 in
802 2470 859 2505 illa
881 2471 975 2507 faeta
997 2473 1078 2509 vul-

39 2522 188 2561 gantur,
216 2526 311 2564 quae
332 2515 351 2552 a
370 2518 489 2563 poetis
500 2516 582 2555 fieta
601 2519 758 2556 fuerunt.
784 2519 945 2568 Dietyen
967 2522 1078 2568 pisca-

39 2570 159 2602 torem
189 2577 308 2603 arcam
342 2565 528 2604 adduxisse
558 2568 797 2611 retibus-»sin
830 2582 902 2618 qua
932 2571 1077 2609 Perseus

40 2625 124 2652 cum
146 2624 260 2653 matre
277 2617 693 2662 Danaecontinebatur,
706 2631 790 2655 cum
804 2619 1077 2670 utrumquepa-

40 2671 96 2702 ter
115 2666 271 2704 Acrisius
288 2668 324 2704 in
344 2679 443 2705 mare
463 2667 683 2717 projecisset.
724 2669 764 2705 In
783 2670 840 2706 illa
863 2682 950 2709 vero
968 2673 1079 2710 insula

39 2713 184 2754 Perseus
214 2717 386 2755 educatus
415 2717 518 2755 fuisse
549 2718 727 2766 proditur.
762 2722 826 2766 qui
855 2733 938 2758 cum
972 2732 1078 2770 caput

43 2764 226 2813 Gorgonis
252 2768 398 2805 allatum
431 2769 599 2817 Seriphiis
626 2768 863 2814 ostendisset,
892 2773 1078 2811 universos

42 2816 194 2853 mutasse
224 2817 262 2854 in
292 2818 446 2866 lapides,
473 2819 584 2869 idque
614 2821 664 2857 in»
683 2821 803 2857 matris
823 2822 1003 2859 ultionem
1026 2825 1078 2861 fa-

44 2863 199 2908 ditasse,
226 2867 310 2914 quia
338 2869 404 2906 illis
433 2869 657 2918 adjutoribus
676 2872 814 2918 Seriphi
835 2884 896 2909 rex
918 2874 1078 2921 Polyde-

41 2913 114 2952 &ces
126 2915 170 2952 ad
181 2918 323 2963 nuptias
345 2919 498 2957 invitam
517 2919 698 2969 adegisset.
727 2922 896 2960 Remu&
918 2923 1075 2961 planam

42 2975 129 3013 orgo
147 2975 257 3003 vocat
279 2966 393 3004 Ovid.
419 2970 477 3006 vel
498 2968 828 3016 uw'ozvoeitppmcv,
856 2974 954 3023 quasi
974 2987 1070 3024 quae

2015 389 2179 450 FAB.

1131 545 1236 584 Tim.
1255 544 1400 582 Fan-fia.
1428 542 1511 581 Lib.
1529 554 1574 580 11.
1592 541 1701 590 Epist.
1714 540 1773 588 69.
1793 539 1852 578 sed
1868 540 1943 578 hoc
1958 540 2035 588 jam
2059 551 2172 579 occu-²

1127 598 1228 646 pavit
1259 596 1491 633 Constantius
1527 592 1707 631 Fanensis,
1761 593 1915 629 Miratur
1952 592 2062 628 etiam
2087 591 2171 629 Sca-

1129 649 1241 696 liger,
1267 658 1330 684 cur
1362 645 1522 682 Ovidius
1545 644 1692 693 planam
1724 642 1845 686 dicat,
1874 642 1919 680 ad
1950 642 2064 679 Citin.
2090 653 2172 690 pag.

1131 699 1190 736 82.
1220 710 1289 735 nec
1308 692 1404 734 certe
1438 696 1606 733 satisfacit
1636 693 1780 732 Heinsii
1801 694 1894 730 ratio
1916 691 1937 729 a
1960 692 2052 730 ranis
2078 694 2173 739 peti-

1129 758 1176 786 ta.
1205 761 1290 786 nam
1315 749 1351 785 in
1369 755 1547 784 montana
1571 744 1682 782 insula
1712 745 1820 782 etiam
1847 744 1943 781 lacus
1962 744 1999 780 in
2020 742 2172 780 vallibus

1131 798 1200 836 esse
1230 797 1387 848 possunt.
1437 797 1649 846 Plenamque
1669 795 1716 833 est
1734 796 1772 832 in
1792 806 1869 832 uno
1891 792 2062 831 Leidensi
2084 820 2095 837 ,
2131 794 2173 830 &

1130 849 1238 886 MSS.
1251 849 1472 887 Bersmanni.
1492 859 1586 897 quae
1606 858 1680 884 vox
1700 846 1825 895 passim
1849 857 1934 883 cum
1953 843 2062 894 plana
2080 842 2173 881 solet

1130 901 1363 938 commutari.
1418 899 1488 937 Sed
1516 899 1601 936 licet
1632 909 1698 946 pro
1720 897 1834 934 divite
1863 895 2051 944 possimus·
2064 905 2173 942 cape<

1129 962 1166 987 re
1180 978 1190 992 ,
1217 962 1292 987 non
1313 959 1437 988 tamen
1454 948 1747 996 satisfacit‚›quia
1769 949 1863 984 inter
1881 946 2017 994 asperas
2038 946 2075 982 ὅ(
2095 946 2173 982 fere

1126 1000 1277 1037 desertas
1294 1001 1384 1038 solet
1399 1000 1573 1037 recenseri
1591 998 1729 1036 iri-sulas.
1758 997 1783 1034 fi
1796 997 1942 1046 planam
1967 997 2083 1045 capias
2103 1007 2173 1044 pro

1127 1050 1283 1098 depressa
1317 1050 1444 1087 humili
1471 1058 1512 1087 ut
1539 1049 1653 1086 Statio
1682 1061 1711 1085 1.
1731 1048 1951 1096 Achil.2o5.
1979 1054 2108 1084 metuo
2129 1054 2172 1084 ut

1130 1102 1169 1138 ὃ(
1187 1102 1260 1138 hoc
1279 1101 1417 1148 placeat
1446 1100 1491 1137 de
1518 1099 1636 1136 saxosa
1661 1099 1771 1136 insula
1785 1127 1796 1144 ,
1823 1111 1934 1148 quare
1956 1099 1992 1136 ὅ(
2007 1097 2173 1135 Batthius

1131 1151 1298 1188 hamilem
1320 1163 1398 1188 non
1413 1149 1616 1187 admodum
1631 1149 1810 1187 celebrem
1832 1151 2098 1197 interpretatur.
2110 1148 2173 1187 sed

1130 1202 1249 1240 nodus
1266 1202 1326 1239 hic
1345 1210 1491 1239 maneat
1503 1201 1608 1238 nobis
1627 1213 1703 1237 non
1723 1200 1927 1238 solvendus.
1955 1199 2174 1238 BuRMANN.

1182 1254 1265 1301 465.
1294 1258 1599 1302 Asarmoreamque
1621 1251 1772 1300 Paron.]
1797 1251 1900 1299 Virg.
1927 1263 1993 1288 111.
2012 1250 2173 1289 Aeneid-

1132 1303 1181 1342 cb
1203 1305 1392 1341 marmoris
1415 1303 1612 1340 candorem
1633 1302 1775 1337 niveam
1799 1309 1920 1338 vocat.
1949 1302 2172 1340 CIOFANUS'.

1165 1357 1439 1404 465,Qamque
1446 1353 1550 1402 impia
1558 1352 1840 1402 prodiditArnen
1852 1351 2031 1400 Sithonia]
2044 1353 2174 1400 Quae-

1130 1417 1217 1442 nam
1238 1406 1346 1443 fuerit
1368 1406 1426 1442 illa
1445 1404 1604 1441 Sithonis
1627 1403 1744 1451 puella
1763 1430 1773 1446 ,
1800 1414 1894 1451 quae
1915 1411 2067 1450 accepto
2080 1414 2174 1440 auro

1131 1456 1290 1493 hostibus
1309 1456 1435 1493 Arnen
1457 1455 1607 1492 insulam
1627 1453 1848 1502 prodiderit,
1861 1461 1971 1502 atque
1984 1454 2019 1489 in
2039 1465 2175 1490 mone-

1130 1507 1254 1545 dulam
1277 1518 1384 1544 avem
1416 1507 1492 1543 auri
1521 1506 1684 1543 maxime
1710 1505 1873 1542 furacem
1902 1504 2074 1541 conversa
2092 1505 2175 1541 fue-

1130 1559 1200 1601 rit,
1228 1570 1305 1595 non
1319 1554 1689 1604 meminimelegisse.
1717 1556 1886 1592 Rmxus.
1914 1555 2174 1592 ArnenBoeo·

1128 1610 1200 1646 tiae
1222 1608 1351 1646 urbem
1373 1608 1525 1645 invenio
1544 1605 1647 1645 fuisse
1662 1634 1671 1650 ,
1698 1606 1742 1643 ab
1764 1610 1864 1642 Arne
1887 1605 1996 1643 Aeoli
2017 1604 2088 1642 filia
2116 1605 2175 1643 di-

1129 1659 1238 1697 cstam.
1265 1659 1359 1697 Item
1375 1687 1384 1704 ,
1410 1658 1561 1695 alteram
1583 1655 1830 1695 Thessalicam
1845 1655 1886 1701 ,a
1906 1656 2090 1704 superiore
2108 1656 2175 1693 de-

1128 1709 1275 1748 dudam
1290 1738 1300 1753 ‚
1328 1718 1368 1747 ut
1390 1710 1589 1757 Stephanus
1610 1710 1670 1745 ait.
1698 1708 1758 1745 De
1776 1707 1888 1744 insula
1908 1714 2033 1744 autem
2054 1711 2171 1751 Arne,

1127 1761 1218 1798 nihil
1240 1761 1322 1798 alibi
1341 1761 1496 1808 reperio.
1523 1759 1592 1796 Sed
1610 1760 1735 1796 locum
1746 1759 1846 1796 hunc
1857 1765 2069 1804 corruptum
2083 1755 2169 1806 esse,

1129 1812 1243 1849 etiam·
1272 1811 1471 1848 verborum
1503 1818 1698 1847 contextus
1726 1810 1842 1858 arguit
1865 1836 1875 1853 9
1913 1807 2063 1857 quando
2093 1807 2174 1845 duo

1128 1862 1239 1901 verba
1259 1862 1454 1900 indicativa
1475 1889 1485 1906 ,
1507 1861 1661 1910 prodidit
1682 1886 1693 1902 ‚
1729 1859 1902 1897 videlicet
1922 1887 1932 1903 ‚
1962 1859 2001 1895 &
2029 1868 2179 1895 mutam

1129 1913 1194 1960 est,
1223 1914 1260 1951 in
1289 1912 1418 1950 eadem
1449 1911 1606 1960 periodo
1639 1911 1710 1948 sese
1743 1911 1876 1959 absque
1899 1909 2174 1957 conjunctione

1127 1964 1338 2002 sequuntur.
1391 1965 1619 2012 Quanquam
1639 1962 1747 2010 igitur
1768 1961 1851 1998 alias
1872 1960 1918 1997 de
1937 1969 2016 1997 tota
2031 1961 2100 1997 hac
2118 1961 2175 1996 fa-

1130 2014 1213 2052 bula
1235 2015 1325 2052 nihil
1344 2014 1517 2052 haitenus
1539 2014 1726 2050 inveniam
1742 2040 1753 2056 ‚
1780 2024 1825 2048 ex
1847 2010 2029 2048 Laetantii
2045 2020 2173 2047 tamen

1130 2065 1307 2103 sententia
1332 2093 1342 2110 ,
1376 2065 1460 2113 lego
1480 2070 1583 2101 Arne
1602 2091 1612 2107 ‚
1650 2063 1886 2100 nominativo
1915 2060 2006 2098 casu.
2033 2073 2099 2108 pro
2119 2062 2174 2096 si-

1130 2115 1245 2153 thonis
1264 2124 1387 2154 autem
1409 2114 1572 2164 Cythnon
1591 2125 1675 2151 cum
1697 2112 1868 2161 particula
1887 2123 1931 2150 <9¹
1953 2138 1963 2153 ‚
1993 2111 2072 2154 vel,
2101 2110 2177 2147 ubi.=

1129 2178 1239 2215 quain
1260 2168 1288 2204 is
1304 2195 1312 2211 ‚
1336 2167 1399 2216 qui
1415 2167 1541 2204 locum
1561 2166 1663 2202 hunc·-
1681 2162 1893 2201 immutavit
1906 2160 2037 2205 ‚versus
2057 2162 2177 2209 gratia

1129 2216 1297 2255 sustuliffe
1319 2218 1464 2255 videtur
1477 2244 1486 2260 2
1499 2217 1585 2253 ‘hoc
1603 2214 1742 2252 modo:

1356 2271 1574 2317 Quanquam
1597 2265 1703 2315 impia
1719 2262 1872 2314 prodidit
1893 2267 1993 2299 Arne

1183 2319 1348 2368 Cythnon
1362 2347 1370 2361 ‚
1400 2330 1442 2358 (φ’
1467 2326 1599 2366 accepto
1618 2316 1709 2366 qued
1728 2326 1842 2352 avara
1856 2315 2042 2363 poposcerat
2054 2316 2169 2359 “aureg

1188 2377 1335 2406 Muta-ra-
1350 2369 1391 2416 est
1411 2370 1447 2405 in
1468 2381 1592 2409 avem,
1621 2379 1693 2406 σε.

1132 2421 1231 2456 Nam
1253 2420 1421 2456 Laetant.
1440 2419 1566 2455 Arnen
1590 2413 1783 2464 prodidisse
1796 2414 1944 2464 patriam
1962 2413 2053 2451 hosti
2068 2425 2169 2457 ‚non

1133 2469 1321 2507 Sithonida
1336 2497 1345 2512 ‚
1374 2477 1441 2506 aut⁴
1456 2468 1656 2504 Thraciam
1677 2467 1836 2515 aliquam
1850 2493 1860 2509 ,
1893 2475 1931 2502 ut
1948 2465 2013 2502 hic
2033 2466 2172 2513 Regius

1130 2519 1260 2556 sentire
1278 2520 1444 2562 videtur,
1471 2519 1507 2554 in
1527 2518 1748 2565 argumentis
1768 2516 1864 2554 dicit.
1894 2517 2118 2564 Quanquam
2131 2518 2181 2554 ὃς·

1132 2569 1223 2606 haec
1240 2569 1351 2606 leetio
1373 2581 1454 2606 mea
1475 2569 1521 2605 ita
1547 2569 1660 2616 accipi
1684 2567 1813 2611 debet,
1851 2575 1891 2604 ut
1910 2578 1957 2603 ne
1979 2578 2045 2614 pro
2067 2578 2173 2614 prae-

1133 2620 1230 2656 torio
1254 2619 1376 2657 edicito
1398 2619 1583 2656 habeatur.
1610 2619 1836 2655 Micums.
1889 2616 1931 2654 In
1956 2629 2032 2654 uno
2057 2627 2183 2662 meo,-

1135 2669 1257 2706 Sithon
1296 2683 1340 2710 (9³
1372 2679 1500 2719 accepto
1522 2697 1532 2713 ‚
1570 2669 1660 2717 quod
1687 2680 1803 2704 avara
1829 2668 2040 2717 poposcerat,
2074 2680 2174 2705 aare.

1135 2720 1278 2758 Plautus
1300 2722 1336 2758 in
1359 2721 1583 2758 Curculione
1604 2732 1631 2756 1.
1653 2732 1681 2756 1.
1702 2720 1762 2767 63.
1799 2718 1907 2754 Alias
1926 2731 1980 2754 me
1991 2718 2095 2768 pofiit
2112 2728 2183 2766 prox

1134 2770 1206 2806 illa
1222 2771 1366 2819 triginta
1387 2771 1523 2815 minas,
1550 2769 1643 2807 alias*
1661 2769 1836 2806 talentum
1856 2781 2034 2816 magnum.
2066 2768 2184 2806 Idem·

1134 2822 1170 2858 in
1193 2821 1429 2861 Bacchidibus
1450 2833 1505 2858 iv.
1526 2833 1578 2857 iv.
1604 2833 1660 2869 52.
1698 2826 1861 2857 Ceterum
1877 2832 1985 2868 quam
2004 2818 2096 2854 lubet
2115 2832 2171 2872 pre

1129 2873 1452 2919 poscitoteaurum.
1497 2871 1718 2908 emmaus.
1773 2872 1847 2908 Hic
1874 2872 1999 2907 denuo
2029 2868 2169 2916 grassati

1131 2922 1213 2959 sunt
1234 2923 1385 2970 impune
1399 2924 1623 2970 interpretes.
1651 2922 1787 2971 Scripta
1800 2930 1966 2958 veterum
1987 2919 2170 2974 membra-

1130 2983 1258 3010 narum
1289 2973 1400 3011 sedtio
1429 2972 1475 3010 eo
1505 2973 1653 3017 recidit,
1680 2982 1721 3010 ut
1750 2982 1813 3009 aut
1833 2999 1842 3014 ,
1871 2981 2044 3021 quamque
2061 2977 2184 3015 zmpta-

40 3016 197 3053 mininie
216 3017 321 3064 plana
339 3016 485 3060 sin-sed
501 3021 618 3068 aspera
641 3034 682 3059 a:
702 3023 898 3067 pettit-osi:
926 3026 1006 3069 vel,
1029 3035 1069 3065 ut
1119 3024 1272 3072 prodidit
1296 3034 1396 3061 Arne
1420 3024 1588 3061 exhibeat
1611 3052 1621 3069 2
1648 3033 1710 3060 aut
1735 3034 1930 3072 quamque,
1960 3025 2185 3061 Amm’aut'

40 3063 141 3120 supra
154 3093 163 3109 ‚
187 3066 330 3114 planam
351 3078 392 3102 ac
411 3067 586 3108 humilem.
599 3073 773 3110 Micut.
802 3074 926 3112 Sciunt
939 3088 1090 3114 omnes»

39 3115 218 3170 Seriphon
236 3115 400 3168 noneffe
423 3118 564 3164 planam
579 3149 589 3162 ‚
618 3125 720 3169 quod
743 3136 787 3160 ex
808 3126 987 3163 veteribus
1001 3128 1071 3164 ho·

37 3161 523 3261 §zeerisqiliteiuqiessigxraphis
542 3172 688 3209 constat.
722 3173 921 3222 legendum
947 3177 1072 3225 itaque

91 3267 236 3300 Parvae
245 3266 356 3303 ,κῆον
372 3266 554 3317 Pol-ydee'la
564 3296 567 3299 -
577 3268 737 3320 Seriphi?-

1125 3074 1285 3122 dcnique
1298 3103 1307 3118 ‚
1320 3088 1455 3125 quaque
1474 3075 1580 3124 impia
1598 3074 1748 3124 prodidit
1761 3077 1885 3108 Arnen
1899 3097 1908 3111 ‚
1920 3069 2008 3110 sive,
2028 3076 2183 3104 Arnenr

1126 3126 1235 3161 nullo·
1249 3125 1338 3161 arcis
1366 3126 1493 3162 relicto
1526 3125 1675 3173 usquam
1701 3123 1862 3169 vestigio.
1914 3120 2057 3172 Praeter
2076 3118 2168 3156 haec

1127 3173 1459 3221 Berneggerianus‚
1487 3173 1608 3210 Sithon
1630 3182 1820 3218 &ao-cepto.
1848 3167 1953 3222 quod.
1972 3168 2010 3204 ὃ(
2029 3180 2066 3204 in
2089 3181 2188 3206 uno—

1127 3223 1298 3260 codicum
1317 3225 1463 3260 suorum
1476 3225 1666 3260 invenerat
1684 3222 1869 3258 Ciofanus.
1897 3218 1957 3254 alii
1986 3219 2187 3263 nonnulli,.-

1125 3272 1463 3322 scyzhonisaccepto.
1518 3274 1589 3312 Pro
1611 3277 1711 3308 Arne
1735 3270 1799 3306 stat
1821 3270 1984 3307 omnino
2006 3269 2185 3306 vetustus:

1633 3321 1704 3358 Sss
1732 3330 1764 3369 3
1996 3318 2192 3369 scriptorg..
