2483 3616
623 166 737 223 IN
809 138 1945 222 METAMORPHOSIN-

204 290 403 343 legendum
426 290 490 332 est.
543 290 708 341 Quando
725 285 899 336 Virgilius
917 299 1070 338 quoque
1091 287 1138 326 fic
1149 297 1249 328 amat

206 344 335 394 loqui,
365 352 405 382 ut
426 343 637 381 Relativum
659 339 702 376 ab
724 337 983 376 Antecedente
1003 339 1191 384 abstrahat,
1209 341 1246 378 ὅ(

208 407 294 434 cum
325 395 398 432 alio
431 391 680 433 Substantivo,
720 388 824 438 quod
851 390 948 438 prius
981 390 1247 438 repraesentet,

205 457 270 495 per
291 447 418 484 omnia
438 442 617 481 construat
635 447 843 478 ceterorum
865 439 1151 488 Adjeetivorum
1165 452 1250 479 mo-

207 507 258 534 re.
288 505 327 534 ut
348 495 430 533 Lib.
454 495 481 531 I.
507 490 657 528 AEneid.
678 491 766 529 vers.
795 502 876 538 191.

259 546 422 593 Constitit
440 543 515 585 hic,
542 555 729 591 arcumque
745 554 877 585 manu,
906 541 1089 592 celeresque
1099 542 1253 593 sagittas

258 595 451 647 Corripuit,
472 591 568 640 fidus
589 605 675 643 quae
693 592 760 629 tela
773 591 912 641 gerebat
934 593 1100 632 Achates.

212 649 250 686 δί
274 648 355 687 Lib.
377 644 464 681 Vll.
494 644 582 681 vers.
605 656 689 690 477.

260 703 351 737 Arte
373 708 466 732 nova
479 695 655 744 speculata
673 694 806 738 locum,
834 708 898 746 quo
919 695 1035 733 littore
1049 695 1192 746 pulcher

262 747 397 798 Infidiis
417 747 582 794 cursuque
594 748 693 793 seras
711 744 871 795 agitabat
894 747 1000 785 lalus.

210 797 295 837 Fab.
318 811 371 836 vx.
392 797 481 835 vers.
499 798 585 845 269.

385 859 428 888 <9⁶
445 857 559 885 mater
571 876 581 893 ‚
610 848 702 899 quod
714 848 780 887 vix
800 849 892 888 mihi
910 849 1052 899 contigit
1068 849 1151 894 uni,

261 907 316 938 De
332 900 427 946 Jove
448 899 532 936 vult
546 899 638 947 fieri.
834 907 836 909 ’

208 953 345 993 Lectio
376 949 477 988 sensu
508 951 678 999 perplexa
711 960 821 1002 atque
847 951 1045 1000 impedita,
1075 950 1114 988 &
1142 961 1253 999 quam

212 1003 314 1043 citius
346 1002 510 1051 juverim
553 1001 817 1042 emendatione
854 1002 970 1052 quam
1007 1002 1256 1050 explicatione

211 1054 432 1094 evolverim.
452 1062 600 1097 tamen,
629 1053 719 1102 quid
741 1054 805 1092 fibi
824 1055 938 1098 velit,
965 1052 1175 1091 rimandum
1200 1052 1259 1089 est.

212 1107 279 1145 Ait
300 1105 399 1152 Juno
424 1103 485 1141 vix
508 1102 570 1141 fibi
591 1105 655 1142 uni
675 1103 888 1154 contigisse,
918 1114 957 1142 ut
978 1104 1024 1142 de
1044 1104 1140 1151 Jove
1156 1102 1260 1140 fieret

212 1164 341 1197 mater.
395 1153 517 1203 Ergo,
545 1154 647 1204 quod
670 1155 731 1192 vix
759 1157 824 1194 uni
844 1156 1027 1206 contigit,
1055 1154 1159 1192 alteri
1181 1165 1260 1191 non

210 1207 377 1254 contigit.
432 1207 484 1244 At
504 1206 577 1243 hoc
595 1205 720 1243 falsum
744 1207 817 1251 est3
846 1219 931 1245 nam
958 1208 996 1244 ὃς
1020 1206 1090 1251 Io,
1116 1205 1154 1243 &
1176 1205 1263 1242 Cal-

209 1259 290 1298 listo
324 1256 369 1293 de
400 1256 495 1301 Jove
527 1265 752 1305 pepererant.
808 1258 870 1295 An
903 1257 1013 1306 igitur
1034 1285 1043 1301 ‚
1081 1257 1166 1306 quia
1196 1256 1261 1294 uni

211 1319 291 1348 non
321 1308 499 1353 contigit,
532 1308 634 1354 quod
656 1308 720 1345 uni
741 1309 956 1357 contingere
974 1307 1101 1346 debuit
1115 1336 1124 1350 ‚
1152 1308 1181 1345 is
1199 1306 1262 1345 ad·

211 1359 333 1398 versus
353 1356 522 1394 Semelen
551 1357 758 1406 indignatur
779 1358 794 1396 ?
823 1360 870 1396 Et
892 1371 987 1409 quae
1008 1359 1046 1396 in
1065 1370 1112 1396 eo
1135 1357 1262 1396 Seme-

210 1411 263 1450 les
284 1409 389 1457 culpa
410 1405 426 1444 ?
453 1405 505 1444 sm
526 1406 562 1445 ld
584 1407 727 1446 tantum
749 1418 964 1460 exaggerat,
992 1408 1095 1459 quod
1117 1409 1263 1447 Semele

211 1461 260 1500 de
289 1462 385 1509 Jove
413 1457 449 1496 se
483 1466 639 1497 matrem
673 1459 811 1498 faetum
839 1461 880 1498 iri
910 1461 1046 1508 sperat,
1075 1460 1178 1509 quod
1202 1460 1263 1497 vix

213 1512 284 1551 fuit
311 1521 351 1550 ut
382 1509 453 1558 ipsa
478 1508 607 1555 fieret,
643 1510 726 1548 cuin
758 1519 884 1550 tamen
913 1512 955 1549 fit
982 1511 1112 1549 divum
1141 1511 1265 1559 regina

214 1562 395 1652 ngisfiuie
428 1561 465 1597 ὃ(
493 1559 596 1599 soror
627 1563 664 1599 &
693 1563 853 1612 conjux;
882 1574 959 1601 non
980 1563 1044 1600 uni
1063 1561 1265 1611 legendum

215 1626 237 1652 e
279 1641 289 1659 ‚
334 1625 352 1651 e
391 1639 404 1657 ,

575 1664 665 1714 quod
681 1664 748 1700 vix
769 1664 858 1701 mihi
876 1664 1017 1714 contigit
1038 1677 1162 1704 unum.

213 1713 281 1763 'Jpfi
300 1725 452 1765 quoque
473 1713 603 1752 melius
620 1715 716 1764 legas
733 1714 847 1764 quam
870 1716 945 1754 uni.

216 1765 303 1804 Fab.
326 1778 381 1804 xt.
410 1765 495 1804 vers
519 1766 607 1813 699.

269 1822 388 1866 Sponte
397 1815 468 1865 sui
483 1816 624 1865 patuisse
635 1817 728 1861 sores
740 1843 750 1860 ,
780 1817 957 1869 lapsasque
979 1817 1118 1856 lacertis

269 1874 389 1917 Sponte
399 1866 471 1915 saxi
481 1868 590 1913 fama
612 1867 654 1913 est
667 1895 677 1912 ,
706 1868 802 1904 nullo
814 1869 993 1916 solvente,
1024 1881 1174 1906 catenas.

218 1917 424 1956 Fatendum
448 1919 496 1954 est
520 1916 701 1956 Ovidium
723 1919 783 1956 hic
804 1919 1014 1958 dormitasse
1029 1949 1039 1965 ‚
1068 1920 1092 1957 fi
1115 1918 1265 1969 quidem

222 1967 271 2005 fic
303 1967 435 2015 scripsit
457 1981 464 2004 :
494 1979 579 2005 nam
601 1968 695 2004 nullo
707 1969 865 2015 file-ente
881 1970 989 2019 plane
1009 1970 1172 2009 otiosum
1197 1970 1269 2007 est:

223 2018 325 2055 velut
358 2017 384 2054 si
413 2017 533 2061 dicas,
571 2018 700 2065 sponte
728 2019 788 2056 sua
820 2020 970 2067 patuisse
999 2022 1099 2059 fores
1121 2049 1130 2066 ‚
1166 2020 1269 2058 nullo

221 2068 421 2115 aperiente.
477 2067 546 2105 Sed
575 2069 771 2119 humanius
801 2079 912 2120 atque
943 2072 1133 2110 decentius
1163 2071 1270 2108 estin

221 2118 386 2156 librarios
413 2118 557 2165 culpam
589 2119 740 2166 rejicere
766 2119 881 2169 quam
913 2130 1044 2161 notare
1075 2123 1232 2160 Poetam
1261 2148 1272 2167 ,

223 2170 291 2220 qui
314 2167 482 2218 scripfiffe
502 2170 648 2217 potuit,

739 2220 916 2272 lapsasque
933 2221 1070 2259 lacertis

278 2269 437 2307 Innocm's
451 2272 559 2317 sama
579 2269 622 2317 est
641 2271 737 2309 nullo
747 2272 908 2321 solvente
929 2283 1079 2310 catenas.

225 2320 315 2359 Ead.
340 2321 422 2358 Fab.
443 2320 531 2357 vers.
554 2332 638 2369 715.
770 2323 842 2359 ruit
863 2323 973 2360 omnis
991 2324 1028 2360 in
1050 2337 1161 2362 unum

277 2371 391 2409 Turba
420 2372 556 2418 furens:
596 2374 737 2410 cunfft'ae
764 2377 885 2411 co'e'unt
903 2401 914 2418 ‚
950 2373 1191 2424 trepidamque
1219 2374 1275 2424 Je-

405 2433 565 2470 (Juss'inlur
580 2439 590 2459 .”
863 2448 868 2451 ·

277 2472 370 2518 Jam
402 2472 574 2520 trepidum
594 2502 604 2519 ,
644 2475 723 2523 jam
756 2473 863 2512 verba
896 2474 1014 2513 minus
1044 2475 1201 2513 violenta
1229 2475 1277 2512 lo-

402 2534 574 2571 que-ntem.

228 2575 288 2613 An
310 2574 508 2622 legendum
525 2574 539 2610 ?
557 2577 698 2612 cunelae
716 2579 856 2622 coeant,
887 2578 1279 2628 unumquesequuntur.

194 2673 198 2676 Α
281 2626 373 2670 [lam
388 2625 570 2672 trepidam.
585 2638 629 2662 an
644 2625 658 2663 ?
681 2640 856 2675 regemque
864 2630 1074 2676 sequuntur.
1087 2629 1279 2676 trepidam-

236 2675 500 2725 quesequantur
514 2703 524 2720 ‚
551 2676 644 2721 Jam
663 2677 832 2726 trepidum
852 2679 944 2716 mihi
966 2690 1093 2727 parum
1119 2680 1248 2727 placet.

485 2776 848 2814 LIBRO
931 2778 1015 2816 IV.

235 2875 319 2914 Fab.
342 2887 414 2911 vix,
441 2874 530 2910 vers.
552 2887 636 2921 277,

285 2924 484 2981 Daphnidis
510 2924 624 2967 Idaei,
653 2940 751 2974 quem
770 2928 953 2979 Nymphae
965 2929 1095 2979 pellicis
1110 2929 1167 2967 ira

286 2976 447 3013 Contultt
468 2988 508 3012 tn
520 2975 667 3023 saxum.

236 3031 327 3069 Non
367 3026 548 3081 Daphnis·
571 3026 790 3082 Nympham
821 3031 987 3074 pellicem
1014 3031 1141 3069 habuit
1161 3059 1173 3076 ,
1219 3030 1281 3069 sed

236 3079 416 3128 Nympha
442 3076 566 3133 habuit
593 3076 760 3123 pellicem
776 3103 786 3121 ,
809 3079 925 3132 'cujus
951 3081 1069 3121 caufffi
1091 3081 1280 3131 Daphnidi

236 3129 375 3169 offensa
407 3139 492 3165 eum
517 3139 553 3164 111
578 3126 702 3164 saxum
725 3134 845 3164 vertit.
899 3128 1032 3175 Neque
1057 3134 1157 3171 enim
1179 3132 1282 3180 pelli-

239 3193 298 3219 ces
320 3180 478 3218 oderunt
496 3178 594 3215 viros
605 3178 743 3215 alienos
757 3205 768 3222 ,
796 3177 1015 3227 quibuscum
1029 3182 1281 3224 consuescunt,

236 3232 296 3270 sed
325 3231 496 3273 maritae,
526 3229 562 3266 ὃ(
583 3239 678 3277 quae
698 3229 907 3267 maritarum
929 3228 1015 3265 loco
1038 3228 1107 3266 effe
1127 3234 1282 3275 volunt,

236 3282 395 3328 oderunt
415 3280 583 3331 pellices,
613 3280 649 3318 &
678 3278 850 3328 pellicum
875 3290 963 3329 ergo
988 3279 1072 3321 viris
1094 3279 1283 3331 impotem

2222 185 2353 238 1095

1303 289 1437 328 tissime
1465 291 1687 335 irascuntur,
1724 288 1828 339 quod
1857 290 2027 338 graphice
2055 298 2095 330 ut
2124 291 2213 330 nihil
2243 291 2346 340 supra

1305 341 1443 379 Seneca
1466 342 1631 390 expreffit
1652 340 1814 380 Hercule
1838 339 1963 378 Oeteo
1985 341 2086 380 auu
2105 341 2154 380 11.
2183 342 2296 391 Igitur
2307 343 2347 380 in

1304 392 1427 430 nostro
1446 392 1672 432 scribendum
1696 406 1705 430 :

1661 455 1762 494 quem
1785 440 1946 492 Nymphe
1958 440 2086 490 pellicis
2104 442 2174 480 ird.

1306 491 1390 530 Lib.
1411 492 1441 529 Ι.
1469 493 1558 530 vers.
1582 504 1662 540 744.

1357 541 1539 592 Officioque
1554 544 1682 592 pedum
1702 543 1860 594 Nympho
1880 551 2039 580 contenta
2058 541 2217 581 duorum.

1307 593 1391 632 Fab.
1415 606 1504 632 viu.
1533 594 1619 631 vers.
1642 605 1725 643 375.

1486 643 1587 681 velut
1596 642 1632 693 fi
1649 645 1726 692 quis
1741 645 1907 681 conducat
1926 643 2045 682 cortice
2064 655 2192 680 ramos.

1362 695 1545 743 Creftendo
1559 696 1662 743 jungi
1675 724 1685 740 ,
1709 695 1908 746 pariterque
1926 694 2105 744 adolescere
2125 702 2243 730 cernat
2257 711 2268 731 .-

1309 746 1483 784 Heinfius
1512 746 1634 783 cernit.-
1659 745 1787 783 melius
1817 745 1992 794 quidem,
2030 744 2158 782 verum
2187 756 2257 793 ego
2279 743 2356 792 qu'o

1313 798 1428 846 magis
1459 798 1650 846 magisque
1671 797 1855 844 cogitavi,
1884 794 1930 833 60
1949 796 2101 844 amplius
2123 795 2359 833 confirmatus

1313 847 1390 887 sum
1415 848 1452 886 in
1469 847 1647 885 sententia
1670 847 1897 896 corrigendi:

1567 897 1667 934 velut
1679 897 1714 948 fi
1728 899 1805 948 quis
1824 895 1993 934 confluent
2012 896 2128 933 cortice
2149 910 2262 934 ramos

1315 948 1500 999 Crescendo
1515 948 1641 998 jungi,
1667 960 1699 998 p.
1723 962 1757 985 a.
1783 958 1908 986 cernat.
1934 959 2011 985 non
2042 948 2140 984 6111111
2161 946 2358 986 necessario

1312 1000 1473 1049 sequitur
1495 1027 1505 1043 ,
1543 1008 1582 1037 ut
1605 1002 1671 1048 qui
1699 1011 1820 1038 ramos
1852 999 1989 1037 cortice
2009 998 2183 1036 conducit
2204 1026 2213 1040 ‚
2249 1000 2360 1036 etiam

1315 1051 1423 1089 simul
1446 1049 1603 1089 crescere
1623 1051 1769 1095 videat,
1799 1050 1882 1087 cum
1906 1049 2114 1088 coalitionis
2134 1048 2261 1085 auum
2281 1049 2362 1097 pos-

1316 1101 1359 1140 fit
1381 1114 1458 1140 non
1477 1100 1547 1138 effe
1565 1101 1767 1150 spe&ator;
1798 1110 1832 1138 at
1849 1101 1884 1138 id
1905 1100 2008 1150 quod
2028 1100 2075 1137 est
2089 1127 2100 1144 ,
2126 1099 2284 1147 speetare
2300 1099 2363 1136 ali-

1317 1165 1432 1203 quem
1455 1152 1556 1201 poffe
1572 1181 1582 1197 ,
1610 1153 1699 1190 nihil
1725 1151 1893 1200 impedit.
1948 1152 2087 1188 Cortex
2109 1148 2219 1197 porro
2235 1150 2365 1186 utrius-

1319 1216 1392 1293 que
1419 1203 1489 1243 effe
1516 1204 1658 1254 generis
1680 1202 1902 1254 Quintiliani
1919 1201 2126 1240 observatio
2150 1200 2198 1239 est
2219 1212 2265 1239 ex
2282 1188 2368 1244 vir:

1318 1267 1353 1305 gl
1371 1267 1421 1294 1ο.

1590 1355 1954 1396 LIBRO
2047 1352 2099 1392 V.

1319 1459 1453 1499 Fab.1.
1482 1458 1571 1498 vers.
1591 1472 1656 1498 111.

1365 1517 1416 1548 Tu
1429 1525 1560 1561 quoque
1570 1509 1770 1560 'Lampetide
1781 1522 1850 1547 non
1859 1508 1917 1545 hos
1930 1506 2146 1545 adhibendus
2156 1506 2203 1544 ad
2214 1506 2292 1554 usus
2301 1515 2372 1546 (φτ.

1324 1562 1500 1601 Heinsius
1521 1564 1558 1600 &
1579 1563 1653 1606 alii,
1673 1561 1850 1611 Japeeide.
1878 1560 1966 1597 edit.
1984 1558 2086 1597 Bafil.
2113 1558 2374 1607 Japetion.At-

1324 1626 1398 1663 que
1425 1626 1470 1651 ex
1490 1614 1564 1651 hoc
1591 1613 1677 1651 disci
1709 1613 1849 1661 potest,
1877 1609 2075 1660 quomodo
2106 1611 2286 1647 formetur
2305 1611 2371 1648 Pa-

1322 1666 1565 1715 tronymicon
1585 1663 1825 1714 Japetionides
1838 1690 1848 1707 ,
1886 1661 1969 1699 Lib.
1989 1661 2056 1698 lV.
2079 1660 2164 1697 Fab.
2184 1672 2262 1697 xvr.
2284 1661 2374 1699 vers.

1323 1717 1410 1765 631.
1437 1716 1650 1753 attributum
1681 1715 1834 1752 Atlanti.
1889 1711 2007 1760 Quod
2035 1711 2123 1748 dum
2148 1710 2192 1747 ab
2223 1711 2374 1760 Japetus

1325 1767 1532 1805 derivatum
1553 1766 1708 1809 volunt,
1736 1765 1839 1813 ajunt
1858 1762 2002 1811 longius
2023 1761 2043 1799 a
2057 1762 2176 1798 forma
2188 1760 2374 1799 teceffiffe.

1326 1819 1418 1856 Non
1448 1819 1547 1856 enim
1580 1817 1623 1854 ab
1642 1817 1791 1865 Japetus
1818 1812 1989 1864 proxime
2016 1811 2223 1856 descendit,
2250 1811 2310 1849 sed
2330 1812 2373 1849 ab

1325 1868 1516 1918 Japetion,
1545 1868 1648 1916 quod
1675 1868 1718 1903 ab
1741 1867 1891 1915 Japetus
1920 1862 2202 1902 Diminutivum
2231 1862 2302 1906 est,
2331 1862 2374 1900 fi-

1326 1929 1387 1957 cut
1406 1919 1449 1957 ab
1477 1924 1631 1967 Eurytus
1650 1917 1841 1966 Eurytiom
1870 1917 1913 1953 ab
1936 1912 2058 1961 Jafius
2080 1912 2203 1959 Jasion
2227 1929 2236 1949 :
2265 1915 2375 1961 Quae

1326 1970 1418 2008 nihil
1458 1969 1556 2008 aliud
1605 1969 1735 2006 sonant
1783 1966 1898 2016 quam
1940 1966 2142 2002 Primitiva.
2203 1965 2374 2012 Eurytion

1327 2020 1423 2069 apud
1457 2020 1692 2068 Propertium
1723 2017 1806 2056 Lib.
1826 2018 1874 2054 11.
1904 2016 2008 2063 Eleg.
2038 2026 2097 2058 24.
2125 2014 2214 2052 vers.
2235 2014 2376 2063 31.Ja—

1320 2071 1396 2119 ston
1420 2071 1516 2119 apud
1540 2070 1715 2108 Nostrum
1728 2068 1819 2105 Lib.
1840 2066 1904 2104 IX.
1932 2066 2017 2103 Fab.
2039 2065 2284 2109 x1.vers.424.
2302 2065 2373 2102 Ce-

1326 2121 1447 2160 terum
1479 2130 1519 2158 ut
1547 2121 1608 2157 hic
1636 2129 1814 2157 moneam
1830 2146 1839 2161 ,
1868 2116 1971 2166 quod
1995 2128 2057 2153 me
2079 2114 2183 2163 supr-21
2207 2118 2346 2164 fugerat
2362 2142 2373 2159 ,

1326 2184 1404 2209 non
1427 2170 1664 2219 Japetiom'des
1684 2167 1884 2217 legendum
1913 2168 1983 2210 est,
2021 2167 2081 2204 sed
2101 2165 2375 2214 Japetioniades:

1327 2223 1437 2260 nimis
1460 2222 1559 2259 6111111
1578 2221 1750 2259 immanis
1768 2218 1854 2256 esset
1871 2218 2018 2256 licentia
2032 2245 2041 2262 ,
2070 2218 2105 2254 in
2127 2229 2202 2253 uno
2220 2217 2375 2252 nornine

1332 2275 1369 2310 &
1389 2272 1559 2322 syllabam
1580 2271 1734 2310 occursu
1753 2270 1939 2308 vocalium
1962 2269 2110 2306 brevem
2126 2265 2303 2315 producte
2324 2266 2380 2302 ef-

1331 2323 1447 2367 ferre,
1477 2324 1515 2360 &
1546 2322 1778 2361 derivatione
1801 2319 2017 2370 produuam
2036 2317 2205 2355 breviter.
2257 2317 2309 2355 At
2331 2328 2378 2354 ex

1331 2374 1468 2423 Vocali
1505 2374 1785 2411 Consonantem
1828 2371 1905 2409 fieri
1935 2382 2011 2407 non
2041 2368 2196 2406 insolens
2225 2368 2272 2405 est
2291 2395 2300 2411 ,
2338 2375 2378 2404 ut

1333 2425 1429 2472 apud
1451 2424 1641 2472 Sulpitiam
1664 2438 1672 2461 :
1712 2430 1782 2461 Nec
1810 2423 1967 2459 trimetro
1996 2419 2153 2467 flumbo,
2183 2418 2226 2454 τὸ
2245 2416 2379 2464 Jambo

1333 2474 1471 2513 duabus
1492 2475 1630 2523 syllabis
1650 2474 1809 2517 constat,
1847 2474 1884 2510 &
1905 2472 1995 2509 mihi
2011 2472 2088 2520 jam
2110 2482 2186 2506 non
2210 2468 2384 2506 succurrit

1332 2526 1461 2571 locus,
1497 2526 1559 2563 ubi
1589 2527 1626 2563 in
1655 2525 1809 2573 antiquo
1833 2524 1951 2560 Poeta
1977 2522 2070 2570 legi,
2110 2518 2301 2569 Japetiona
2323 2519 2384 2567 fe-

1335 2587 1431 2615 runt.
1458 2576 1619 2626 denique
1638 2574 1896 2625 Japetioniades
1917 2574 1959 2610 ab
1980 2572 2146 2620 Japetion
2166 2570 2303 2608 fae‘tum
2317 2569 2381 2613 est,

1335 2627 1426 2665 ficut
1454 2628 1498 2665 ab
1528 2627 1766 2676 Amphitryon
1794 2622 2149 2673 Amphitryoniades,
2179 2620 2200 2658 *a
2219 2619 2383 2657 Telamon

1333 2677 1592 2715 Telamoniades
1612 2705 1622 2722 ,
1660 2677 1703 2714 ab
1732 2676 1873 2713 Helicon
1896 2704 1906 2720 ,
1934 2672 2192 2716 Heliconiadu,
2222 2682 2294 2710 σε.
2321 2668 2381 2706 sed

1332 2730 1413 2775 quis
1442 2730 1510 2766 erit
1533 2729 1666 2766 modus
1700 2725 2078 2764 Animadversionum
2096 2750 2104 2766 ,
2140 2722 2165 2760 fi
2184 2720 2229 2759 ad
2249 2731 2381 2769 quam-

1331 2779 1419 2817 libet
1438 2779 1743 2816 emendationem
1770 2778 1882 2815 velim
1904 2786 1978 2814 tam
2000 2774 2113 2812 multa
2138 2772 2154 2809 ἓ

1384 2829 1474 2867 Ead.
1493 2829 1579 2867 Fab.
1607 2828 1696 2866 vers.
1723 2840 1803 2876 150.
1841 2828 2022 2875 conjurata
2047 2822 2200 2868 undique
2222 2826 2380 2869 pugnant

1332 2879 1504 2928 Agmina.
1528 2891 1598 2927 ego
1619 2888 1709 2928 puto
1733 2877 1753 2915 a
1777 2879 1893 2914 Po'e'ta
1912 2876 2083 2920 scriptum
2105 2869 2221 2913 fuisse,
2234 2870 2378 2918 jurata-

1334 2944 1420 2981 que,
1449 2932 1485 2968 ὃ(
1509 2929 1529 2967 a
1549 2930 1663 2968 sciolo
1683 2936 1881 2978 mutatum..

1387 2980 1471 3018 Fab.
1489 2992 1536 3018 11.
1554 2979 1642 3018 vers.
1661 2978 1738 3013 186.
1765 2986 1823 3010 nec
1845 2972 1938 3009 cura
1958 2980 2052 3009 mota
2065 2999 2076 3016 ,
2103 2981 2162 3008 nec
2179 2968 2279 3008 ultra
2295 2967 2351 3018 est·-

1336 3031 1471 3072 Forte,
1501 3042 1560 3065 nec
1581 3026 1663 3063 citro
1687 3034 1809 3068 mota,
1835 3036 1893 3061 nec
1914 3023 2007 3060 ultro
2025 3022 2078 3070 est,
2121 3029 2124 3031 ’

1338 3083 1423 3119 Fab.
1445 3090 1498 3113 vr.
1525 3076 1615 3113 vers.
1635 3077 1724 3121 406,

1390 3135 1519 3176 Perque
1539 3127 1632 3162 lacus
1654 3125 1766 3171 altos,
1795 3135 1839 3165 (φ’
1856 3125 1984 3163 olentia
1997 3122 2161 3172 sulphure
2172 3121 2292 3169 fertur

1392 3184 1522 3225 Stagna
1543 3177 1740 3213 Palicorum
1753 3204 1762 3220 ,
1790 3176 1894 3222 rupta
1905 3176 2086 3222 ferventia
2108 3171 2214 3212 terrei.

1338 3227 1588 3277 Reprehendit
1608 3228 1682 3264 1106
1702 3228 1737 3264 111
1759 3226 1901 3264 Ovidio
1925 3224 2148 3269 Diomedes,
2175 3223 2278 3274 quod
2291 3223 2382 3261 olen-

1340 3280 1391 3332 tia
1419 3279 1655 3318 construxerit
1687 3289 1772 3315 cum
1796 3277 2023 3323 Auferendi,
2051 3286 2129 3323 11011
2151 3286 2237 3317 cum
2259 3275 2385 3317 Accu-

1472 3329 1687 3379 nyyyy
1717 3339 1738 3378 3
2305 3325 2389 3373 san:
