2483 3616
683 157 747 213 P.
818 154 1224 213 QVI-DII

205 184 268 217 12.

1294 153 1834 212 NASONIS?

384 262 445 316 15
484 245 716 318 Quaque
738 243 839 299 fuit
863 243 1044 306 1611113,
1080 240 1268 308 illic&
1292 253 1488 311 pontus
1515 240 1570 294 &
1595 246 1713 297 a‘er:

489 319 575 373 Sic
612 330 724 372 erat
750 314 995 370 instabilis
1024 313 1203 376 telluS,
1240 312 1481 366 innabilis
1505 312 1676 376 unda,

491 390 658 445 Luci-s
683 405 845 459 egens
868 391 986 447 aei-3
1029 385 1158 438 nulli
1181 385 1267 438 sua
1297 383 1469 437 forma
1506 384 1766 438 manebat.

491 461 852 532 Obstabatque
876 458 984 511 aliis
1008 456 1150 511 aliud
1177 475 1188 509 z
1230 456 1354 528 quia
1393 473 1622 527 corpore
1646 457 1702 509 in
1724 474 1845 511 uno

491 532 708 603 Frigida
732 530 1037 603 pugnabant
1061 527 1272 591 calidis,
1309 528 1584 581 humentia
1612 527 1786 592 ficci3‚

385 624 456 660 20
493 605 685 660 Mollia
712 621 838 659 eum
863 602 1036 666 duriS‚
1073 601 1180 655 fine
1204 600 1448 673 pondere
1475 600 1721 655 habentia
1746 602 1976 673 pondus,

202 808 271 845 tior
302 807 387 844 ἰξίας
418 817 504 845 erat.
550 806 694 846 Auctor
724 805 871 853 Elegiae
901 804 939 840 in
974 802 1118 839 obitum
1140 801 1250 839 Mae-

202 857 358 895 cenans:

433 908 541 945 Tellus
562 907 647 944 levis
671 905 734 954 offic
758 915 867 941 teneto
882 932 893 948 ‚

307 959 463 995 Pendula
486 959 610 995 librato
628 956 760 1005 pondus
783 967 826 995 ey
848 953 917 1004 ipsa
941 964 1056 992 tuum,

203 1007 289 1045 vide
332 1009 451 1046 Schol.
495 1008 595 1045 Statii
628 1006 675 1044 ad
718 1005 801 1043 Lib.
839 1017 920 1043 111.
955 1004 1079 1042 Theb.
1117 1014 1153 1041 v.
1188 1014 1249 1052 35.

205 1059 410 1096 HEINSIUS.

261 1122 316 1155 14.
345 1111 505 1158 Margine
527 1107 745 1158 terrarum]
785 1107 953 1157 Riparum
975 1117 1079 1142 unus.
1105 1105 1247 1142 Herus.

261 1172 315 1205 14.
345 1166 414 1196 Nec
435 1159 577 1196 brachia
599 1159 692 1207 longo
717 1159 878 1207 Margine
899 1167 1075 1193 terrarum
1093 1165 1249 1210 porrexes

205 1220 264 1247 rat
287 1209 536 1260 Amphitrite]
567 1215 690 1257 Margo
705 1237 714 1253 ‚
744 1209 861 1258 inquit
874 1206 1008 1255 Regius
1023 1234 1034 1251 ,
1063 1206 1251 1261 estincerti

203 1260 344 1308 generis
387 1272 539 1297 nomen.
590 1258 743 1296 Carisius
787 1257 876 1295 vero
919 1257 980 1294 lib.
1031 1269 1058 1293 1.
1096 1256 1249 1293 Institut.

205 1311 411 1348 Grammat.
436 1310 497 1347 ubi
520 1311 620 1347 hunc
644 1309 772 1347 Ovidii
795 1309 921 1347 locum
947 1307 1056 1351 citat,
1095 1306 1144 1343 ait
1179 1304 1251 1342 effe

205 1361 345 1409 generis
369 1360 566 1397 masculini.
593 1361 680 1409 Ejus
708 1359 816 1397 verba
838 1359 918 1396 sunt
942 1370 950 1394 t
994 1364 1117 1405 Margo
1141 1356 1251 1402 femi-

206 1411 287 1447 nino
306 1424 447 1460 genere,
474 1421 513 1446 ut
538 1410 634 1459 Virgo
649 1439 659 1455 ‚
685 1411 797 1458 imago
812 1438 822 1454 ,
847 1407 1045 1462 Carthago,
1060 1420 1130 1446 υτ.
1165 1420 1252 1462 quae

205 1472 288 1498 ante
310 1473 334 1499 0
357 1460 485 1497 habent
506 1461 529 1497 i.
559 1460 739 1510 Idemque
762 1462 800 1497 &
825 1457 1005 1496 Aemilius
1027 1459 1158 1495 Macer
1180 1466 1229 1495 ait
1249 1470 1258 1494 ι

263 1539 356 1545 -
388 1510 592 1547 Fluviorum
618 1512 774 1560 margine
787 1510 947 1560 summa.

206 1560 257 1599 Et
278 1561 440 1600 Rabirius
466 1561 592 1598 extulit
608 1575 622 1598 :⁴

391 1613 506 1649 Idaeos
522 1612 666 1661 summa
690 1625 767 1648 cum
792 1609 947 1659 margine
975 1608 1080 1646 colles.

207 1661 450 1700 Inveniuntur
483 1670 609 1700 tamen
643 1674 687 1699 ex
723 1661 853 1698 eadem
877 1661 999 1697 forma
1033 1658 1255 1705 masculina,

207 1712 296 1760 uligo
319 1740 328 1755 ‚
367 1713 404 1748 &
430 1714 587 1759 farrago.
635 1714 761 1758 Quare
794 1710 890 1758 apud
923 1710 1089 1747 auctores
1123 1722 1251 1758 margo

207 1761 409 1798 masculino
432 1773 582 1809 quoque
607 1760 735 1797 dicitur
757 1771 890 1808 genere
915 1788 925 1803 ‚
963 1768 1003 1796 ut
1036 1760 1132 1807 apud
1157 1760 1252 1797 Ovi-

207 1812 312 1849 dium
329 1840 339 1856 ‚
366 1811 506 1847 brachia
530 1811 622 1858 longo
646 1811 829 1859 Margine:
860 1810 1119 1858 &frequenter
1131 1811 1251 1847 Varro

208 1862 247 1899 in
272 1862 378 1898 Libb.
400 1873 521 1899 rerum
552 1861 771 1898 rusticarum.
797 1861 1011 1898 CioFANus.
1035 1860 1107 1898 vid.
1132 1860 1253 1898 Barth.

208 1924 294 1950 xxx.
318 1912 399 1951 adv.
428 1914 480 1949 rs.-

267 1976 322 2010 14.
349 1962 606 2013 Amphitrite]
637 1963 815 2000 vivianus
838 1962 874 1999 in
898 1961 963 1998 suis
979 1990 989 2006 ‚
1024 1961 1258 2010 Amphitrites

210 2013 282 2061 legi
314 2022 418 2051 notat
443 2041 453 2057 ,
500 2022 540 2050 ut
572 2015 610 2050 ὃς
652 2026 688 2051 v.
720 2013 807 2051 Fast.
844 2024 929 2062 731.
957 2013 996 2049 &
1028 2013 1087 2049 hic
1111 2012 1258 2060 plurimi

210 2063 339 2111 scripti.
379 2064 589 2101 Hemsms.

269 2126 325 2162 ις.
357 2113 506 2165 quue
527 2125 601 2151 erat
625 2126 668 2154 ω’
698 2113 837 2164 tellus.]
866 2113 999 2150 Versus
1029 2113 1067 2150 hi
1090 2112 1253 2151 elemen-

212 2172 337 2201 torum
362 2163 617 2202 confusionem
640 2165 820 2213 pristinam
843 2163 1044 2212 signanoeS,
1079 2163 1128 2200 ita
1161 2176 1253 2200 con-

210 2214 289 2252 fuse
313 2226 332 2251 a
366 2215 540 2264 plerisque
579 2215 749 2252 omnibus
772 2214 1069 2262 exponebantur,
1096 2222 1136 2250 ut
1161 2214 1252 2250 mihi

212 2276 292 2301 non
325 2264 371 2301 de
404 2265 511 2302 Cha-o
546 2265 621 2314 ipso
645 2265 747 2314 loqui
768 2265 950 2302 videretur
971 2267 1107 2312 poeta,
1133 2263 1193 2300 sed
1214 2265 1251 2301 in

214 2313 291 2360 ipso
312 2314 431 2361 potius
458 2315 565 2352 Chao
590 2315 759 2363 immergi
793 2323 902 2364 atque
936 2313 1123 2351 obscurari.
1181 2314 1252 2351 Ce-

215 2371 337 2400 terum
360 2375 426 2400 nos
450 2365 629 2402 sollicitius
650 2366 790 2402 sensum
822 2365 1044 2414 inquirentes
1078 2363 1254 2412 indagan-

218 2412 341 2462 tesque
356 2441 366 2457 ,
392 2414 490 2450 hunc
512 2415 637 2452 locum
661 2416 709 2452 ita
737 2415 1001 2459 emendamus,
1028 2415 1254 2462 Porphyrio-

217 2463 271 2499 nis
314 2462 509 2500 Hor-atiani
559 2465 760 2513 interpretis
813 2465 991 2502 clariffimi
1037 2464 1253 2503 auctoritate

221 2512 427 2557 admoniti,
456 2525 603 2551 carmen
626 2515 700 2552 hoc
723 2516 771 2552 ita
800 2516 969 2553 citantis-2

270 2565 419 2612 Qaque
430 2564 507 2610 fuit
529 2565 648 2608 tellu53
677 2565 746 2601 illic
768 2578 811 2604 (φ
826 2575 951 2615 pontus
965 2594 975 2610 ‚
1003 2575 1044 2602 ut
1064 2567 1149 2602 ae'r:

271 2613 323 2648 Sic
344 2623 419 2648 erat
441 2613 605 2659 instabilis
628 2615 726 2650 tellus
741 2643 751 2658 ,
779 2615 943 2652 innabilis
965 2616 1073 2652 unda.

219 2663 295 2700 Hic
318 2663 416 2699 enim
440 2663 553 2699 sensus
576 2664 623 2700 est
638 2693 647 2708 ,
676 2676 719 2700 ex
743 2676 818 2711 quo
832 2693 842 2708 ‚
870 2664 1074 2713 priusquam
1090 2665 1255 2703 elemen-

219 2721 256 2750 ta
289 2712 420 2761 digesta
443 2711 554 2750 effent
579 2741 588 2757 ‚
614 2714 716 2751 tellus
738 2713 862 2751 diffusa
883 2714 992 2762 sparsa
1021 2726 1066 2750 ue
1084 2715 1254 2763 jacebat,

219 2764 258 2800 ἃ
282 2775 348 2811 pro
370 2762 518 2799 libidine
539 2775 680 2813 quaqua
705 2764 845 2800 versum
881 2726 1163 2809 extendebatur,
1199 2766 1254 2802 in-

217 2813 345 2851 stabilis
376 2820 477 2857 erat,
513 2814 596 2862 quia
628 2814 663 2850 in
697 2821 822 2850 centro
855 2826 932 2850 non
955 2814 1183 2863 quiescebat,
1210 2814 1255 2852 ad

218 2875 333 2912 quem
367 2863 514 2911 ingenio
546 2864 609 2900 suo
641 2864 780 2912 semper
822 2865 919 2912 cupit
962 2863 1122 2902 devolvi.
1174 2866 1257 2902 Nec

221 2925 298 2951 non
321 2913 405 2962 quia
426 2913 463 2949 in
487 2917 570 2950 ae‘re
590 2913 757 2957 sedebat,
795 2925 887 2962 aqua
909 2915 1023 2951 natari
1054 2914 1153 2951 haud
1175 2915 1257 2952 sane

221 2971 396 3010 poterat,
434 2975 519 3000 cum
552 2963 667 3000 solido
700 2964 845 3011 corpori
879 2964 1033 3000 minime
1065 2964 1256 3013 adjaceret.

219 3012 371 3058 'Physica
391 3014 490 3051 enim
513 3014 652 3050 ratione
687 3014 801 3051 nutari
833 3025 948 3062 aquae
971 3026 1047 3051 non
1071 3014 1232 3053 valerent
1246 3044 1256 3059 ,

220 3060 289 3097 arisi
311 3063 419 3100 denso
450 3063 641 3113 solidoque
663 3063 910 3101 adhaererent.
949 3064 1024 3100 Hic
1048 3076 1135 3113 ergo
1159 3065 1253 3102 ordo

226 3108 295 3163 sit}v
328 3113 433 3150 Tellus
464 3127 597 3164 quaque
622 3114 723 3161 fuit,
759 3113 797 3150 id
819 3113 868 3150 est
890 3142 901 3158 ‚
938 3125 1082 3163 quaqua
1114 3114 1257 3152 versum

226 3159 373 3205 dilpersa
404 3163 449 3198 est
481 3164 520 3201 &
553 3163 701 3209 diffusa,
738 3163 872 3212 fiatque
895 3164 1000 3212 pausa
1016 3192 1026 3208 ‚
1053 3175 1095 3201 ac
1116 3164 1259 3213 suspen-

226 3208 329 3248 ‘fflffl'
361 3211 502 3258 oratio,
538 3214 691 3256 demum
723 3214 927 3256 inferatur:
966 3215 1035 3256 illic
1068 3227 1111 3257 ω’
1134 3224 1260 3268 pontus

2178 675 2354 732 Hanc:

1304 801 1427 851 supple
1441 830 1452 847 ‚
1470 802 1548 850 fuit
1563 829 1573 846 ,
1599 812 1640 838 ut
1659 813 1727 850 pro
1749 802 1808 840 ubi
1829 813 1889 840 aer
1903 831 1914 846 ‚
1926 813 2000 839 erat
2031 801 2351 850 subaudiendum‚'

1305 861 1454 901 propter
1476 864 1569 902 quae
1591 851 1694 889 tellus
1718 862 1791 890 erat
1822 853 1986 891 instabilis
2010 882 2020 898 ‚
2047 853 2217 903 undaque
2240 855 2346 892 inna-

1306 903 1392 940 bilis.
1444 909 1488 939 Ut
1522 914 1610 951 ergo
1643 914 1710 951 pro
1733 903 1790 939 ubi
1812 904 1886 940 hoc
1908 904 1945 940 in
1966 904 2053 941 loco
2076 904 2346 952 accipiendum.

1305 953 1353 990 fic
1386 954 1485 991 enim
1518 953 1604 1001 legit
1657 953 1864 1002 Porphyrio
1895 954 1984 992 illud
2026 955 2272 993 Horati-anum
2306 956 2348 993 111

1303 1004 1414 1042 161110
1438 1003 1606 1041 Odatum
1632 1014 1819 1041 enarrans:

1359 1060 1534 1104 Utcunque
1555 1067 1687 1090 mecum
1709 1069 1768 1091 vos
1793 1054 1887 1091 eritis
1902 1082 1912 1099 ‚

1301 1116 1369 1153 pro
1392 1104 1593 1155 ubicunque.
1631 1105 1738 1142 Haec
1762 1106 1862 1142 enim
1887 1105 2085 1154 particula,
2122 1118 2162 1143 ut
2192 1119 2259 1156 pro
2287 1106 2350 1144 ubi

1301 1155 1438 1204 saepius
1470 1155 1567 1203 apud
1598 1163 1739 1192 veteres
1770 1156 1996 1204 ponebatur;
2025 1156 2128 1205 quod
2149 1158 2259 1194 etiam
2283 1169 2349 1195 an.-

1303 1206 1446 1244 notavit
1468 1205 1684 1252 Diomedes.
1707 1206 1810 1255 Virg.
1841 1207 1878 1244 in
1902 1206 2032 1255 quinto
2065 1207 2223 1245 Aeneid.
2250 1204 2348 1257 caefis'

1306 1256 1618 1305 utfortejuvencis.
1644 1257 1768 1303 Jacon
1798 1270 1820 1293 A
1848 1257 2001 1294 Cauca.
2032 1258 2359 1308 (2111111111116311111Γ

1308 1309 1457 1358 Qaeaque
1470 1307 1550 1354 fuit
1569 1307 1679 1344 tellus.
1729 1308 1934 1356 Porphyrio
1957 1317 2080 1345 autem
2105 1309 2214 1345 etiam
2230 1337 2240 1353 ‚
2277 1309 2350 1346 illic:

1308 1369 1352 1397 ey
1369 1367 1493 1407 pontus
1517 1367 1556 1394 ut
1578 1357 1706 1395 aether.
1733 1367 1773 1396 ut
1795 1357 1836 1396 fit
1858 1357 1972 1396 sensus
1989 1386 1998 1399 ,
2029 1359 2103 1395 Illic
2127 1367 2201 1396 erat
2214 1367 2351 1408 pontus

1307 1408 1369 1444 ubi
1401 1408 1536 1445 aether.
1573 1409 1751 1457 quoniam
1787 1410 1826 1446 ὃς
1857 1408 1953 1457 apud
1986 1410 2185 1446 Horatium
2213 1409 2349 1447 eodem

1309 1457 1428 1496 modo
1443 1487 1453 1503 ,
1481 1464 1549 1503 Ut,
1576 1470 1643 1507 pro
1665 1459 1741 1496 Ubi
1762 1459 1925 1508 legatur,
1952 1467 1990 1496 ut
2003 1459 2097 1496 libro
2116 1459 2225 1497 tertio
2237 1472 2352 1499 carm.

1311 1509 1398 1546 Ode
1422 1517 1547 1558 quarta
1573 1522 1581 1546 ε
1660 1516 1836 1560 Utcunque
1858 1524 1990 1546 mecum
2005 1538 2015 1553 ,
2043 1525 2103 1546 vos
2127 1511 2245 1555 eritis,

1309 1560 1383 1597 Pro
1398 1588 1407 1604 ‚
1437 1560 1659 1609 ubicunque.
1689 1560 1759 1597 Sed
1782 1560 1827 1598 de
1848 1560 1916 1597 hac
1938 1560 2168 1597 lectione-alii
2181 1561 2350 1599 viderint.

1310 1610 1392 1658 Ego
1416 1609 1504 1646 vero
1529 1611 1567 1646 111
1588 1610 1786 1657 posteriore
1809 1618 1911 1658 parte
1942 1611 2060 1648 versus
2094 1611 2182 1648 nihil
2213 1611 2324 1649 video
2339 1640 2359 1656 ,.

1312 1672 1374 1697 cur
1393 1659 1590 1709 quicquam
1613 1660 1888 1699 immutandum
1913 1660 1964 1697 sit.
1992 1662 2034 1698 111
2056 1661 2176 1709 priore
2199 1670 2324 1699 autem
2339 1690 2353 1706 .

1310 1711 1489 1760 quoniam
1523 1711 1731 1758 copulativa
1770 1724 1813 1751 ω’
1846 1739 1857 1755 ,
1905 1710 2020 1748 otiose
2058 1712 2149 1759 poni
2181 1711 2351 1757 videtur,

1308 1761 1413 1811 fiquis
1428 1761 1505 1808 suit
1519 1789 1529 1805 ,
1558 1761 1672 1809 magis
1695 1774 1809 1811 quam
1819 1772 1894 1798 erat
1909 1790 1919 1806 ,
1941 1762 2074 1798 sunl-ata
2097 1762 2350 1809 6011]1111610116

1307 1825 1352 1852 <92
1382 1810 1579 1860 legendum
1614 1812 1854 1856 contendat‚'
1873 1823 1950 1849 non
1974 1811 2078 1848 valde
2100 1811 2272 1860 equidem
2296 1824 2355 1849 re-

1312 1862 1495 1911 pugnabo.
1522 1862 1743 1900 Mrcnrus.
1781 1862 1984 1911 Porphyrio
2016 1862 2135 1898 Flacci
2166 1867 2376 1900 enarrator

1311 1913 1370 1951 lib.
1395 1924 1428 1962 3.
1451 1924 1562 1950 carm.
1598 1912 1684 1950 Ode
1715 1926 1749 1960 4.
1781 1913 1880 1950 hunc
1901 1913 2026 1949 lecum
2048 1912 2097 1949 ita
2117 1912 2204 1960 legit
2228 1941 2238 1958 ,
2277 1913 2354 1949 Illic

1313 1976 1356 2003 εγ
1370 1973 1519 2012 pontus,
1546 1973 1587 1999 ut
1607 1977 1676 2000 aar.
1702 1964 1957 2012 exponitque,
1977 1972 2042 2007 ut,
2067 1974 2134 2011 pro
2158 1962 2229 2000 ubi.
2261 1962 2354 2001 ficut

1313 2014 1515 2051 Horatium
1539 2014 1676 2051 constat
1697 2012 1821 2051 dixisse
1835 2043 1846 2059 ‚

1364 2070 1539 2114 Utcunque
1561 2078 1692 2101 mecum
1715 2079 1775 2101 vos
1796 2066 1889 2102 eritis
1902 2093 1912 2109 ,

1306 2116 1379 2153 Pro
1402 2115 1650 2163 ubicumque:
1678 2115 1737 2152 sed
1760 2116 1851 2152 mihi
1873 2127 1950 2152 non
1971 2114 2088 2163 placet
2120 2115 2196 2164 ejus
2230 2126 2348 2164 expo-

1307 2165 1399 2202 sitio.
1425 2164 1513 2202 illud
1540 2178 1582 2204 cy
1605 2194 1615 2210 ‚
1655 2165 1757 2215 quod
1778 2166 1960 2214 praecedit
1982 2166 2080 2202 tellus
2103 2194 2113 2210 ,
2137 2166 2251 2214 magis
2273 2174 2352 2203 tur-—

1307 2215 1367 2252 bat
1399 2215 1577 2252 leftorem
1605 2245 1616 2260 ‚
1674 2228 1760 2252 cum
1795 2216 2009 2264 conjun&io
2045 2216 2251 2264 copulativa
2288 2230 2353 2266 que

1308 2263 1544 2314 praecesserit.
1567 2277 1697 2303 verum
1720 2266 1810 2303 haec
1833 2267 1941 2303 nimis
1954 2266 2058 2303 anxia
2072 2266 2185 2303 videri
2197 2278 2350 2316 queunt.

1312 2317 1563 2353 GLAREANUS.
1613 2317 1771 2354 Obertus
1803 2317 1969 2354 Gifanius
1994 2345 2004 2361 ‚
2051 2318 2105 2353 vir
2146 2317 2185 2353 in
2225 2318 2354 2364 primis

1310 2366 1468 2403 eruditus
1483 2395 1493 2411 ‚
1521 2367 1584 2415 qui
1605 2368 1700 2404 hanc
1723 2366 1872 2404 damnat
1902 2367 2103 2404 lectionem
2117 2395 2128 2412 ,
2165 2376 2268 2405 errat.
2290 2366 2361 2405 lib,

1314 2429 1370 2454 1v.
1394 2417 1495 2465 Eleg.
1518 2429 1559 2453 vi
1576 2430 1604 2454 1.
1627 2417 1735 2455 Trist.

1364 2468 1443 2504 Vita
1459 2467 1577 2517 procul
1594 2469 1711 2517 patria
1727 2469 1920 2517 peragenda
1934 2468 2001 2516 sub
2025 2481 2090 2504 axe
2110 2473 2210 2505 Boreo
2231 2468 2299 2516 est,

1415 2520 1499 2566 Qea
1522 2519 1629 2555 maris
1652 2519 1785 2555 Euxini
1807 2530 1899 2556 terra
1913 2517 2052 2567 sinistra
2067 2518 2170 2566 jacet.

1311 2570 1395 2616 Qa
1418 2576 1542 2605 autem
1565 2569 1660 2605 valet
1683 2581 1754 2616 qua
1775 2569 1812 2604 in
1836 2577 1958 2615 parte,
1987 2569 2058 2605 ubi.
2086 2567 2133 2605 fic
2157 2570 2195 2606 &
2217 2569 2351 2608 Livius

1307 2618 1366 2654 lib.
1405 2629 1461 2653 tv.
1498 2622 1633 2652 Anxur
1656 2618 1758 2662 suit,
1795 2631 1864 2667 qua
1899 2632 1990 2654 nunc
2012 2619 2219 2656 Tarracinae
2233 2620 2346 2668 sunt,

1307 2666 1388 2702 urbs
1413 2675 1524 2714 prena
1557 2666 1593 2702 in
1620 2665 1772 2715 paludes.
1812 2668 1986 2705 Sallustius
2010 2697 2020 2713 ,
2059 2669 2143 2705 citat
2177 2670 2344 2708 Nonius:

1309 2716 1368 2753 Cis
1400 2715 1557 2752 Rhenum
1593 2745 1602 2760 ‚
1655 2727 1759 2766 atque
1790 2718 1881 2754 inter
1913 2733 2008 2755 mare
2050 2719 2199 2765 nostrum
2239 2748 2249 2765 ‚
2302 2732 2346 2761 ω·

1311 2772 1484 2802 Oceanum
1507 2794 1517 2811 ‚
1553 2765 1619 2815 nisi
1653 2781 1720 2817 qua
1749 2769 1827 2814 fuit
1841 2768 2025 2817 paludibus
2051 2770 2153 2806 invia
2176 2799 2187 2815 ‚
2224 2772 2347 2820 perdo--

1312 2817 1415 2853 mita.
1452 2817 1665 2854 (horarius.
1714 2817 1870 2855 Mirifice
1902 2820 1961 2856 hic
1994 2820 2138 2857 turbant
2171 2822 2249 2859 libri
2281 2833 2348 2858 ve·

1310 2874 1413 2903 teres.
1440 2879 1600 2915 quorum
1624 2868 1816 2913 nonnulli,
1841 2875 1884 2904 Ut
1897 2884 1965 2919 qua
1988 2880 2063 2906 erat
2085 2883 2130 2909 ⁴:5⁴
2151 2871 2263 2909 tellus.
2288 2872 2348 2908 alii

1310 2916 1436 2953 itidem
1475 2929 1519 2954 ex
1548 2918 1823 2964 vetustioribus,
1848 2922 1996 2970 Qaque
2031 2931 2108 2957 erat
2142 2922 2252 2958 tellus.
2289 2922 2349 2958 alii

1311 2967 1422 3004 aliter.
1449 2979 1534 3016 quas
1557 2968 1731 3005 lectiones
1754 2969 1851 3017 piget
1872 2970 2066 3007 adscribere
2080 2999 2090 3016 ,
2118 2971 2220 3019 quod
2231 2971 2348 3019 plures

1312 3016 1380 3053 sint
1393 3045 1404 3061 ,
1431 3029 1500 3053 1166
1523 3030 1677 3066 magnae
1701 3020 1761 3056 rei.
1790 3020 1831 3055 111
1844 3020 2054 3067 quibusdam
2074 3050 2083 3066 ‚
2096 3027 2205 3071 thue
2217 3032 2347 3060 εναιετ)

1313 3066 1432 3104 tellus:
1462 3068 1563 3116 quod
1577 3069 1728 3105 Gifanio
1752 3068 1926 3107 arridebat
1950 3082 1993 3108 ex
2022 3079 2178 3119 quatuor
2200 3071 2349 3119 scriptis,

1312 3117 1350 3153 in
1364 3117 1489 3154 Indice
1503 3118 1725 3156 Lucretiano
1738 3131 1817 3169 pag.
1829 3120 1952 3168 485&
1963 3122 2000 3158 in
2013 3121 2185 3169 Suspeclis
2199 3121 2353 3159 Lectio-

1314 3167 1417 3204 nibus
1449 3167 1595 3215 Gaspari
1629 3168 1833 3218 Scioppio:
1869 3182 1946 3207 non
1979 3170 2105 3208 itidem
2139 3172 2255 3216 mihi,
2288 3173 2353 3220 qui

1314 3216 1445 3272 sequor
1464 3217 1663 3271 lectionem
1687 3221 1790 3262 unius
1812 3220 1977 3264 Medicei
1998 3232 2043 3260 ex
2067 3222 2212 3272 optimo
2225 3234 2353 3310 exelmr

2266 3283 2290 3320 P
2305 3283 2368 3312 'ML
