2483 3616
295 194 391 253 326
782 184 853 241 P.
927 180 1338 242 OVIDI'I
1409 180 1941 240 NASONIS

582 282 766 339 Matre
790 285 925 339 satos
949 286 1081 346 una,
1104 278 1312 336 diverso
1335 282 1554 337 vulnere
1581 282 1736 354 fudit.

578 357 719 412 Nam
742 357 907 429 Clytii
934 374 1029 426 per
1055 368 1343 426 utrumque
1369 355 1514 424 gravi
1539 355 1723 410 librata
1749 357 1949 411 lacerto

577 429 834 484 Fraxinus
859 427 970 481 aeta
992 427 1191 482 femur:
1214 425 1446 496 jaculum
1470 426 1650 482 Clanis
1681 447 1775 484 ore
1798 427 2106 484 momordit.

579 502 800 556 Occidit
827 499 882 553 &-
906 499 1152 554 Celadon
1176 497 1513 552 Mendefius:
1555 501 1757 571 occidit
1782 501 2029 561 Astreus,

438 593 533 646 145
575 572 754 629 Matre
781 571 1094 635 Palaestina,
1135 570 1301 626 dubio
1328 570 1574 640 genitore
1599 588 1822 629 creatus

579 646 930 719 Aethionque
953 646 1108 716 sagax
1131 641 1404 717 quondam
1427 656 1651 698 ventura
1672 646 1888 712 videre,

575 719 858 775 Nuncave
885 718 1142 789 deceptus
1167 714 1320 771 falsa:
1362 715 1610 789 regisque
1635 717 1906 775 Thoae'tes

579 793 863 862 Armiger,
902 791 958 842 &
982 790 1133 843 caeso
1158 788 1403 860 genitore
1422 789 1634 843 *infamis
1662 793 1911 864 Agyrtes.

579 866 702 919 Plus
725 861 1181 917 tamen-exhausto
1206 861 1462 934 superest:
1491 880 1735 936 ‘namque
1759 863 2005 920 omnibus
2030 882 2199 921 unum

438 955 539 1008 150
577 936 902 1009 Opprimere
921 935 1000 989 est
1026 935 1243 989 animus.
1283 934 1555 1005 conjurata
1586 935 1825 1009 undique
1845 950 2086 1009 pugnant
2147 1001 2151 1004 ,

576 1010 812 1082 Agmina
836 1025 936 1080 pro
962 1006 1164 1070 caussa,
1203 1007 1456 1062 meritum
1480 1008 1828 1080 impugnante
1855 1009 2144 1081 fidemque.

578 1083 705 1138 Hac
732 1098 831 1154 pro
857 1094 1004 1153 parte
1030 1081 1179 1134 socer
1205 1078 1391 1133 frustra
1417 1079 1534 1151 pius
1551 1120 1566 1144 ‚
1606 1081 1661 1135 &
1690 1099 1831 1135 nova
1859 1081 2088 1153 conjux,

578 1157 724 1210 Cum
749 1153 1022 1226 genetrice
1041 1191 1054 1214 ,
1097 1151 1308 1219 favent,
1347 1153 1657 1226 ululatuque
1684 1155 1813 1209 atria
1840 1155 2131 1227 complent.

577 1229 682 1284 Sed
712 1228 870 1283 sonus
897 1242 1169 1280 armorum
1193 1225 1429 1297 superat,
1466 1226 1806 1300 gemitusque
1829 1227 2147 1283 cadentum:

431 1321 529 1372 155
566 1302 916 1371 Pollutosque
939 1298 1099 1352 semel
1127 1297 1298 1352 multo
1324 1297 1543 1352 Bellona
1569 1299 1794 1355 Penates

577 1374 842 1447 Sanguine
862 1369 1170 1443 perfundit,
1202 1383 1575 1443 *renovataque
1600 1373 1801 1444 proelia
1825 1374 2025 1430 miscet.

334 1591 420 1628 ⁷142.
448 1578 632 1630 Libram]
673 1577 818 1617 vibrata
846 1575 953 1615 multi
970 1575 1087 1626 scripti
1111 1589 1120 1613 :
1150 1582 1190 1613 ut
1211 1572 1326 1625 saepe.

284 1631 360 1670 vid.
383 1632 491 1681 Epist.
514 1644 578 1669 111.
610 1632 689 1670 126.
716 1632 884 1668 Remus.

2316 1452 2432 1508 Cir-

1437 1575 1498 1614 Ille
1510 1575 1578 1627 fibi
1597 1576 1735 1627 'longam
1757 1577 1880 1616 Clotho
1894 1606 1904 1623 ,
1933 1578 2140 1630 turbamque
2165 1587 2321 1629 nepotum

1439 1628 1646 1665 Crediderat
1659 1657 1669 1673 ,
1696 1630 1803 1666 'vanis
1817 1629 1968 1679 deceptus
1986 1631 2024 1667 in
2043 1631 2128 1668 alite
2139 1628 2260 1679 fignis.

342 1695 419 1729 144.
433 1681 782 1723 oceiditcffceladon
793 1677 1013 1728 Mindefius]
1032 1678 1142 1726 'Lego
1158 1676 1333 1722 ,Celadon
1388 1678 1522 1727 Neque
1545 1678 1758 1717 dissimiliter
1781 1679 1911 1717 Statius
1931 1681 1991 1718 lib.
2012 1693 2097 1719 vn.
2119 1693 2202 1726 720.

286 1733 495 1783 Mendefius:
509 1734 651 1771 Mendes
661 1732 759 1770 enim
774 1731 900 1768 civitas
911 1730 978 1767 fuit
990 1730 1028 1766 in
1037 1729 1144 1777 Aegy
1150 1735 1213 1776 pto
1219 1727 1329 1772 ,unde

287 1784 517 1834 Mendesium,
537 1795 654 1822 unum
668 1795 688 1821 e
709 1782 845 1831 septem
869 1781 963 1818 ostiis
976 1779 1064 1817 Nili.
1080 1779 1163 1827 lege
1176 1778 1329 1833 Steplia·

284 1846 393 1879 num,
406 1836 563 1873 Plinium
585 1836 623 1872 &
646 1834 876 1871 Strabonem.
905 1831 1058 1867 Celadon
1082 1829 1250 1867 resonans
1271 1840 1329 1866 m-

285 1892 523 1933 terpretatur:
562 1883 740 1921 Κελιιδεῖν
762 1883 862 1920 enim
883 1882 1088 1919 exclamare
1124 1882 1161 1918 &
1183 1878 1329 1916 resona-

284 1946 324 1972 re
346 1934 529 1985 fignificat.
557 1936 707 1972 Consr.
728 1934 929 1971 FANEnsm.
985 1933 1157 1979 Mindefhs
1178 1930 1258 1968 urbs
1281 1929 1330 1967 est

286 1985 438 2035 Syriae,
470 1987 509 2024 &
532 1987 724 2035 Myndones
735 1984 860 2034 populi
876 1984 956 2021 sunt
979 1983 1132 2032 Libyae.
1161 1983 1330 2020 Remus.

285 2035 370 2085 Ego
390 2036 580 2086 Mindefius
600 2037 684 2085 lego
698 2065 707 2081 ‚
737 2036 756 2073 a
774 2036 939 2084 Myndete
959 2034 1048 2071 urbe
1059 2034 1222 2082 Aegypti
1235 2032 1318 2078 ‚ubi

280 2086 381 2124 Pana
404 2087 618 2132 coluerunt,
647 2088 684 2124 8<
698 2099 742 2123 ex
764 2085 979 2123 animalibus
1002 2086 1162 2133 Captum
1178 2112 1188 2128 ‚
1208 2092 1248 2120 ut
1265 2084 1321 2120 in-

282 2137 362 2187 quit
385 2137 512 2175 Strabo
539 2138 598 2175 lib.
630 2137 778 2174 decimo
809 2136 977 2185 septimo.
1030 2136 1132 2173 Hinc
1160 2136 1259 2171 enim
1282 2136 1321 2171 &

284 2187 480 2236 Mendesius
500 2200 636 2226 nomos
659 2216 669 2231 ,
698 2188 772 2225 five
793 2186 1019 2236 praefeetura
1048 2185 1145 2234 apud
1166 2185 1323 2222 Plinium

278 2237 372 2275 libro
395 2239 525 2287 quinto
558 2239 676 2287 capite
707 2238 808 2275 sexto
839 2237 979 2274 dicitur.
1032 2237 1133 2273 Nam
1156 2235 1201 2273 de
1223 2236 1323 2272 Min-

282 2289 354 2337 defh
374 2289 462 2327 urbe
484 2288 589 2333 alias,
616 2288 719 2338 quod
750 2299 821 2337 ego
853 2287 987 2332 sciam,
1015 2286 1106 2324 nihil
1134 2287 1320 2335 reperitur.

284 2340 433 2377 Mindas
473 2348 597 2377 autem
630 2339 740 2376 Afiae
780 2338 862 2375 urbs
884 2338 933 2376 est
956 2366 965 2382 ‚
1004 2336 1025 2375 a
1055 2349 1128 2387 qua
1158 2337 1318 2373 Mindius

282 2388 516 2438 poffesfivum
535 2419 546 2435 ,
572 2402 651 2428 non
675 2388 865 2439 Mindefius
879 2417 889 2433 ,
915 2389 1105 2437 analogice
1127 2388 1318 2425 formatur.

281 2441 453 2479 M1crn.
482 2442 657 2478 Κελείέων
687 2442 829 2478 Graece
851 2440 920 2485 est,
942 2452 1005 2488 per
1028 2439 1185 2488 primam
1209 2450 1321 2476 voca-

281 2490 356 2527 lem
380 2491 416 2528 in
437 2491 592 2530 secunda
621 2491 763 2541 syllaba.
816 2489 1014 2540 Myndefius
1036 2498 1159 2527 autem
1183 2500 1267 2526 cum
1298 2503 1319 2537 y

281 2540 507 2579 scribendum
523 2571 532 2587 ‚
570 2555 590 2579 a
623 2543 779 2590 Myndus
803 2570 813 2586 ‚
860 2549 901 2579 ut
931 2550 1021 2590 puto
1037 2569 1047 2585 ,
1072 2540 1200 2578 Cariae
1220 2541 1320 2576 urbe.

283 2590 449 2638 Raphae'l
480 2604 500 2629 a
534 2594 690 2641 Mindefh
723 2592 847 2642 Syriae
887 2593 974 2629 urbe
1011 2592 1061 2628 ait
1102 2591 1322 2628 derivatum.

281 2642 490 2679 GLAREAN.
521 2642 712 2692 Mendefius
732 2656 798 2692 pro
819 2641 1029 2692 Myndefius.
1056 2640 1191 2684 Μένὲκς
1212 2641 1323 2684 πόλις

283 2690 486 2735 Αἳγύπτσυ.
524 2693 539 2728 ὃ
577 2695 734 2735 πολίτης
762 2693 958 2735 Μενδήσιος.
988 2694 1074 2730 hinc
1096 2694 1324 2736 Πτολεμαῖος

283 2740 468 2784 Μενδήσιος
483 2771 492 2787 ,
525 2744 625 2791 cujus
645 2743 791 2781 annales
810 2744 1014 2793 Aegyptios
1034 2743 1208 2787 laudant,
1237 2754 1322 2779 cum

283 2791 365 2835 alii,
388 2801 468 2829 tum
498 2793 675 2831 Tar—ianus
697 2795 863 2831 oratione
887 2803 1013 2831 contra
1026 2803 1162 2842 gentes.
1188 2795 1324 2831 Hfims.

338 2844 417 2887 146.
454 2843 647 2894 Echionque
671 2844 827 2893 flegma]
874 2844 1070 2888 Emendo,
1096 2845 1248 2889 Ethion,
1286 2851 1326 2881 ut

282 2892 454 2943 syllabam
477 2905 554 2930 non
575 2894 763 2931 offendam
779 2922 790 2938 ‚
818 2896 855 2932 &
876 2903 1000 2943 aptum
1035 2896 1160 2942 auguri
1182 2906 1324 2931 nomen

278 2944 426 2981 faciam.
463 2944 562 2986 ἦθεῖος
592 2945 692 2981 enim
722 2945 865 2981 divinus
897 2946 1163 2992 interpretatur.
1218 2945 1326 2981 Con-

282 2995 600 3034 snmfmms.
652 2994 845 3045 Ethionque
876 2995 1056 3031 meliores.
1098 2995 1226 3042 Lege,
1254 2999 1326 3030 Ae-

281 3045 381 3082 thion
396 3073 406 3089 ,
433 3044 572 3083 Αἷθίων.
596 3045 728 3082 Statius
749 3046 910 3082 imitatus
934 3045 1058 3081 Theb.
1081 3056 1152 3080 vn.
1176 3044 1326 3092 genitus-

284 3111 348 3145 que
378 3095 572 3133 Heliconide
604 3095 773 3145 Nymphai
797 3094 973 3140 Aethion,
1003 3095 1155 3145 caesoque
1175 3095 1320 3141 infamis

274 3150 394 3192 fratre
415 3147 558 3195 Polytes.
588 3147 733 3183 Hiems.

338 3208 418 3244 147.
446 3203 541 3234 Tunc
562 3211 630 3233 ave
659 3197 809 3246 deceptus
822 3195 961 3245 falsass]
991 3202 1096 3233 Nunc
1119 3208 1163 3234 ex
1188 3196 1321 3233 melio-

280 3248 384 3284 ribus.
414 3247 561 3285 Hmns.
603 3247 701 3285 Vide
720 3246 767 3284 ad
785 3247 895 3295 Epist.
919 3259 1031 3284 xvm.
1054 3259 1114 3296 95.
1143 3248 1319 3286 Ceterum

283 3297 450 3353 expreffit
470 3298 568 3337 hunc
590 3299 718 3337 locum
739 3297 841 3337 Silius
860 3298 919 3336 lib.
947 3310 981 3335 v.
1006 3310 1091 3347 405.

1441 1730 1582 1766 Vixerat
1602 1729 1658 1766 ille
1678 1730 1740 1766 diu
1755 1740 1883 1780 pauper
1896 1759 1907 1776 ‚
1926 1732 2104 1780 firutator
2121 1744 2295 1782 aquarum
2310 1759 2322 1777 ,

1435 1780 1574 1867 Decelssit
1594 1780 1693 1817 tellus
1705 1808 1717 1826 ‚
1744 1783 1890 1819 moriens
1909 1782 2097 1834 hiemesque
2118 1783 2275 1833 notofijue

1436 1836 1512 1866 Lau
1538 1840 1590 1868 at.

1383 1880 1430 1918 Et
1453 1880 1537 1925 787.

1436 1937 1622 1982 Deceptum
1655 1934 1721 1971 tibi
1741 1934 1869 1971 Phoebe
1887 1934 2018 1980 larem,
2035 1934 2222 1985 poenafipte
2234 1935 2404 1982 nefandae

1436 1984 1596 2033 Conjugis
1610 2013 1620 2029 ‚
1648 1985 1892 2034 &pulchrum
1914 1986 1991 2022 nati
2013 1986 2207 2022 commendo
2220 1987 2391 2032 furorem.

1384 2034 1432 2070 Et
1452 2034 1700 2072 eodemlibro
1730 2048 1807 2084 157.
1836 2041 2018 2085 Deceptum
2038 2036 2148 2073 larem
2170 2036 2319 2073 dixerat.
2346 2036 2428 2073 Au-

1375 2084 1452 2122 son.
1474 2093 1612 2133 parent.
1641 2098 1676 2133 9.
1715 2092 1758 2122 Te
1788 2087 1947 2132 Juvenis
1971 2087 2092 2136 primis
2113 2086 2188 2122 luxi
2210 2086 2360 2135 deceptus
2384 2087 2422 2123 in

1379 2136 1492 2172 annis.
1523 2135 1621 2173 Vide
1654 2148 1747 2185 quae
1778 2137 1823 2174 de
1844 2137 1917 2174 hoc
1940 2137 2052 2174 verbo
2074 2136 2165 2174 olim
2189 2136 2234 2173 ad
2257 2137 2419 2175 Petronii

1380 2198 1458 2234 cap.
1484 2198 1566 2223 cXV.
1604 2188 1815 2225 notavimus
1838 2215 1849 2232 ‚
1888 2188 1927 2224 ὅ(
1955 2199 2072 2236 nuper
2099 2187 2145 2224 ad
2170 2186 2267 2225 Vell.
2288 2188 2425 2225 Patere.

1384 2238 1530 2274 11.116.
1558 2237 1689 2275 BURM.

1432 2299 1509 2332 147.
1536 2289 1694 2338 Regisque
1706 2287 1898 2338 Thoastes.]
1938 2288 2104 2336 choristes
2124 2287 2303 2327 Planudes
2317 2317 2327 2334 ,
2341 2300 2417 2327 non

1377 2337 1541 2383 Thoastes.
1571 2339 1760 2378 Nau-om.

1428 2389 1506 2436 148.
1533 2390 1721 2440 Agyrtes.]
1752 2390 2058 2428 Nomeninfami
2079 2390 2158 2428 viro
2183 2390 2419 2428 conveniens:

1375 2437 1541 2485 ἀγύρτκς
1574 2441 1673 2477 enim
1705 2441 1951 2489 praestigiator
1979 2449 2147 2479 vocatur.
2180 2442 2419 2478 Consum.

1376 2490 1579 2529 FANENsxs.
1611 2491 1714 2539 Caefi)
1737 2492 1892 2539 explicat
1915 2493 2101 2530 Fontanus
2121 2491 2182 2528 vel
2204 2503 2225 2529 a
2246 2490 2416 2528 carnifice

1377 2551 1525 2590 propter
1548 2542 1698 2590 capitale
1720 2543 1860 2579 facinus
1875 2569 1884 2585 ‚
1923 2542 1983 2579 vel
2004 2542 2047 2579 ab
2069 2541 2144 2591 ipso
2167 2541 2241 2579 filio
2255 2570 2266 2587 ,
2290 2550 2329 2579 ut
2340 2552 2418 2590 par-

1377 2592 1529 2629 ricidam
1553 2601 1673 2637 notet,
1694 2592 1796 2642 quod
1816 2592 2057 2629 verosimilius
2078 2599 2183 2640 puto.

1435 2655 1516 2691 150.
1543 2644 1738 2691 Conjurata
1761 2644 1912 2692 tendique
1925 2651 2086 2691 pugnant
2108 2641 2305 2691 Agmina]
2334 2642 2418 2679 Ma-

1378 2692 1468 2736 lim,
1488 2693 1689 2742 jurataque.
1721 2703 1807 2728 nam
1840 2700 1980 2728 veteres
2012 2692 2158 2740 plurimi
2183 2721 2193 2737 ‚
2220 2694 2416 2741 conjurata-

1380 2755 1454 2791 que.
1483 2742 1585 2790 quod
1606 2740 1783 2789 glossema
1813 2741 1861 2779 est
1884 2742 2038 2780 alterius.
2066 2741 2114 2780 fic
2137 2743 2232 2791 apud
2244 2743 2415 2781 Nostrum

1380 2793 1418 2829 in
1440 2791 1639 2829 Amotibus
1664 2803 1708 2828 11.
1734 2804 1849 2830 xvxxx.
1875 2805 1909 2831 2.

1432 2843 1620 2892 Primaque
1633 2843 1766 2892 juratis
1788 2843 1906 2880 induis
1925 2856 2028 2881 arma
2049 2844 2150 2881 viris.

1382 2892 1581 2943 quomodo
1604 2894 1641 2931 ὃς
1664 2893 1756 2930 libro
1779 2905 1839 2931 xv.
1865 2894 1947 2943 763.
1973 2896 2071 2933 forte
2092 2893 2345 2939 scribendum,

1637 2944 1732 2980 vidit
1754 2958 1883 2995 quoque
1903 2945 1995 2993 triste
2008 2945 2134 2995 parari

1431 2994 1596 3042 Pontifici
1617 2994 1725 3030 letum
1742 3022 1753 3039 ‚
1773 2997 1966 3045 jurataque
1986 3010 2088 3032 arma
2103 2996 2239 3045 parari.

1382 3056 1468 3081 cum
1500 3044 1537 3081 in
1567 3045 1699 3093 scriptis
1734 3046 1947 3094 quibusdam
1982 3045 2094 3083 exstet
2118 3074 2128 3090 ‚
2156 3043 2414 3097 conjurataque.

1374 3095 1534 3143 vulgati,
1558 3108 1602 3136 ω’
1622 3096 1816 3144 conjurata.
1839 3097 1877 3133 &
1897 3096 2023 3141 anr,
2041 3096 2136 3134 Met.
2151 3108 2208 3146 39.

1629 3146 1748 3183 timidi
1770 3157 1962 3184 commenta
1983 3146 2108 3183 retexit

1427 3196 1639 3245 Naupliades
1659 3197 1798 3243 animi,
1817 3198 2009 3247 jurataque
2029 3197 2144 3234 traxit
2162 3198 2212 3235 ad
2234 3210 2347 3235 arma.

1377 3255 1418 3285 ut
1440 3248 1585 3286 codices
1615 3248 1784 3288 nonnulli
1806 3247 2017 3299 agnoscunt.
2075 3248 2206 3288 Statius
2230 3248 2349 3287 Theb.
2370 3257 2414 3284 η.
2461 3263 2463 3266 >

1376 3311 1461 3348 490·

2259 3367 2320 3378 —
2338 3343 2413 3383 >exit
