2483 3616
327 146 1942 218 METAMORPHOSEONL1B.XV.
2091 182 2224 238 1027

73 278 171 344 fitis
195 293 210 323 .·
242 276 463 340 resolutam
495 278 604 322 enim
635 271 826 318 tellurem
858 272 903 317 in
935 287 1067 332 aquas
1099 272 1245 329 abire3
1291 278 1307 298 ⁰
1343 280 1612 319 attenuatam
1642 287 1797 334 aquam
1817 274 1997 333 efficere3
2036 280 2090 332 &³
2112 286 2216 331 aum

87 342 230 404 rursus
244 357 323 404 per
345 341 528 389 eumdem
549 336 733 384 ordinem
755 338 889 382 retexi
910 352 925 382 .·
945 336 1175 397 sptffittum
1200 340 1332 399 ignem
1356 340 1466 384 enim
1490 341 1535 383 in
1557 340 1659 383 aera
1685 340 1826 396 verti,
1860 339 1966 386 hunc
1987 345 2212 408 inaquam,

85 409 195 454 hanc
226 411 271 455 in
304 418 462 454 terram
494 402 650 449 abire:
692 410 905 462 ceteraque
937 416 1076 447 rerum
1100 402 1274 462 perinde
1308 405 1482 448 variari
1503 422 1520 457 3
1567 417 1671 463 quae
1705 413 1862 462 tempus
1895 415 1972 449 aut
2006 403 2023 430 d
2056 422 2213 458 natum

86 482 271 532 acceptas
305 473 359 518 ab
391 469 512 517 initio
533 465 674 528 facies
706 469 812 531 cogit
833 468 1046 513 amittere.
1079 471 1096 491 e
1129 466 1270 512 eadem
1291 466 1549 524 fluminibus
1570 470 1728 529 etiam,
1752 466 1946 529 fontibus
1967 484 2018 516 ac
2040 479 2212 522 terrenis

84 538 181 585 locis
202 537 396 585 accidere.

513 658 746 715 Uattuor
770 670 1016 714 aeternus
1044 659 1287 732 genitalia
1312 673 1540 730 corpora
1566 659 1796 715 mundus

225 755 333 806 240
377 664 509 814 Q
526 732 802 788 Continet.
843 732 1030 786 exiliis
1058 732 1170 786 duo
1197 732 1313 785 sunt
1340 730 1589 794 onerosa,
1623 732 1825 803 suoque

375 808 626 864 Pondere
650 807 706 860 in
727 804 975 866 inferiUS‚
1016 804 1171 858 tellus
1199 816 1358 875 atque
1384 802 1555 864 unda,
1592 803 1869 859 feruntur:

370 881 444 936 Et
471 878 702 935 totidem
727 876 988 948 gravitate
1013 877 1228 938 carent;
1270 875 1525 948 nulloque
1551 889 1829 946 premente

368 954 495 1008 Alta
517 961 734 1025 petunt,
771 952 890 1012 aer,
929 961 1088 1020 atque
1113 952 1234 1002 ae're
1257 948 1442 1018 purior
1464 948 1613 1019 ignis,

372 1026 528 1098 Quae
554 1037 878 1095 quamquam
900 1019 1067 1092 spatio
1096 1019 1317 1082 distant;
1359 1032 1537 1074 tamen
1566 1021 1743 1076 omnia
1768 1021 1903 1078 fiunt

227 1115 330 1169 245
371 1098 457 1152 Ex
482 1095 630 1168 ipfis;
670 1094 726 1147 δε
751 1093 806 1147 in
830 1092 936 1164 ipsa
960 1092 1174 1147 cadunt.
1214 1092 1548 1165 resolutaque
1575 1093 1729 1148 tellus

371 1170 431 1224 In
454 1166 676 1242 liquidas
703 1165 923 1221 rorescit
949 1183 1145 1238 aquas:

1186 1177 1431 1219 tenuatus
1455 1166 1511 1219 in
1538 1183 1687 1219 auras

369 1244 624 1313 Aeraque
647 1239 843 1294 humor
869 1237 976 1291 abit
1002 1256 1013 1291 :
1056 1237 1244 1292 demto
1270 1255 1490 1310 quoque
1521 1237 1764 1310 pondere
1790 1238 1962 1295 rursus

374 1315 434 1370 In
458 1315 673 1387 superos
700 1315 789 1367 ae'r
816 1308 1149 1367 tenuiffimus
1175 1311 1366 1366 emicat
1391 1311 1555 1383 igneS.

134 1524 177 1564 ‘A
188 1525 321 1575 juvene
336 1525 380 1565 &⁸
399 1523 516 1575 cupido
536 1524 697 1563 credatur
717 1523 856 1563 reddita
877 1520 1003 1573 Virgo?

89 1575 140 1617 Et
157 1576 266 1626 Epist.
286 1587 365 1614 xw.
389 1587 468 1622 127.

195 1634 237 1662 Te
258 1626 373 1675 rapuit
394 1627 545 1674 Theseus.
596 1627 646 1664 Et
663 1627 716 1670 jis.
741 1638 822 1674 151.
1119 1674 1126 1675 ἶ

137 1675 242 1725 Qod
252 1677 366 1725 rapuit
378 1704 389 1721 ‚
406 1676 524 1713 laudo:
537 1676 645 1714 miror
656 1705 667 1722 ‚
685 1677 775 1726 quod
783 1674 935 1713 reddidit
946 1674 1133 1725 umquam-⁴

192 1731 280 1763 Tam
300 1725 388 1763 bona
408 1727 598 1776 constanter
614 1727 744 1777 praeda
767 1726 915 1764 tenenda
928 1726 1020 1772 fuit.

2099 1382 2228 1441 Inde

1243 1522 1329 1573 238.
1355 1521 1505 1561 Animos
1525 1522 1685 1561 adhibete
1706 1522 1860 1573 docebo]
1902 1521 2074 1571 Virgilius
2092 1521 2152 1560 lib.
2174 1528 2231 1562 xt.'

1193 1585 1278 1625 315.
1329 1578 1376 1610 Et
1389 1575 1531 1624 paucis,
1560 1574 1694 1612 animos
1706 1574 1887 1617 adhibete,
1913 1572 2040 1611 docebo.
2063 1574 2233 1621 C101=AN2

1242 1633 1258 1652 a
1285 1623 1507 1674 Elementa]
1537 1631 1697 1674 Tempora
1718 1625 1757 1662 in
1773 1623 1890 1674 species
1909 1624 2029 1662 Parm.

1241 1675 1259 1702 b
1285 1674 1480 1724 Motibus.]
1511 1680 1618 1721 Docet
1639 1675 1788 1712 motibus
1811 1674 1948 1711 Colon.

1240 1733 1258 1753 c
1284 1725 1564 1775 Attenuatum.]
1594 1731 1796 1763 Attenuata
1814 1724 1934 1773 efficere
1952 1723 2062 1773 ignem
2077 1751 2087 1768 ,
2116 1723 2236 1772 rursus

90 1776 240 1815 Deinde
274 1775 294 1814 a
324 1777 476 1821 Paride,
505 1778 607 1826 cujus
626 1786 769 1825 raptum
793 1778 965 1815 omnium
991 1776 1135 1824 optime
1188 1786 1224 1827 p.
1243 1790 1270 1814 e.
1288 1790 1316 1814 o.
1337 1790 1365 1813 r.
1392 1777 1537 1826 spissata
1565 1777 1657 1814 enim
1688 1777 1726 1813 in
1751 1779 1834 1813 a'e'ra
1853 1785 1946 1812 vertt
1973 1776 2091 1812 Parm.
2113 1773 2236 1821 Lugd.

92 1827 296 1875 persecutus
334 1827 382 1864 est
424 1828 605 1866 Coluthus
644 1828 834 1867 Thebeus.
874 1827 1071 1876 Legendus
1097 1828 1155 1865 &.
1192 1836 1416 1864 attenuatam
1445 1826 1568 1874 efficere
1599 1827 1734 1875 ignem,
1764 1826 1853 1873 rurs
1876 1835 1909 1874 p.
1935 1839 1962 1862 e.
1983 1838 2011 1862 ο.
2032 1838 2062 1862 ν.
2089 1823 2239 1873 Micyil.

95 1877 344 1924 Apollodorus
365 1877 426 1915 lib.
446 1879 568 1916 tertio.
595 1879 764 1917 CxorAN.

146 1937 231 1986 334.
265 1932 406 1976 Tempus
439 1928 568 1976 edax.]
620 1930 800 1976 Expressit
836 1936 994 1977 etymon
1034 1927 1137 1966 verbi

99 1986 234 2031 xpovov.
260 1975 428 2024 Tempus
459 1979 559 2015 enim
594 1981 723 2017 omnia
745 1980 907 2018 corrodit
934 1990 976 2017 ac
1009 1978 1139 2017 consu-

108 2032 189 2063 mit.
217 2023 334 2062 IDEM.

137 2085 236 2131 ⁵234.
264 2080 380 2122 Tuque
398 2074 569 2125 invidiosa
590 2078 781 2129 vetustas.]
810 2079 892 2117 Lib.
905 2079 1058 2116 Caelest.
1081 2085 1139 2115 In-

103 2124 239 2182 vidiosa
259 2125 423 2181 seneffius.
459 2126 551 2164 Illud
579 2131 692 2178 magis
712 2131 842 2178 probo.
871 2130 987 2168 IDEM.
1017 2130 1136 2173 Mox,

106 2187 224 2212 omma
243 2174 392 2223 destituis
412 2175 588 2223 Junianus
607 2179 730 2217 &duo
753 2180 844 2218 libri.
870 2180 930 2218 sed
950 2180 1042 2217 nihil
1059 2192 1141 2217 rnu-

101 2225 271 2264 tandum'.

151 2277 239 2325 236.
266 2281 376 2313 Lenta
395 2276 589 2326 consu-mitis
607 2279 750 2329 morte]
779 2281 835 2318 Sic
856 2281 893 2319 &
912 2280 1043 2328 scripti.
1070 2279 1141 2317 Pu-

101 2326 223 2365 tabam
242 2335 366 2365 tamen
384 2354 393 2371 ,
421 2328 510 2365 lento
528 2331 652 2377 morsu.
678 2337 718 2367 ut
737 2330 865 2377 perstet
884 2332 921 2367 in
940 2330 1143 2378 Metapho-

102 2389 141 2415 ra
180 2377 226 2416 de
257 2377 424 2416 dentibus
453 2379 492 2415 &
518 2378 695 2418 edacitate
725 2381 915 2428 temporis.
952 2383 1143 2428 consumere

105 2428 230 2475 morsu.
256 2436 296 2466 ut
315 2428 377 2465 lib.
392 2439 552 2478 xv.>113.

154 2482 201 2514 Et
210 2479 376 2526 ftelerata
386 2479 463 2526 fero
482 2480 665 2528 consumite
681 2480 813 2529 viscera
834 2481 957 2528 morsu.

105 2527 264 2566 Codices
283 2537 408 2567 tamen
429 2531 612 2575 nonnulli,
631 2530 719 2568 tabe.
745 2530 847 2580 quod
866 2541 986 2578 neque
1005 2538 1146 2568 temere

103 2578 384 2627 repudiandum.
412 2580 598 2618 Arnobius
616 2581 708 2619 libro
730 2593 777 2619 11.
805 2587 875 2617 Nos
895 2580 1148 2618 immunesma·

108 2628 151 2665 lis
179 2627 224 2664 ab
254 2628 307 2665 his
327 2629 473 2676 sumus,
511 2641 554 2669 ω’
575 2645 643 2668 non
662 2632 778 2668 eadem
799 2631 932 2668 ratione
955 2630 1149 2667 morborum

107 2678 445 2716 incommoditatibus
468 2681 673 2730 frangimur
693 2709 704 2726 ,
738 2694 781 2721 ξφ
802 2681 988 2729 seneoiutis
1010 2681 1151 2727 destrui-

111 2741 191 2765 mur
213 2729 289 2765 tabe
303 2739 323 2767 3
359 2730 507 2768 Hiems.
536 2732 647 2780 Nigra
666 2742 773 2769 morte
794 2732 903 2769 Paiat.
925 2731 992 2768 sec.
1014 2732 1052 2769 &
1072 2731 1147 2769 cluo

111 2778 184 2816 alii.
201 2779 346 2826 summa
369 2780 509 2818 Medic.
529 2793 633 2819 unus.

160 2828 248 2877 238.
275 2830 439 2877 Qtasque
476 2831 567 2868 vices
599 2831 807 2881 peragant.]
861 2832 973 2869 Liber
1013 2844 1116 2869 meus
1138 2860 1149 2876 ‚

112 2881 278 2928 §Quasque
303 2880 382 2914 vias
407 2888 580 2927 peragant.
608 2883 711 2920 Nihil
739 2891 860 2920 muto.
889 2882 1062 2920 lislanilius
1088 2882 1148 2920 sub

112 2930 331 2978 principium
355 2928 415 2965 lib.
437 2940 461 2964 1.

164 2981 326 3029 §Quasque
345 2979 435 3015 vices
456 2989 591 3027 agerent
618 2991 707 3017 certa
719 2983 783 3028 sub
802 2983 866 3032 lege
885 2983 1037 3021 notavit.

113 3029 281 3067 Cxomi.
313 3029 390 3065 Vias
417 3030 527 3066 etiarn
551 3030 625 3067 duo
648 3031 804 3069 codices.
830 3035 902 3072 vid.
926 3035 970 3072 ad
985 3034 1148 3072 Halieut.

112 3091 172 3167 ‘lt-:lr-
203 3081 240 3118 &
261 3081 346 3118 infr·
367 3079 421 3121 Jl's·
445 3091 525 3128 344.
547 3088 713 3130 peragunt
733 3089 888 3127 quatuor
907 3085 998 3122 libri,
1026 3086 1148 3123 Valer.

158 3141 208 3167 ac.
228 3143 254 3167 1.
277 3143 359 3178 505.

161 3186 299 3216 Summe
308 3188 408 3228 sator
422 3208 431 3222 ,
460 3179 512 3215 cui
532 3179 641 3226 nostra
662 3179 751 3223 dies,
781 3179 1003 3217 volventibus
1021 3186 1124 3223 annis
1137 3213 1148 3231 ,

165 3235 225 3265 Tot
240 3232 367 3278 peragit
389 3230 559 3279 reficitque
581 3231 684 3267 vices.

116 3279 188 3318 vid.
207 3280 251 3318 ad
271 3281 430 3320 eundem
448 3281 502 3325 ys.
518 3280 602 3330 283.
620 3280 783 3329 ejusdem
803 3280 894 3319 libri.
920 3279 1052 3321 Eum.

1189 1879 1254 1915 has
1267 1888 1428 1915 tenuatus
1439 1879 1550 1926 ignem
1563 1877 1683 1925 efficere
1695 1906 1706 1922 ‚
1734 1877 1917 1925 rursusque
1934 1883 1967 1923 p.
1982 1887 2008 1912 e.
2023 1887 2050 1911 0.
2062 1888 2091 1912 r.
2119 1880 2235 1922 Ignem

1192 1929 1285 1967 enim
1303 1928 1326 1966 i.
1346 1941 1381 1966 a.
1397 1943 1434 1966 v.
1454 1940 1525 1968 effic.
1552 1942 1591 1964 m
1611 1939 1742 1965 terram
1763 1925 1873 1963 redire
1902 1925 2040 1962 Colon.

1246 1978 1264 2006 d
1292 1979 1473 2029 Natura]
1514 1985 1658 2015 Natura
1688 1978 1754 2014 vix
1782 1990 1815 2014 a.
1833 1988 1866 2012 a.
1890 1976 1911 2012 i.
1932 1977 1965 2020 f.
2000 1983 2091 2022 cogat
2114 1973 2237 2012 Parmss

1195 2030 1316 2078 Lugd.
1341 2030 1379 2066 δε
1399 2029 1530 2079 Micyl.
1547 2028 1607 2066 sed
1628 2029 1696 2065 hae
1719 2027 1810 2075 duae
1835 2026 1929 2074 cogit.
1941 2034 2088 2061 naturae
2099 2024 2236 2064 visa-c.

1195 2090 1290 2128 cogat
1309 2078 1447 2116 Colon.

1247 2136 1264 2156 e
1292 2128 1462 2175 Eadem]
1500 2128 1630 2163 Eadem
1650 2125 1807 2175 flumina
1835 2138 1875 2161 ac
1897 2126 2012 2171 fontes
2037 2125 2074 2161 in
2104 2133 2238 2161 terram

1197 2177 1312 2226 cursus
1340 2177 1505 2222 occulere,
1542 2180 1658 2226 rursus
1679 2177 1772 2223 facit
1801 2176 1847 2213 ad
1860 2175 1994 2225 fitpcros
2014 2174 2138 2223 refilire
2159 2175 2240 2220 Cot

1199 2230 1279 2267 lon.

1246 2291 1332 2329 239.
1359 2277 1572 2328 Genitalia.]
1604 2276 1765 2314 Genialia
1788 2287 1890 2314 unus.
1907 2275 2079 2324 generalia
2099 2275 2204 2313 off'tm

1249 2342 1331 2375 244.
1360 2329 1540 2379 Distant.]
1570 2328 1706 2375 Distent
1732 2328 1856 2365 Vatic.
1874 2327 2013 2364 Medic.
2038 2328 2076 2364 &
2097 2325 2240 2371 diffide-1

1200 2381 1271 2418 cim
1294 2381 1364 2419 alii.

1250 2432 1333 2475 246.
1363 2437 1402 2467 In
1423 2429 1577 2479 liquidas
1596 2427 1736 2478 rarescit
1754 2426 1902 2477 aquas.]
1935 2425 2077 2473 Rorescit
2088 2426 2244 2465 Thuanl

1200 2480 1360 2529 inarescit
1380 2493 1472 2518 unus
1493 2481 1643 2518 Moreti.
1670 2480 1886 2528 rarescentem
1907 2487 2037 2514 terram
2053 2475 2243 2525 siccescenti

1202 2532 1337 2568 Plinius
1364 2532 1521 2578 opponit
1548 2531 1607 2568 lib.
1631 2541 1747 2568 xvxii.
1778 2540 1853 2577 cap.
1880 2540 1938 2578 33.
1975 2528 2136 2575 rarescere
2168 2528 2243 2564 hoc

1204 2581 1304 2618 sensu
1332 2591 1379 2618 an
1408 2581 1541 2618 Latine
1567 2580 1706 2618 dicatur
1734 2579 1874 2618 dubito.
1903 2580 2048 2616 Hems.
2074 2576 2244 2626 clarescit

1205 2631 1367 2669 Patavin.

1256 2682 1338 2728 246.
1368 2686 1545 2718 Tenuatur
1572 2680 1610 2717 in
1641 2693 1769 2724 auras,
1799 2682 1965 2730 Aeraque
1981 2678 2105 2715 humor
2127 2676 2241 2725 ahit.]

1205 2731 1260 2769 Ita
1292 2732 1454 2780 plerique
1484 2731 1628 2769 codices
1649 2732 1806 2774 habent,
1835 2742 1957 2779 neque
1977 2728 2150 2766 reclamat
2169 2729 2244 2781 Re-

1204 2784 1304 2831 gius,
1334 2783 1423 2820 mihi
1442 2794 1530 2819 vero
1552 2782 1600 2819 fic
1617 2781 1815 2829 legendum
1838 2781 1981 2818 videtur
1996 2807 2004 2821 ‚
2033 2785 2194 2814 tenuatus
2206 2788 2245 2811 m

1205 2846 1330 2877 auras,
1359 2836 1526 2881 Aeraque
1557 2832 1681 2868 humor
1700 2832 1797 2876 abit,
1821 2840 1861 2869 ut
1880 2830 2142 2874 intelligamus,
2172 2832 2245 2861 ter-

1205 2895 1281 2920 rain
1314 2883 1524 2921 rarefactam
1557 2884 1593 2919 in
1623 2893 1780 2931 aquam,
1818 2890 1947 2927 aquam
1964 2878 2005 2931 ‘in
2029 2880 2175 2917 aerem,
2204 2875 2243 2910 &

1207 2934 1292 2972 inde
1322 2937 1445 2971 aerem
1465 2934 1501 2970 in
1525 2934 1650 2981 ignem
1669 2933 1826 2969 transire.
1854 2927 1890 2964 id
1913 2936 2010 2962 enim
2032 2923 2245 2978 &sequen-

1204 2986 1253 3022 tia
1273 2985 1448 3033 probant,
1477 2995 1560 3021 curn
1586 2984 1659 3021 ait,
1694 2978 1781 3025 ignis
1807 2977 1897 3013 enim
1927 2974 2067 3022 densum
2086 2974 2245 3028 spissatus

1201 3034 1241 3071 in
1270 3038 1352 3072 a'e'ra
1382 3034 1526 3071 transit.
1570 3031 1742 3065 chru..
1781 3027 1898 3074 Magis
1928 3025 2044 3074 placet
2072 3023 2172 3066 adit,
2202 3030 2243 3061 ul:

1203 3085 1370 3123 nonnulli
1393 3082 1536 3118 codices
1557 3078 1716 3121 habent,
1743 3077 1828 3124 quia
1849 3077 1976 3114 eadem
1993 3074 2168 3111 sententia
2188 3073 2246 3111 di-

1203 3135 1258 3172 eta
1287 3135 1335 3169 est
1356 3132 1523 3177 superius.
1550 3139 1636 3165 num
1664 3137 1829 3163 tenuatur
1850 3127 1887 3164 in
1905 3137 2008 3162 auras
2027 3124 2150 3159 humor
2166 3151 2175 3167 ‚
2205 3124 2244 3160 δε

1204 3185 1327 3219 humor
1347 3181 1421 3216 abit
1443 3180 1480 3216 in
1502 3182 1584 3215 aera
1598 3206 1607 3221 ‚
1638 3179 1736 3215 idem
1758 3178 1804 3215 est
1817 3178 1969 3225 penitus.
1988 3174 2134 3210 CONST.
2153 3174 2250 3210 FAN.

1206 3233 1309 3271 idem
1340 3231 1427 3268 liber
1460 3241 1563 3267 meus
1599 3231 1636 3265 ὃς
1678 3229 1766 3276 Cap.
1794 3230 1957 3275 Aeraque
1987 3223 2108 3260 humor
2135 3223 2250 3260 habet.

1208 3282 1324 3332 Quod
1342 3281 1471 3320 rectius
1484 3289 1588 3327 puto.
1616 3278 1822 3325 Nonnulli,
1850 3274 2148 3326 A'e‘raquehumor
2160 3274 2250 3311 adit.

1390 3331 1609 3368 Oooooo
1639 3341 1661 3380 2*
2080 3325 2251 3374 Ciofeiug
